  <div class='ocr_page' id='page_1' title='image "/cluster/home/n/w/nwhite01/storage/ocr_20150623/39/hvd.32044019207778/187.png"; bbox 0 0 3766 6312; ppageno 0'>
   <div class='ocr_carea' id='block_1_1' title="bbox 442 281 3709 351">
    <p class='ocr_par' dir='ltr' id='par_1_1' title="bbox 442 281 3709 351">
     <span class='ocr_line' id='line_1_1' title="bbox 442 281 3709 351; baseline -0.004 -8"><span class='ocrx_word' id='word_1_1' title='bbox 442 292 548 351; x_wconf 76' lang='lat'><strong>359</strong></span> <span class='ocrx_word' id='word_1_2' title='bbox 1692 283 1925 338; x_wconf 74' lang='lat' dir='ltr'><strong>DIDYMI</strong></span> <span class='ocrx_word' id='word_1_3' title='bbox 1967 281 2441 336; x_wconf 73' lang='lat' dir='ltr'><strong>ALEXANDRINI</strong></span> <span class='ocrx_word' id='word_1_4' title='bbox 3615 288 3709 342; x_wconf 65' lang='lat' dir='ltr'><strong>scr,</strong></span> 
     </span>
    </p>
   </div>
   <div class='ocr_carea' id='block_1_2' title="bbox 444 398 2004 476">
    <p class='ocr_par' dir='ltr' id='par_1_2' title="bbox 444 403 2004 476">
     <span class='ocr_line' id='line_1_2' title="bbox 444 403 2004 476; baseline -0.005 -15"><span class='ocrx_word' id='word_1_5' title='bbox 444 421 608 472; x_wconf 88' lang='lat' dir='ltr'><strong>runt,</strong></span> <span class='ocrx_word' id='word_1_6' title='bbox 647 405 751 476; x_wconf 94' lang='grc'><strong>55</strong></span> <span class='ocrx_word' id='word_1_7' title='bbox 783 415 829 457; x_wconf 88' lang='lat' dir='ltr'><strong>et</strong></span> <span class='ocrx_word' id='word_1_8' title='bbox 860 404 1296 457; x_wconf 74' lang='lat' dir='ltr'><strong>exacerbaverunt</strong></span> <span class='ocrx_word' id='word_1_9' title='bbox 1333 403 1594 472; x_wconf 79' lang='lat' dir='ltr'><strong>Spiritum</strong></span> <span class='ocrx_word' id='word_1_10' title='bbox 1640 414 1899 455; x_wconf 85' lang='lat' dir='ltr'><strong>sanctum.</strong></span> <span class='ocrx_word' id='word_1_11' title='bbox 1954 403 2004 455; x_wconf 66' lang='lat' dir='ltr'><strong>sit</strong></span> 
     </span>
    </p>
   </div>
   <div class='ocr_carea' id='block_1_3' title="bbox 2130 398 3710 476">
    <p class='ocr_par' dir='ltr' id='par_1_3' title="bbox 2130 398 3710 473">
     <span class='ocr_line' id='line_1_3' title="bbox 2130 398 3710 473; baseline 0.002 -20"><span class='ocrx_word' id='word_1_12' title='bbox 2130 404 2143 453; x_wconf 80' lang='grc'><strong>5</strong></span> <span class='ocrx_word' id='word_1_13' title='bbox 2166 401 2353 471; x_wconf 79' lang='grc' dir='ltr'><strong>Σωτὴρ</strong></span> <span class='ocrx_word' id='word_1_14' title='bbox 2382 401 2436 453; x_wconf 84' lang='grc' dir='ltr'><strong>δὲ</strong></span> <span class='ocrx_word' id='word_1_15' title='bbox 2463 401 2590 471; x_wconf 82' lang='grc' dir='ltr'><strong>παρ’</strong></span> <span class='ocrx_word' id='word_1_16' title='bbox 2636 398 2879 469; x_wconf 81' lang='grc' dir='ltr'><strong>Ἰωάννῃ,</strong></span> <span class='ocrx_word' id='word_1_17' title='bbox 2906 398 3069 469; x_wconf 82' lang='grc' dir='ltr'><strong>μόνου</strong></span> <span class='ocrx_word' id='word_1_18' title='bbox 3095 399 3441 473; x_wconf 80' lang='grc' dir='ltr'><strong>μνημονεύει</strong></span> <span class='ocrx_word' id='word_1_19' title='bbox 3478 400 3582 453; x_wconf 81' lang='grc' dir='ltr'><strong>τοῦ</strong></span> <span class='ocrx_word' id='word_1_20' title='bbox 3610 402 3710 456; x_wconf 76' lang='grc' dir='ltr'><strong>θεῖ-</strong></span> 
     </span>
    </p>
   </div>
   <div class='ocr_carea' id='block_1_4' title="bbox 444 490 2004 566">
    <p class='ocr_par' dir='ltr' id='par_1_4' title="bbox 444 494 2004 566">
     <span class='ocr_line' id='line_1_4' title="bbox 444 494 2004 566; baseline -0.004 -13"><span class='ocrx_word' id='word_1_21' title='bbox 444 515 635 554; x_wconf 80' lang='lat' dir='ltr'><strong>rursus</strong></span> <span class='ocrx_word' id='word_1_22' title='bbox 669 517 680 551; x_wconf 94' lang='lat'>:</span> <span class='ocrx_word' id='word_1_23' title='bbox 718 497 991 550; x_wconf 73' lang='lat' dir='ltr'><strong>Descendit</strong></span> <span class='ocrx_word' id='word_1_24' title='bbox 1024 496 1133 566; x_wconf 70' lang='lat'><strong>(99)</strong></span> <span class='ocrx_word' id='word_1_25' title='bbox 1156 494 1384 561; x_wconf 88' lang='lat' dir='ltr'><strong>Spiritus</strong></span> <span class='ocrx_word' id='word_1_26' title='bbox 1415 514 1446 548; x_wconf 88' lang='lat' dir='ltr'><strong>a</strong></span> <span class='ocrx_word' id='word_1_27' title='bbox 1477 496 1695 548; x_wconf 89' lang='lat' dir='ltr'><strong>Domino</strong></span> <span class='ocrx_word' id='word_1_28' title='bbox 1719 535 1735 559; x_wconf 97' lang='lat'><strong>,</strong></span> <span class='ocrx_word' id='word_1_29' title='bbox 1775 506 1820 548; x_wconf 91' lang='lat' dir='ltr'><strong>et</strong></span> <span class='ocrx_word' id='word_1_30' title='bbox 1844 498 2004 547; x_wconf 87' lang='lat' dir='ltr'><strong>dedu-</strong></span> 
     </span>
    </p>
   </div>
   <div class='ocr_carea' id='block_1_5' title="bbox 2130 490 3709 566">
    <p class='ocr_par' dir='ltr' id='par_1_5' title="bbox 2130 490 3709 560">
     <span class='ocr_line' id='line_1_5' title="bbox 2130 490 3709 560; baseline 0.001 -15"><span class='ocrx_word' id='word_1_31' title='bbox 2130 492 2209 545; x_wconf 74' lang='grc' dir='ltr'><strong>(οὗ</strong></span> <span class='ocrx_word' id='word_1_32' title='bbox 2242 492 2377 545; x_wconf 75' lang='grc' dir='ltr'><strong>Πνεύ</strong></span> <span class='ocrx_word' id='word_1_33' title='bbox 2387 508 2572 560; x_wconf 83' lang='grc' dir='ltr'><strong>ματος,</strong></span> <span class='ocrx_word' id='word_1_34' title='bbox 2604 490 2806 559; x_wconf 82' lang='grc' dir='ltr'><strong>λέγων·</strong></span> <span class='ocrx_word' id='word_1_35' title='bbox 2849 490 3026 544; x_wconf 81' lang='grc' dir='ltr'><strong>Ὅταν</strong></span> <span class='ocrx_word' id='word_1_36' title='bbox 3054 490 3123 543; x_wconf 82' lang='grc' dir='ltr'><strong>δὲ</strong></span> <span class='ocrx_word' id='word_1_37' title='bbox 3152 493 3296 560; x_wconf 71' lang='grc' dir='ltr'><strong>ἔλθῃ</strong></span> <span class='ocrx_word' id='word_1_38' title='bbox 3328 491 3612 557; x_wconf 74' lang='grc' dir='ltr'><strong>ἐκεῖνος,</strong></span> <span class='ocrx_word' id='word_1_39' title='bbox 3651 492 3709 546; x_wconf 75' lang='grc' dir='ltr'><strong>τὸ</strong></span> 
     </span>
    </p>
   </div>
   <div class='ocr_carea' id='block_1_6' title="bbox 440 580 2004 650">
    <p class='ocr_par' dir='ltr' id='par_1_6' title="bbox 440 586 2004 647">
     <span class='ocr_line' id='line_1_6' title="bbox 440 586 2004 647; baseline -0.003 -4"><span class='ocrx_word' id='word_1_40' title='bbox 440 594 519 647; x_wconf 71' lang='lat' dir='ltr'><strong>xit</strong></span> <span class='ocrx_word' id='word_1_41' title='bbox 557 608 661 646; x_wconf 88' lang='lat' dir='ltr'><strong>eos.</strong></span> <span class='ocrx_word' id='word_1_42' title='bbox 682 589 876 642; x_wconf 83' lang='lat' dir='ltr'><strong>Paulus</strong></span> <span class='ocrx_word' id='word_1_43' title='bbox 927 603 1053 641; x_wconf 85' lang='lat' dir='ltr'><strong>vero</strong></span> <span class='ocrx_word' id='word_1_44' title='bbox 1097 587 1163 641; x_wconf 86' lang='lat' dir='ltr'><strong>ad</strong></span> <span class='ocrx_word' id='word_1_45' title='bbox 1184 586 1492 640; x_wconf 72' lang='lat' dir='ltr'><strong>Corinthios</strong></span> <span class='ocrx_word' id='word_1_46' title='bbox 1539 588 1770 641; x_wconf 81' lang='lat' dir='ltr'><strong>scribit:</strong></span> <span class='ocrx_word' id='word_1_47' title='bbox 1809 586 2004 641; x_wconf 86' lang='lat' dir='ltr'><strong>Carna-</strong></span> 
     </span>
    </p>
   </div>
   <div class='ocr_carea' id='block_1_7' title="bbox 2130 580 3709 650">
    <p class='ocr_par' dir='ltr' id='par_1_7' title="bbox 2130 580 3709 650">
     <span class='ocr_line' id='line_1_7' title="bbox 2130 580 3709 650; baseline 0 -15"><span class='ocrx_word' id='word_1_48' title='bbox 2130 583 2351 650; x_wconf 77' lang='grc' dir='ltr'><strong>Ἷνεῡμα</strong></span> <span class='ocrx_word' id='word_1_49' title='bbox 2384 581 2495 649; x_wconf 80' lang='grc' dir='ltr'><strong>τῆς</strong></span> <span class='ocrx_word' id='word_1_50' title='bbox 2547 581 2851 646; x_wconf 75' lang='grc' dir='ltr'><strong>ἀληθείας,</strong></span> <span class='ocrx_word' id='word_1_51' title='bbox 2910 581 3196 649; x_wconf 79' lang='grc' dir='ltr'><strong>ὁδηγήσει</strong></span> <span class='ocrx_word' id='word_1_52' title='bbox 3237 580 3409 650; x_wconf 51' lang='grc' dir='ltr'><strong>ὑμᾶς</strong></span> <span class='ocrx_word' id='word_1_53' title='bbox 3468 584 3566 646; x_wconf 81' lang='grc' dir='ltr'><strong>εις</strong></span> <span class='ocrx_word' id='word_1_54' title='bbox 3607 584 3709 647; x_wconf 74' lang='grc' dir='ltr'><strong>τὴν</strong></span> 
     </span>
    </p>
   </div>
   <div class='ocr_carea' id='block_1_8' title="bbox 444 671 2004 750">
    <p class='ocr_par' dir='ltr' id='par_1_8' title="bbox 444 676 2004 750">
     <span class='ocr_line' id='line_1_8' title="bbox 444 676 2004 750; baseline -0.002 -19"><span class='ocrx_word' id='word_1_55' title='bbox 444 682 505 735; x_wconf 85' lang='lat' dir='ltr'><strong>lis</strong></span> <span class='ocrx_word' id='word_1_56' title='bbox 537 682 612 750; x_wconf 91' lang='lat' dir='ltr'><strong>(I)</strong></span> <span class='ocrx_word' id='word_1_57' title='bbox 652 691 823 733; x_wconf 82' lang='lat' dir='ltr'><strong>autem</strong></span> <span class='ocrx_word' id='word_1_58' title='bbox 869 680 1020 731; x_wconf 84' lang='lat' dir='ltr'><strong>homo</strong></span> <span class='ocrx_word' id='word_1_59' title='bbox 1068 694 1171 730; x_wconf 85' lang='lat' dir='ltr'><strong>non</strong></span> <span class='ocrx_word' id='word_1_60' title='bbox 1230 678 1406 744; x_wconf 79' lang='lat' dir='ltr'><strong>recipit</strong></span> <span class='ocrx_word' id='word_1_61' title='bbox 1451 694 1567 745; x_wconf 68' lang='lat' dir='ltr'><strong>quia</strong></span> <span class='ocrx_word' id='word_1_62' title='bbox 1604 685 1722 729; x_wconf 90' lang='lat' dir='ltr'><strong>sunt</strong></span> <span class='ocrx_word' id='word_1_63' title='bbox 1780 676 2004 744; x_wconf 79' lang='lat' dir='ltr'><strong>Spiritus</strong></span> 
     </span>
    </p>
   </div>
   <div class='ocr_carea' id='block_1_9' title="bbox 2130 671 3707 750">
    <p class='ocr_par' dir='ltr' id='par_1_9' title="bbox 2130 671 3707 741">
     <span class='ocr_line' id='line_1_9' title="bbox 2130 671 3707 741; baseline -0.002 -14"><span class='ocrx_word' id='word_1_64' title='bbox 2130 673 2399 738; x_wconf 73' lang='grc' dir='ltr'><strong>ὶλήθεταν</strong></span> <span class='ocrx_word' id='word_1_65' title='bbox 2459 671 2682 727; x_wconf 78' lang='grc' dir='ltr'><strong>πᾶσαν.</strong></span> <span class='ocrx_word' id='word_1_66' title='bbox 2732 672 2840 723; x_wconf 69' lang='grc' dir='ltr'><strong>Καὶ</strong></span> <span class='ocrx_word' id='word_1_67' title='bbox 2890 673 2946 724; x_wconf 71' lang='grc' dir='ltr'><strong>αἱ</strong></span> <span class='ocrx_word' id='word_1_68' title='bbox 3000 671 3232 741; x_wconf 79' lang='grc' dir='ltr'><strong>Πράξεις</strong></span> <span class='ocrx_word' id='word_1_69' title='bbox 3268 672 3559 733; x_wconf 75' lang='grc' dir='ltr'><strong>ὡσαύτως</strong></span> <span class='ocrx_word' id='word_1_70' title='bbox 3589 675 3707 740; x_wconf 59' lang='grc' dir='ltr'><strong>πρὶ</strong></span> 
     </span>
    </p>
   </div>
   <div class='ocr_carea' id='block_1_10' title="bbox 446 762 2004 838">
    <p class='ocr_par' dir='ltr' id='par_1_10' title="bbox 446 765 2004 838">
     <span class='ocr_line' id='line_1_10' title="bbox 446 765 2004 838; baseline -0.006 -12"><span class='ocrx_word' id='word_1_71' title='bbox 446 774 577 836; x_wconf 85' lang='lat' dir='ltr'><strong>Dei;</strong></span> <span class='ocrx_word' id='word_1_72' title='bbox 610 784 660 825; x_wconf 86' lang='lat' dir='ltr'><strong>et</strong></span> <span class='ocrx_word' id='word_1_73' title='bbox 705 768 1097 838; x_wconf 53' lang='lat' dir='ltr'><strong>Stephanusﬂ)</strong></span> <span class='ocrx_word' id='word_1_74' title='bbox 1126 769 1175 820; x_wconf 92' lang='lat' dir='ltr'><strong>in</strong></span> <span class='ocrx_word' id='word_1_75' title='bbox 1200 770 1346 820; x_wconf 76' lang='lat' dir='ltr'><strong>Actis</strong></span> <span class='ocrx_word' id='word_1_76' title='bbox 1395 769 1471 819; x_wconf 86' lang='lat' dir='ltr'><strong>ait</strong></span> <span class='ocrx_word' id='word_1_77' title='bbox 1506 786 1517 819; x_wconf 93' lang='lat'><strong>:</strong></span> <span class='ocrx_word' id='word_1_78' title='bbox 1560 765 1657 819; x_wconf 78' lang='lat' dir='ltr'><strong>Vos</strong></span> <span class='ocrx_word' id='word_1_79' title='bbox 1693 766 1768 836; x_wconf 76' lang='lat' dir='ltr'><strong>t3)</strong></span> <span class='ocrx_word' id='word_1_80' title='bbox 1793 766 2004 828; x_wconf 77' lang='lat' dir='ltr'><strong>Spiritui</strong></span> 
     </span>
    </p>
   </div>
   <div class='ocr_carea' id='block_1_11' title="bbox 2130 762 3706 838">
    <p class='ocr_par' dir='ltr' id='par_1_11' title="bbox 2130 762 3706 835">
     <span class='ocr_line' id='line_1_11' title="bbox 2130 762 3706 835; baseline -0.003 -18"><span class='ocrx_word' id='word_1_81' title='bbox 2130 766 2297 818; x_wconf 76' lang='grc' dir='ltr'><strong>τούτου</strong></span> <span class='ocrx_word' id='word_1_82' title='bbox 2336 764 2429 835; x_wconf 69' lang='grc'><strong>[23</strong></span> <span class='ocrx_word' id='word_1_83' title='bbox 2466 763 2516 835; x_wconf 92' lang='lat' dir='ltr'><strong>b]</strong></span> <span class='ocrx_word' id='word_1_84' title='bbox 2582 763 2933 816; x_wconf 74' lang='grc' dir='ltr'><strong>πιστοῦνταιο</strong></span> <span class='ocrx_word' id='word_1_85' title='bbox 2972 762 3082 816; x_wconf 85' lang='grc' dir='ltr'><strong>Τοῦ</strong></span> <span class='ocrx_word' id='word_1_86' title='bbox 3128 763 3197 815; x_wconf 80' lang='grc' dir='ltr'><strong>δὲ</strong></span> <span class='ocrx_word' id='word_1_87' title='bbox 3230 762 3478 832; x_wconf 83' lang='grc' dir='ltr'><strong>Πέτρου</strong></span> <span class='ocrx_word' id='word_1_88' title='bbox 3515 764 3706 814; x_wconf 77' lang='grc' dir='ltr'><strong>διανο-</strong></span> 
     </span>
    </p>
   </div>
   <div class='ocr_carea' id='block_1_12' title="bbox 444 851 2004 927">
    <p class='ocr_par' dir='ltr' id='par_1_12' title="bbox 444 857 2003 927">
     <span class='ocr_line' id='line_1_12' title="bbox 444 857 2003 927; baseline -0.004 -12"><span class='ocrx_word' id='word_1_89' title='bbox 444 872 627 918; x_wconf 88' lang='lat' dir='ltr'><strong>sancto</strong></span> <span class='ocrx_word' id='word_1_90' title='bbox 665 863 926 913; x_wconf 76' lang='lat' dir='ltr'><strong>resistitis.</strong></span> <span class='ocrx_word' id='word_1_91' title='bbox 952 859 1013 911; x_wconf 87' lang='lat' dir='ltr'><strong>Et</strong></span> <span class='ocrx_word' id='word_1_92' title='bbox 1036 875 1221 912; x_wconf 84' lang='lat' dir='ltr'><strong>rursus</strong></span> <span class='ocrx_word' id='word_1_93' title='bbox 1250 877 1262 911; x_wconf 90' lang='lat'><strong>:</strong></span> <span class='ocrx_word' id='word_1_94' title='bbox 1295 859 1404 910; x_wconf 80' lang='lat' dir='ltr'><strong>Nos</strong></span> <span class='ocrx_word' id='word_1_95' title='bbox 1430 874 1607 910; x_wconf 85' lang='lat' dir='ltr'><strong>sumus</strong></span> <span class='ocrx_word' id='word_1_96' title='bbox 1641 857 1714 927; x_wconf 68' lang='lat'><strong>(4)</strong></span> <span class='ocrx_word' id='word_1_97' title='bbox 1742 868 1886 911; x_wconf 82' lang='lat' dir='ltr'><strong>testes</strong></span> <span class='ocrx_word' id='word_1_98' title='bbox 1914 860 2003 909; x_wconf 85' lang='lat' dir='ltr'><strong>lto</strong></span> 
     </span>
    </p>
   </div>
   <div class='ocr_carea' id='block_1_13' title="bbox 2130 851 3705 927">
    <p class='ocr_par' dir='ltr' id='par_1_13' title="bbox 2130 851 3705 926">
     <span class='ocr_line' id='line_1_13' title="bbox 2130 851 3705 926; baseline -0.003 -17"><span class='ocrx_word' id='word_1_99' title='bbox 2130 857 2367 926; x_wconf 76' lang='grc' dir='ltr'><strong>›υμένου</strong></span> <span class='ocrx_word' id='word_1_100' title='bbox 2390 856 2522 924; x_wconf 77' lang='grc' dir='ltr'><strong>περὶ</strong></span> <span class='ocrx_word' id='word_1_101' title='bbox 2549 855 2653 908; x_wconf 83' lang='grc' dir='ltr'><strong>τοῦ</strong></span> <span class='ocrx_word' id='word_1_102' title='bbox 2676 855 2963 923; x_wconf 76' lang='grc' dir='ltr'><strong>ῥήματος,</strong></span> <span class='ocrx_word' id='word_1_103' title='bbox 2989 851 3157 908; x_wconf 75' lang='grc' dir='ltr'><em>εἶπεν</em></span> <span class='ocrx_word' id='word_1_104' title='bbox 3171 854 3329 920; x_wconf 80' lang='grc' dir='ltr'><strong>αὐτῷ</strong></span> <span class='ocrx_word' id='word_1_105' title='bbox 3352 855 3433 908; x_wconf 83' lang='grc' dir='ltr'><strong>τὸ</strong></span> <span class='ocrx_word' id='word_1_106' title='bbox 3463 855 3705 921; x_wconf 80' lang='grc' dir='ltr'><strong>Πνεῦμα</strong></span> 
     </span>
    </p>
   </div>
   <div class='ocr_carea' id='block_1_14' title="bbox 448 945 2004 1017">
    <p class='ocr_par' dir='ltr' id='par_1_14' title="bbox 448 947 2004 1017">
     <span class='ocr_line' id='line_1_14' title="bbox 448 947 2004 1017; baseline -0.002 -14"><span class='ocrx_word' id='word_1_107' title='bbox 448 968 557 1003; x_wconf 84' lang='lat' dir='ltr'><strong>rum</strong></span> <span class='ocrx_word' id='word_1_108' title='bbox 600 950 903 1011; x_wconf 83' lang='lat' dir='ltr'><strong>verborum,</strong></span> <span class='ocrx_word' id='word_1_109' title='bbox 932 960 975 1000; x_wconf 88' lang='lat' dir='ltr'><strong>et</strong></span> <span class='ocrx_word' id='word_1_110' title='bbox 1004 947 1230 1014; x_wconf 87' lang='lat' dir='ltr'><strong>Spiritus</strong></span> <span class='ocrx_word' id='word_1_111' title='bbox 1270 958 1502 1000; x_wconf 87' lang='lat' dir='ltr'><strong>sanctus.</strong></span> <span class='ocrx_word' id='word_1_112' title='bbox 1547 948 1619 1000; x_wconf 78' lang='lat' dir='ltr'><strong>Eo</strong></span> <span class='ocrx_word' id='word_1_113' title='bbox 1663 949 1819 1017; x_wconf 85' lang='lat' dir='ltr'><strong>plane</strong></span> <span class='ocrx_word' id='word_1_114' title='bbox 1854 948 2004 1000; x_wconf 89' lang='lat' dir='ltr'><strong>modo</strong></span> 
     </span>
    </p>
   </div>
   <div class='ocr_carea' id='block_1_15' title="bbox 2130 945 3705 1017">
    <p class='ocr_par' dir='ltr' id='par_1_15' title="bbox 2130 945 3705 1016">
     <span class='ocr_line' id='line_1_15' title="bbox 2130 945 3705 1016; baseline -0.001 -19"><span class='ocrx_word' id='word_1_115' title='bbox 2130 948 2175 1002; x_wconf 71' lang='lat' dir='ltr'><strong>rd</strong></span> <span class='ocrx_word' id='word_1_116' title='bbox 2201 949 2401 1016; x_wconf 80' lang='grc' dir='ltr'><strong>ἅγιον·</strong></span> <span class='ocrx_word' id='word_1_117' title='bbox 2438 947 2717 1012; x_wconf 78' lang='grc' dir='ltr'><strong>Ἀναστὰς</strong></span> <span class='ocrx_word' id='word_1_118' title='bbox 2754 945 3055 1014; x_wconf 76' lang='grc' dir='ltr'><strong>κατάϐηθι,</strong></span> <span class='ocrx_word' id='word_1_119' title='bbox 3108 945 3204 1000; x_wconf 74' lang='grc' dir='ltr'><em>καὶ</em></span> <span class='ocrx_word' id='word_1_120' title='bbox 3256 948 3545 1015; x_wconf 78' lang='grc' dir='ltr'><strong>πορεύου</strong></span> <span class='ocrx_word' id='word_1_121' title='bbox 3592 948 3705 997; x_wconf 73' lang='grc' dir='ltr'><strong>σὺν</strong></span> 
     </span>
    </p>
   </div>
   <div class='ocr_carea' id='block_1_16' title="bbox 446 1036 2004 1110">
    <p class='ocr_par' dir='ltr' id='par_1_16' title="bbox 446 1039 2004 1110">
     <span class='ocr_line' id='line_1_16' title="bbox 446 1039 2004 1110; baseline 0.001 -20"><span class='ocrx_word' id='word_1_122' title='bbox 446 1060 549 1110; x_wconf 83' lang='lat' dir='ltr'><strong>quo</strong></span> <span class='ocrx_word' id='word_1_123' title='bbox 583 1043 761 1096; x_wconf 85' lang='lat' dir='ltr'><strong>dicere</strong></span> <span class='ocrx_word' id='word_1_124' title='bbox 802 1041 1179 1095; x_wconf 78' lang='lat' dir='ltr'><strong>consuevimus</strong></span> <span class='ocrx_word' id='word_1_125' title='bbox 1221 1057 1234 1092; x_wconf 90' lang='lat'>:</span> <span class='ocrx_word' id='word_1_126' title='bbox 1278 1039 1383 1093; x_wconf 86' lang='lat' dir='ltr'><strong>Nos</strong></span> <span class='ocrx_word' id='word_1_127' title='bbox 1430 1039 1525 1092; x_wconf 85' lang='lat' dir='ltr'><strong>soli</strong></span> <span class='ocrx_word' id='word_1_128' title='bbox 1580 1041 1665 1092; x_wconf 89' lang='lat' dir='ltr'><strong>hic</strong></span> <span class='ocrx_word' id='word_1_129' title='bbox 1696 1055 1913 1102; x_wconf 89' lang='lat' dir='ltr'><strong>sumus,</strong></span> <span class='ocrx_word' id='word_1_130' title='bbox 1958 1049 2004 1093; x_wconf 91' lang='lat' dir='ltr'><strong>et</strong></span> 
     </span>
    </p>
   </div>
   <div class='ocr_carea' id='block_1_17' title="bbox 2130 1036 3703 1110">
    <p class='ocr_par' dir='ltr' id='par_1_17' title="bbox 2130 1036 3703 1109">
     <span class='ocr_line' id='line_1_17' title="bbox 2130 1036 3703 1109; baseline -0.002 -16"><span class='ocrx_word' id='word_1_131' title='bbox 2130 1040 2328 1105; x_wconf 86' lang='grc' dir='ltr'><strong>ιὺτοῖς,</strong></span> <span class='ocrx_word' id='word_1_132' title='bbox 2340 1038 2532 1109; x_wconf 81' lang='grc' dir='ltr'><strong>μηδὲν</strong></span> <span class='ocrx_word' id='word_1_133' title='bbox 2552 1037 3018 1105; x_wconf 75' lang='grc' dir='ltr'><strong>διακρινόμενος·</strong></span> <span class='ocrx_word' id='word_1_134' title='bbox 3037 1036 3184 1092; x_wconf 82' lang='grc' dir='ltr'><em>διότι</em></span> <span class='ocrx_word' id='word_1_135' title='bbox 3202 1036 3315 1107; x_wconf 62' lang='grc' dir='ltr'><strong>ἐγὼ</strong></span> <span class='ocrx_word' id='word_1_136' title='bbox 3328 1037 3703 1091; x_wconf 65' lang='grc' dir='ltr'><strong>ἀπέσταλκα</strong></span> 
     </span>
    </p>
   </div>
   <div class='ocr_carea' id='block_1_18' title="bbox 448 1126 2004 1200">
    <p class='ocr_par' dir='ltr' id='par_1_18' title="bbox 448 1129 2004 1200">
     <span class='ocr_line' id='line_1_18' title="bbox 448 1129 2004 1200; baseline -0.002 -14"><span class='ocrx_word' id='word_1_137' title='bbox 448 1135 605 1187; x_wconf 84' lang='lat' dir='ltr'><strong>Dens.</strong></span> <span class='ocrx_word' id='word_1_138' title='bbox 660 1133 798 1200; x_wconf 85' lang='lat' dir='ltr'><strong>Quin</strong></span> <span class='ocrx_word' id='word_1_139' title='bbox 852 1133 1101 1186; x_wconf 87' lang='lat' dir='ltr'><strong>Salvator</strong></span> <span class='ocrx_word' id='word_1_140' title='bbox 1149 1132 1311 1186; x_wconf 85' lang='lat' dir='ltr'><strong>etiam</strong></span> <span class='ocrx_word' id='word_1_141' title='bbox 1357 1132 1497 1199; x_wconf 89' lang='lat' dir='ltr'><strong>apud</strong></span> <span class='ocrx_word' id='word_1_142' title='bbox 1539 1129 1799 1184; x_wconf 82' lang='lat' dir='ltr'><strong>Joannem</strong></span> <span class='ocrx_word' id='word_1_143' title='bbox 1844 1130 2004 1184; x_wconf 88' lang='lat' dir='ltr'><strong>solius</strong></span> 
     </span>
    </p>
   </div>
   <div class='ocr_carea' id='block_1_19' title="bbox 2130 1126 3699 1200">
    <p class='ocr_par' dir='ltr' id='par_1_19' title="bbox 2130 1126 3699 1197">
     <span class='ocr_line' id='line_1_19' title="bbox 2130 1126 3699 1197; baseline -0.004 -12"><span class='ocrx_word' id='word_1_144' title='bbox 2130 1132 2347 1197; x_wconf 84' lang='grc' dir='ltr'><strong>ιύτούς.</strong></span> <span class='ocrx_word' id='word_1_145' title='bbox 2398 1131 2507 1183; x_wconf 73' lang='grc' dir='ltr'><strong>Καὶ</strong></span> <span class='ocrx_word' id='word_1_146' title='bbox 2555 1128 2753 1182; x_wconf 56' lang='grc' dir='ltr'><strong>πάλιν</strong></span> <span class='ocrx_word' id='word_1_147' title='bbox 2811 1126 2956 1181; x_wconf 81' lang='grc' dir='ltr'><strong>Τάδε</strong></span> <span class='ocrx_word' id='word_1_148' title='bbox 2994 1128 3156 1195; x_wconf 77' lang='grc' dir='ltr'><em>λέγει</em></span> <span class='ocrx_word' id='word_1_149' title='bbox 3193 1127 3260 1181; x_wconf 84' lang='grc' dir='ltr'><strong>τὸ</strong></span> <span class='ocrx_word' id='word_1_150' title='bbox 3316 1127 3590 1195; x_wconf 78' lang='grc' dir='ltr'><strong>Πνεῦμα</strong></span> <span class='ocrx_word' id='word_1_151' title='bbox 3642 1128 3699 1179; x_wconf 80' lang='grc' dir='ltr'><strong>τὸ</strong></span> 
     </span>
    </p>
   </div>
   <div class='ocr_carea' id='block_1_20' title="bbox 444 1219 2004 1293">
    <p class='ocr_par' dir='ltr' id='par_1_20' title="bbox 444 1222 2004 1293">
     <span class='ocr_line' id='line_1_20' title="bbox 444 1222 2004 1293; baseline -0.002 -15"><span class='ocrx_word' id='word_1_152' title='bbox 444 1226 687 1279; x_wconf 83' lang='lat' dir='ltr'><strong>meminit.</strong></span> <span class='ocrx_word' id='word_1_153' title='bbox 717 1226 880 1277; x_wconf 79' lang='lat' dir='ltr'><strong>divini</strong></span> <span class='ocrx_word' id='word_1_154' title='bbox 915 1223 1145 1293; x_wconf 76' lang='lat' dir='ltr'><strong>Spiritus</strong></span> <span class='ocrx_word' id='word_1_155' title='bbox 1173 1264 1186 1287; x_wconf 96' lang='lat'><strong>,</strong></span> <span class='ocrx_word' id='word_1_156' title='bbox 1232 1226 1357 1275; x_wconf 91' lang='lat' dir='ltr'><strong>dum</strong></span> <span class='ocrx_word' id='word_1_157' title='bbox 1387 1223 1503 1276; x_wconf 88' lang='lat' dir='ltr'><strong>ait:</strong></span> <span class='ocrx_word' id='word_1_158' title='bbox 1532 1222 1662 1275; x_wconf 77' lang='lat' dir='ltr'><strong>Cum</strong></span> <span class='ocrx_word' id='word_1_159' title='bbox 1703 1234 1878 1274; x_wconf 87' lang='lat' dir='ltr'><strong>autem</strong></span> <span class='ocrx_word' id='word_1_160' title='bbox 1910 1222 2004 1289; x_wconf 82' lang='lat' dir='ltr'><strong>l5)</strong></span> 
     </span>
    </p>
   </div>
   <div class='ocr_carea' id='block_1_21' title="bbox 2130 1219 3697 1293">
    <p class='ocr_par' dir='ltr' id='par_1_21' title="bbox 2130 1219 3697 1293">
     <span class='ocr_line' id='line_1_21' title="bbox 2130 1219 3697 1293; baseline -0.003 -16"><span class='ocrx_word' id='word_1_161' title='bbox 2130 1224 2305 1293; x_wconf 67' lang='lat' dir='ltr'><strong>irim“</strong></span> <span class='ocrx_word' id='word_1_162' title='bbox 2344 1221 2682 1291; x_wconf 67' lang='grc' dir='ltr'><strong>Ἅφορίσατέ</strong></span> <span class='ocrx_word' id='word_1_163' title='bbox 2703 1238 2801 1290; x_wconf 84' lang='grc' dir='ltr'><strong>μοι</strong></span> <span class='ocrx_word' id='word_1_164' title='bbox 2835 1220 2939 1273; x_wconf 84' lang='grc' dir='ltr'><strong>τὸν</strong></span> <span class='ocrx_word' id='word_1_165' title='bbox 2971 1221 3215 1283; x_wconf 75' lang='grc' dir='ltr'><em>Παῦλον</em></span> <span class='ocrx_word' id='word_1_166' title='bbox 3256 1220 3354 1273; x_wconf 71' lang='grc' dir='ltr'><strong>καὶ</strong></span> <span class='ocrx_word' id='word_1_167' title='bbox 3402 1219 3526 1273; x_wconf 76' lang='grc' dir='ltr'><strong>τὸν</strong></span> <span class='ocrx_word' id='word_1_168' title='bbox 3554 1222 3697 1284; x_wconf 72' lang='lat' dir='ltr'><strong>Bap-</strong></span> 
     </span>
    </p>
   </div>
   <div class='ocr_carea' id='block_1_22' title="bbox 443 1312 2004 1383">
    <p class='ocr_par' dir='ltr' id='par_1_22' title="bbox 443 1314 2004 1383">
     <span class='ocr_line' id='line_1_22' title="bbox 443 1314 2004 1383; baseline -0.001 -14"><span class='ocrx_word' id='word_1_169' title='bbox 443 1317 640 1369; x_wconf 59' lang='lat' dir='ltr'><strong>tvenerit</strong></span> <span class='ocrx_word' id='word_1_170' title='bbox 682 1315 800 1377; x_wconf 87' lang='lat' dir='ltr'><strong>ille,</strong></span> <span class='ocrx_word' id='word_1_171' title='bbox 854 1314 1082 1383; x_wconf 79' lang='lat' dir='ltr'><strong>Spiritus</strong></span> <span class='ocrx_word' id='word_1_172' title='bbox 1129 1316 1394 1376; x_wconf 84' lang='lat' dir='ltr'><strong>veritatis,</strong></span> <span class='ocrx_word' id='word_1_173' title='bbox 1434 1314 1647 1366; x_wconf 86' lang='lat' dir='ltr'><strong>deducet</strong></span> <span class='ocrx_word' id='word_1_174' title='bbox 1685 1314 1759 1383; x_wconf 82' lang='lat' dir='ltr'><strong>(li)</strong></span> <span class='ocrx_word' id='word_1_175' title='bbox 1812 1331 1897 1368; x_wconf 79' lang='lat' dir='ltr'><strong>vos</strong></span> <span class='ocrx_word' id='word_1_176' title='bbox 1954 1318 2004 1368; x_wconf 87' lang='lat' dir='ltr'><strong>in</strong></span> 
     </span>
    </p>
   </div>
   <div class='ocr_carea' id='block_1_23' title="bbox 2130 1312 3698 1383">
    <p class='ocr_par' dir='ltr' id='par_1_23' title="bbox 2130 1312 3698 1382">
     <span class='ocr_line' id='line_1_23' title="bbox 2130 1312 3698 1382; baseline -0.004 -15"><span class='ocrx_word' id='word_1_177' title='bbox 2130 1314 2295 1367; x_wconf 76' lang='grc' dir='ltr'><strong>-άϐιιν</strong></span> <span class='ocrx_word' id='word_1_178' title='bbox 2318 1317 2404 1378; x_wconf 75' lang='grc' dir='ltr'><strong>εις</strong></span> <span class='ocrx_word' id='word_1_179' title='bbox 2431 1314 2496 1367; x_wconf 83' lang='grc' dir='ltr'><strong>τὸ</strong></span> <span class='ocrx_word' id='word_1_180' title='bbox 2524 1313 2719 1382; x_wconf 77' lang='grc' dir='ltr'><strong>ἔργον,</strong></span> <span class='ocrx_word' id='word_1_181' title='bbox 2747 1313 2778 1365; x_wconf 83' lang='grc' dir='ltr'><em>ὃ</em></span> <span class='ocrx_word' id='word_1_182' title='bbox 2805 1312 3255 1380; x_wconf 73' lang='grc' dir='ltr'><strong>προσκέκλημαι</strong></span> <span class='ocrx_word' id='word_1_183' title='bbox 3293 1312 3560 1376; x_wconf 79' lang='grc' dir='ltr'><strong>αὐτούς.</strong></span> <span class='ocrx_word' id='word_1_184' title='bbox 3596 1312 3698 1362; x_wconf 67' lang='grc' dir='ltr'><strong>Καὶ</strong></span> 
     </span>
    </p>
   </div>
   <div class='ocr_carea' id='block_1_24' title="bbox 443 1400 2004 1476">
    <p class='ocr_par' dir='ltr' id='par_1_24' title="bbox 443 1405 2004 1459">
     <span class='ocr_line' id='line_1_24' title="bbox 443 1405 2004 1459; baseline 0.001 -1"><span class='ocrx_word' id='word_1_185' title='bbox 443 1422 641 1459; x_wconf 87' lang='lat' dir='ltr'><strong>onmem</strong></span> <span class='ocrx_word' id='word_1_186' title='bbox 670 1408 955 1459; x_wconf 76' lang='lat' dir='ltr'><strong>veritatem.</strong></span> <span class='ocrx_word' id='word_1_187' title='bbox 986 1406 1051 1459; x_wconf 86' lang='lat' dir='ltr'><strong>Et</strong></span> <span class='ocrx_word' id='word_1_188' title='bbox 1082 1406 1213 1458; x_wconf 84' lang='lat' dir='ltr'><strong>Acta</strong></span> <span class='ocrx_word' id='word_1_189' title='bbox 1249 1406 1494 1459; x_wconf 82' lang='lat' dir='ltr'><strong>similiter</strong></span> <span class='ocrx_word' id='word_1_190' title='bbox 1519 1406 1583 1459; x_wconf 88' lang='lat' dir='ltr'><strong>de</strong></span> <span class='ocrx_word' id='word_1_191' title='bbox 1607 1406 1706 1459; x_wconf 92' lang='lat' dir='ltr'><strong>hoc</strong></span> <span class='ocrx_word' id='word_1_192' title='bbox 1728 1405 1880 1459; x_wconf 85' lang='lat' dir='ltr'><strong>Iidem</strong></span> <span class='ocrx_word' id='word_1_193' title='bbox 1930 1406 2004 1459; x_wconf 80' lang='lat' dir='ltr'><strong>fa-</strong></span> 
     </span>
    </p>
   </div>
   <div class='ocr_carea' id='block_1_25' title="bbox 2130 1400 3695 1476">
    <p class='ocr_par' dir='ltr' id='par_1_25' title="bbox 2130 1400 3695 1476">
     <span class='ocr_line' id='line_1_25' title="bbox 2130 1400 3695 1476; baseline -0.003 -19"><span class='ocrx_word' id='word_1_194' title='bbox 2130 1405 2265 1459; x_wconf 68' lang='grc' dir='ltr'><strong>πάλιν</strong></span> <span class='ocrx_word' id='word_1_195' title='bbox 2291 1404 2483 1476; x_wconf 78' lang='grc' dir='ltr'><strong>Πέτρῳ</strong></span> <span class='ocrx_word' id='word_1_196' title='bbox 2516 1400 2669 1457; x_wconf 72' lang='grc' dir='ltr'>εἶπεν</span> <span class='ocrx_word' id='word_1_197' title='bbox 2692 1404 2751 1455; x_wconf 86' lang='grc' dir='ltr'><strong>τὸ</strong></span> <span class='ocrx_word' id='word_1_198' title='bbox 2784 1402 2939 1471; x_wconf 79' lang='grc' dir='ltr'><strong>ἅγιον</strong></span> <span class='ocrx_word' id='word_1_199' title='bbox 2968 1401 3223 1472; x_wconf 78' lang='grc' dir='ltr'><strong>Πνεῦμαο</strong></span> <span class='ocrx_word' id='word_1_200' title='bbox 3264 1401 3572 1466; x_wconf 77' lang='grc' dir='ltr'><strong>Ἀναστὰς</strong></span> <span class='ocrx_word' id='word_1_201' title='bbox 3599 1416 3695 1453; x_wconf 54' lang='grc' dir='ltr'><strong>χοε</strong></span> 
     </span>
    </p>
   </div>
   <div class='ocr_carea' id='block_1_26' title="bbox 442 1490 2004 1567">
    <p class='ocr_par' dir='ltr' id='par_1_26' title="bbox 442 1496 2003 1567">
     <span class='ocr_line' id='line_1_26' title="bbox 442 1496 2003 1567; baseline -0.001 -16"><span class='ocrx_word' id='word_1_202' title='bbox 442 1498 591 1551; x_wconf 90' lang='lat' dir='ltr'><strong>ciunt</strong></span> <span class='ocrx_word' id='word_1_203' title='bbox 624 1515 637 1551; x_wconf 89' lang='lat'><strong>:</strong></span> <span class='ocrx_word' id='word_1_204' title='bbox 672 1497 831 1550; x_wconf 80' lang='lat' dir='ltr'><strong>Petro</strong></span> <span class='ocrx_word' id='word_1_205' title='bbox 860 1499 934 1567; x_wconf 79' lang='lat'><strong>(7)</strong></span> <span class='ocrx_word' id='word_1_206' title='bbox 957 1507 1128 1549; x_wconf 87' lang='lat' dir='ltr'><strong>autem</strong></span> <span class='ocrx_word' id='word_1_207' title='bbox 1153 1499 1411 1565; x_wconf 83' lang='lat' dir='ltr'><strong>cogitante</strong></span> <span class='ocrx_word' id='word_1_208' title='bbox 1468 1496 1531 1549; x_wconf 89' lang='lat' dir='ltr'><strong>de</strong></span> <span class='ocrx_word' id='word_1_209' title='bbox 1561 1496 1706 1549; x_wconf 79' lang='lat' dir='ltr'><strong>verba</strong></span> <span class='ocrx_word' id='word_1_210' title='bbox 1740 1496 1814 1566; x_wconf 90' lang='lat'><strong>(8)</strong></span> <span class='ocrx_word' id='word_1_211' title='bbox 1835 1536 1849 1561; x_wconf 94' lang='lat'><strong>,</strong></span> <span class='ocrx_word' id='word_1_212' title='bbox 1873 1497 2003 1549; x_wconf 76' lang='lat' dir='ltr'><strong>dixit</strong></span> 
     </span>
    </p>
   </div>
   <div class='ocr_carea' id='block_1_27' title="bbox 2130 1490 3689 1567">
    <p class='ocr_par' dir='ltr' id='par_1_27' title="bbox 2130 1490 3689 1563">
     <span class='ocr_line' id='line_1_27' title="bbox 2130 1490 3689 1563; baseline -0.003 -16"><span class='ocrx_word' id='word_1_213' title='bbox 2130 1498 2344 1563; x_wconf 71' lang='lat' dir='ltr'><strong>&gt;sd0nzt</strong></span> <span class='ocrx_word' id='word_1_214' title='bbox 2372 1499 2460 1563; x_wconf 70' lang='lat' dir='ltr'><strong>sic</strong></span> <span class='ocrx_word' id='word_1_215' title='bbox 2495 1495 2600 1549; x_wconf 80' lang='grc' dir='ltr'><strong>τὸν</strong></span> <span class='ocrx_word' id='word_1_216' title='bbox 2624 1492 2791 1550; x_wconf 76' lang='grc' dir='ltr'><strong>οἷκον</strong></span> <span class='ocrx_word' id='word_1_217' title='bbox 2816 1493 3175 1562; x_wconf 76' lang='grc' dir='ltr'><strong>Κορνηλίου.</strong></span> <span class='ocrx_word' id='word_1_218' title='bbox 3212 1493 3323 1545; x_wconf 77' lang='grc' dir='ltr'><strong>Καὶ</strong></span> <span class='ocrx_word' id='word_1_219' title='bbox 3347 1490 3524 1556; x_wconf 78' lang='grc' dir='ltr'><strong>αὖθις</strong></span> <span class='ocrx_word' id='word_1_220' title='bbox 3560 1510 3689 1561; x_wconf 79' lang='grc' dir='ltr'><strong>κομ-</strong></span> 
     </span>
    </p>
   </div>
   <div class='ocr_carea' id='block_1_28' title="bbox 441 1585 2005 1655">
    <p class='ocr_par' dir='ltr' id='par_1_28' title="bbox 441 1585 2005 1655">
     <span class='ocr_line' id='line_1_28' title="bbox 441 1585 2005 1655; baseline 0 -15"><span class='ocrx_word' id='word_1_221' title='bbox 441 1588 487 1640; x_wconf 85' lang='lat' dir='ltr'><strong>ei</strong></span> <span class='ocrx_word' id='word_1_222' title='bbox 519 1586 746 1655; x_wconf 84' lang='lat' dir='ltr'><strong>Spiritus</strong></span> <span class='ocrx_word' id='word_1_223' title='bbox 782 1597 994 1640; x_wconf 89' lang='lat' dir='ltr'><strong>sanctus</strong></span> <span class='ocrx_word' id='word_1_224' title='bbox 1027 1587 1102 1655; x_wconf 86' lang='lat' dir='ltr'><strong>l9)</strong></span> <span class='ocrx_word' id='word_1_225' title='bbox 1138 1604 1149 1639; x_wconf 94' lang='lat'><strong>:</strong></span> <span class='ocrx_word' id='word_1_226' title='bbox 1181 1585 1410 1655; x_wconf 88' lang='lat' dir='ltr'><strong>Surgens</strong></span> <span class='ocrx_word' id='word_1_227' title='bbox 1452 1586 1737 1647; x_wconf 76' lang='lat' dir='ltr'><strong>descende,</strong></span> <span class='ocrx_word' id='word_1_228' title='bbox 1774 1598 1819 1639; x_wconf 80' lang='lat' dir='ltr'><strong>et</strong></span> <span class='ocrx_word' id='word_1_229' title='bbox 1875 1590 2005 1641; x_wconf 80' lang='lat' dir='ltr'><strong>vade</strong></span> 
     </span>
    </p>
   </div>
   <div class='ocr_carea' id='block_1_29' title="bbox 443 1674 2003 1743">
    <p class='ocr_par' dir='ltr' id='par_1_29' title="bbox 443 1674 2003 1743">
     <span class='ocr_line' id='line_1_29' title="bbox 443 1674 2003 1743; baseline 0.001 -15"><span class='ocrx_word' id='word_1_230' title='bbox 443 1692 557 1729; x_wconf 88' lang='lat' dir='ltr'><strong>cum</strong></span> <span class='ocrx_word' id='word_1_231' title='bbox 585 1678 657 1729; x_wconf 89' lang='lat' dir='ltr'><strong>eis</strong></span> <span class='ocrx_word' id='word_1_232' title='bbox 693 1676 824 1728; x_wconf 80' lang='lat' dir='ltr'><strong>nihil</strong></span> <span class='ocrx_word' id='word_1_233' title='bbox 864 1675 1107 1727; x_wconf 87' lang='lat' dir='ltr'><strong>dubitans</strong></span> <span class='ocrx_word' id='word_1_234' title='bbox 1127 1716 1141 1737; x_wconf 83' lang='lat'><strong>,</strong></span> <span class='ocrx_word' id='word_1_235' title='bbox 1170 1676 1293 1743; x_wconf 87' lang='lat' dir='ltr'><strong>quia</strong></span> <span class='ocrx_word' id='word_1_236' title='bbox 1322 1691 1415 1743; x_wconf 86' lang='lat' dir='ltr'><strong>ego</strong></span> <span class='ocrx_word' id='word_1_237' title='bbox 1450 1676 1565 1727; x_wconf 88' lang='lat' dir='ltr'><strong>misi</strong></span> <span class='ocrx_word' id='word_1_238' title='bbox 1610 1674 1746 1728; x_wconf 89' lang='lat' dir='ltr'><strong>illos.</strong></span> <span class='ocrx_word' id='word_1_239' title='bbox 1775 1675 1840 1728; x_wconf 89' lang='lat' dir='ltr'><strong>Et</strong></span> <span class='ocrx_word' id='word_1_240' title='bbox 1884 1692 2003 1729; x_wconf 86' lang='lat' dir='ltr'><strong>rur-</strong></span> 
     </span>
    </p>
   </div>
   <div class='ocr_carea' id='block_1_30' title="bbox 2102 1584 3690 1661">
    <p class='ocr_par' dir='ltr' id='par_1_30' title="bbox 2102 1584 3690 1661">
     <span class='ocr_line' id='line_1_30' title="bbox 2102 1584 3690 1661; baseline -0.005 -19"><span class='ocrx_word' id='word_1_241' title='bbox 2102 1589 2397 1661; x_wconf 75' lang='grc' dir='ltr'><strong>ψευόμεναι</strong></span> <span class='ocrx_word' id='word_1_242' title='bbox 2431 1588 2485 1641; x_wconf 78' lang='grc' dir='ltr'><strong>αἱ</strong></span> <span class='ocrx_word' id='word_1_243' title='bbox 2511 1586 2862 1641; x_wconf 79' lang='grc' dir='ltr'><strong>ἀποστολικαὶ</strong></span> <span class='ocrx_word' id='word_1_244' title='bbox 2907 1584 3140 1657; x_wconf 75' lang='grc' dir='ltr'><strong>Πρὰξεις</strong></span> <span class='ocrx_word' id='word_1_245' title='bbox 3165 1624 3180 1647; x_wconf 89' lang='grc'><strong>,</strong></span> <span class='ocrx_word' id='word_1_246' title='bbox 3214 1584 3515 1655; x_wconf 71' lang='grc' dir='ltr'><strong>διατριϐὴν</strong></span> <span class='ocrx_word' id='word_1_247' title='bbox 3555 1600 3690 1653; x_wconf 80' lang='grc' dir='ltr'><strong>παρ-</strong></span> 
     </span>
    </p>
   </div>
   <div class='ocr_carea' id='block_1_31' title="bbox 2106 1674 3689 1751">
    <p class='ocr_par' dir='ltr' id='par_1_31' title="bbox 2106 1674 3689 1751">
     <span class='ocr_line' id='line_1_31' title="bbox 2106 1674 3689 1751; baseline -0.005 -17"><span class='ocrx_word' id='word_1_248' title='bbox 2106 1681 2288 1751; x_wconf 80' lang='grc' dir='ltr'><strong>έχουσι</strong></span> <span class='ocrx_word' id='word_1_249' title='bbox 2336 1678 2413 1749; x_wconf 84' lang='grc' dir='ltr'>τῷ</span> <span class='ocrx_word' id='word_1_250' title='bbox 2462 1678 2648 1747; x_wconf 82' lang='grc' dir='ltr'><strong>τοιῷδε</strong></span> <span class='ocrx_word' id='word_1_251' title='bbox 2700 1677 2881 1747; x_wconf 82' lang='grc' dir='ltr'><strong>λόγῳ·</strong></span> <span class='ocrx_word' id='word_1_252' title='bbox 2932 1674 3245 1746; x_wconf 83' lang='grc' dir='ltr'><strong>περιέχουσι</strong></span> <span class='ocrx_word' id='word_1_253' title='bbox 3286 1676 3436 1746; x_wconf 83' lang='grc' dir='ltr'><strong>γάρ’</strong></span> <span class='ocrx_word' id='word_1_254' title='bbox 3496 1676 3689 1727; x_wconf 79' lang='grc' dir='ltr'><strong>Τότεό</strong></span> 
     </span>
    </p>
   </div>
   <div class='ocr_carea' id='block_1_32' title="bbox 444 1748 2004 1840">
    <p class='ocr_par' dir='ltr' id='par_1_32' title="bbox 444 1765 2004 1840">
     <span class='ocr_line' id='line_1_32' title="bbox 444 1765 2004 1840; baseline 0.001 -22"><span class='ocrx_word' id='word_1_255' title='bbox 444 1780 563 1819; x_wconf 82' lang='lat' dir='ltr'><strong>sus:</strong></span> <span class='ocrx_word' id='word_1_256' title='bbox 584 1765 709 1819; x_wconf 77' lang='lat' dir='ltr'><strong>lltrc</strong></span> <span class='ocrx_word' id='word_1_257' title='bbox 729 1767 855 1840; x_wconf 79' lang='lat' dir='ltr'><strong>dicit</strong></span> <span class='ocrx_word' id='word_1_258' title='bbox 886 1766 994 1836; x_wconf 87' lang='grc'>(10)</span> <span class='ocrx_word' id='word_1_259' title='bbox 1034 1765 1261 1833; x_wconf 74' lang='lat' dir='ltr'><strong>Spiritus</strong></span> <span class='ocrx_word' id='word_1_260' title='bbox 1298 1777 1508 1819; x_wconf 88' lang='lat' dir='ltr'><strong>sanctus</strong></span> <span class='ocrx_word' id='word_1_261' title='bbox 1534 1782 1552 1819; x_wconf 89' lang='lat'><strong><em>:</em></strong></span> <span class='ocrx_word' id='word_1_262' title='bbox 1578 1765 1851 1836; x_wconf 84' lang='lat' dir='ltr'><strong>Segregatc</strong></span> <span class='ocrx_word' id='word_1_263' title='bbox 1879 1769 2004 1820; x_wconf 79' lang='lat' dir='ltr'><strong>milii</strong></span> 
     </span>
    </p>
   </div>
   <div class='ocr_carea' id='block_1_33' title="bbox 2130 1748 3688 1840">
    <p class='ocr_par' dir='ltr' id='par_1_33' title="bbox 2130 1748 3688 1837">
     <span class='ocr_line' id='line_1_33' title="bbox 2130 1748 3688 1837; baseline -0.006 -12"><span class='ocrx_word' id='word_1_264' title='bbox 2130 1748 2348 1836; x_wconf 54' lang='grc' dir='ltr'><strong>ἇαῦλος</strong></span> <span class='ocrx_word' id='word_1_265' title='bbox 2384 1748 2676 1837; x_wconf 65' lang='grc' dir='ltr'><strong>πλησθεὶς</strong></span> <span class='ocrx_word' id='word_1_266' title='bbox 2728 1767 3067 1836; x_wconf 81' lang='grc' dir='ltr'><strong>Πνεύματος</strong></span> <span class='ocrx_word' id='word_1_267' title='bbox 3119 1766 3311 1835; x_wconf 63' lang='grc' dir='ltr'><strong>ἁγίου,</strong></span> <span class='ocrx_word' id='word_1_268' title='bbox 3364 1760 3510 1817; x_wconf 66' lang='grc' dir='ltr'><strong>εἷπε</strong></span> <span class='ocrx_word' id='word_1_269' title='bbox 3548 1765 3688 1831; x_wconf 73' lang='grc' dir='ltr'><strong>πρὸς</strong></span> 
     </span>
    </p>
   </div>
   <div class='ocr_carea' id='block_1_34' title="bbox 444 1855 2003 1926">
    <p class='ocr_par' dir='ltr' id='par_1_34' title="bbox 444 1855 2003 1926">
     <span class='ocr_line' id='line_1_34' title="bbox 444 1855 2003 1926; baseline 0.003 -17"><span class='ocrx_word' id='word_1_270' title='bbox 444 1856 669 1910; x_wconf 83' lang='lat' dir='ltr'><strong>Paulum</strong></span> <span class='ocrx_word' id='word_1_271' title='bbox 696 1858 837 1926; x_wconf 90' lang='grc'>(11),</span> <span class='ocrx_word' id='word_1_272' title='bbox 879 1867 925 1910; x_wconf 87' lang='lat' dir='ltr'><strong>et</strong></span> <span class='ocrx_word' id='word_1_273' title='bbox 959 1855 1254 1909; x_wconf 85' lang='lat' dir='ltr'><strong>Barnabam</strong></span> <span class='ocrx_word' id='word_1_274' title='bbox 1293 1859 1345 1909; x_wconf 89' lang='lat' dir='ltr'><strong>in</strong></span> <span class='ocrx_word' id='word_1_275' title='bbox 1382 1875 1508 1924; x_wconf 89' lang='lat' dir='ltr'><strong>opus</strong></span> <span class='ocrx_word' id='word_1_276' title='bbox 1558 1858 1626 1910; x_wconf 87' lang='lat' dir='ltr'><strong>ad</strong></span> <span class='ocrx_word' id='word_1_277' title='bbox 1651 1859 1788 1926; x_wconf 84' lang='lat' dir='ltr'><strong>quod</strong></span> <span class='ocrx_word' id='word_1_278' title='bbox 1828 1861 2003 1913; x_wconf 85' lang='lat' dir='ltr'><strong>vocavi</strong></span> 
     </span>
    </p>
   </div>
   <div class='ocr_carea' id='block_1_35' title="bbox 443 1948 2003 2019">
    <p class='ocr_par' dir='ltr' id='par_1_35' title="bbox 443 1948 2003 2019">
     <span class='ocr_line' id='line_1_35' title="bbox 443 1948 2003 2019; baseline 0.001 -18"><span class='ocrx_word' id='word_1_279' title='bbox 443 1965 557 2001; x_wconf 89' lang='lat' dir='ltr'><strong>eos.</strong></span> <span class='ocrx_word' id='word_1_280' title='bbox 592 1948 655 2000; x_wconf 84' lang='lat' dir='ltr'><strong>Et</strong></span> <span class='ocrx_word' id='word_1_281' title='bbox 708 1962 895 2002; x_wconf 87' lang='lat' dir='ltr'><strong>rursus</strong></span> <span class='ocrx_word' id='word_1_282' title='bbox 933 1948 1091 2002; x_wconf 84' lang='lat' dir='ltr'><strong>l’etro</strong></span> <span class='ocrx_word' id='word_1_283' title='bbox 1136 1948 1270 2000; x_wconf 81' lang='lat' dir='ltr'><strong>dixit</strong></span> <span class='ocrx_word' id='word_1_284' title='bbox 1311 1948 1544 2015; x_wconf 85' lang='lat' dir='ltr'><strong>Spiritus</strong></span> <span class='ocrx_word' id='word_1_285' title='bbox 1589 1959 1809 2003; x_wconf 80' lang='lat' dir='ltr'><strong>sanctus</strong></span> <span class='ocrx_word' id='word_1_286' title='bbox 1841 1950 1951 2019; x_wconf 76' lang='grc'>(12)</span> <span class='ocrx_word' id='word_1_287' title='bbox 1985 1967 2003 2004; x_wconf 82' lang='lat'><strong>:</strong></span> 
     </span>
    </p>
   </div>
   <div class='ocr_carea' id='block_1_36' title="bbox 447 2037 2003 2109">
    <p class='ocr_par' dir='ltr' id='par_1_36' title="bbox 447 2037 2003 2109">
     <span class='ocr_line' id='line_1_36' title="bbox 447 2037 2003 2109; baseline 0.001 -18"><span class='ocrx_word' id='word_1_288' title='bbox 447 2038 670 2107; x_wconf 86' lang='lat' dir='ltr'><strong>Surgens</strong></span> <span class='ocrx_word' id='word_1_289' title='bbox 696 2041 823 2091; x_wconf 80' lang='lat' dir='ltr'><strong>vade</strong></span> <span class='ocrx_word' id='word_1_290' title='bbox 847 2040 904 2091; x_wconf 90' lang='lat' dir='ltr'><strong>in</strong></span> <span class='ocrx_word' id='word_1_291' title='bbox 922 2038 1130 2090; x_wconf 88' lang='lat' dir='ltr'><strong>domum</strong></span> <span class='ocrx_word' id='word_1_292' title='bbox 1155 2038 1403 2092; x_wconf 82' lang='lat' dir='ltr'><strong>Cornelii.</strong></span> <span class='ocrx_word' id='word_1_293' title='bbox 1439 2037 1505 2091; x_wconf 88' lang='lat' dir='ltr'><strong>Et</strong></span> <span class='ocrx_word' id='word_1_294' title='bbox 1537 2054 1720 2092; x_wconf 90' lang='lat' dir='ltr'><strong>rursus</strong></span> <span class='ocrx_word' id='word_1_295' title='bbox 1737 2038 1843 2109; x_wconf 77' lang='lat'><strong>56</strong></span> <span class='ocrx_word' id='word_1_296' title='bbox 1872 2042 2003 2093; x_wconf 84' lang='lat' dir='ltr'><strong>Acta</strong></span> 
     </span>
    </p>
   </div>
   <div class='ocr_carea' id='block_1_37' title="bbox 444 2130 2007 2199">
    <p class='ocr_par' dir='ltr' id='par_1_37' title="bbox 444 2130 2007 2199">
     <span class='ocr_line' id='line_1_37' title="bbox 444 2130 2007 2199; baseline 0.001 -17"><span class='ocrx_word' id='word_1_297' title='bbox 444 2131 729 2198; x_wconf 84' lang='lat' dir='ltr'><strong>apostolica</strong></span> <span class='ocrx_word' id='word_1_298' title='bbox 750 2146 871 2183; x_wconf 90' lang='lat' dir='ltr'><strong>cum</strong></span> <span class='ocrx_word' id='word_1_299' title='bbox 902 2131 1072 2199; x_wconf 81' lang='lat' dir='ltr'><strong>gratia</strong></span> <span class='ocrx_word' id='word_1_300' title='bbox 1110 2146 1172 2184; x_wconf 87' lang='lat' dir='ltr'><strong>ae</strong></span> <span class='ocrx_word' id='word_1_301' title='bbox 1194 2130 1531 2199; x_wconf 88' lang='lat' dir='ltr'><strong>jucunditate</strong></span> <span class='ocrx_word' id='word_1_302' title='bbox 1558 2130 1611 2184; x_wconf 91' lang='lat' dir='ltr'><strong>in</strong></span> <span class='ocrx_word' id='word_1_303' title='bbox 1633 2131 1732 2184; x_wconf 90' lang='lat' dir='ltr'><strong>hoc</strong></span> <span class='ocrx_word' id='word_1_304' title='bbox 1761 2145 2007 2185; x_wconf 83' lang='lat' dir='ltr'><strong>sermone</strong></span> 
     </span>
    </p>
   </div>
   <div class='ocr_carea' id='block_1_38' title="bbox 444 2217 2004 2281">
    <p class='ocr_par' dir='ltr' id='par_1_38' title="bbox 444 2217 2004 2281">
     <span class='ocr_line' id='line_1_38' title="bbox 444 2217 2004 2281; baseline 0.001 -8"><span class='ocrx_word' id='word_1_305' title='bbox 444 2236 542 2273; x_wconf 92' lang='lat' dir='ltr'><strong>nos</strong></span> <span class='ocrx_word' id='word_1_306' title='bbox 588 2220 829 2273; x_wconf 84' lang='lat' dir='ltr'><strong>detinent</strong></span> <span class='ocrx_word' id='word_1_307' title='bbox 862 2236 875 2271; x_wconf 91' lang='lat'><strong>:</strong></span> <span class='ocrx_word' id='word_1_308' title='bbox 914 2222 1027 2277; x_wconf 75' lang='lat' dir='ltr'><strong>lucc</strong></span> <span class='ocrx_word' id='word_1_309' title='bbox 1066 2220 1209 2273; x_wconf 90' lang='lat' dir='ltr'><strong>enim</strong></span> <span class='ocrx_word' id='word_1_310' title='bbox 1253 2221 1533 2281; x_wconf 81' lang='lat' dir='ltr'><strong>continent</strong></span> <span class='ocrx_word' id='word_1_311' title='bbox 1567 2238 1581 2274; x_wconf 91' lang='lat'><strong>:</strong></span> <span class='ocrx_word' id='word_1_312' title='bbox 1611 2218 1753 2271; x_wconf 84' lang='lat' dir='ltr'><strong>Tum:</strong></span> <span class='ocrx_word' id='word_1_313' title='bbox 1801 2217 2004 2274; x_wconf 87' lang='lat' dir='ltr'><strong>Paulus</strong></span> 
     </span>
    </p>
   </div>
   <div class='ocr_carea' id='block_1_39' title="bbox 442 2309 2001 2380">
    <p class='ocr_par' dir='ltr' id='par_1_39' title="bbox 442 2309 2001 2380">
     <span class='ocr_line' id='line_1_39' title="bbox 442 2309 2001 2380; baseline 0.001 -17"><span class='ocrx_word' id='word_1_314' title='bbox 442 2311 664 2373; x_wconf 79' lang='lat' dir='ltr'><strong>repletus</strong></span> <span class='ocrx_word' id='word_1_315' title='bbox 690 2310 891 2377; x_wconf 84' lang='lat' dir='ltr'><strong>Spiritu</strong></span> <span class='ocrx_word' id='word_1_316' title='bbox 915 2320 1093 2363; x_wconf 87' lang='lat' dir='ltr'><strong>sancto</strong></span> <span class='ocrx_word' id='word_1_317' title='bbox 1115 2311 1246 2363; x_wconf 66' lang='lat' dir='ltr'><strong>diuit</strong></span> <span class='ocrx_word' id='word_1_318' title='bbox 1274 2311 1341 2363; x_wconf 86' lang='lat' dir='ltr'><strong>ad</strong></span> <span class='ocrx_word' id='word_1_319' title='bbox 1362 2326 1476 2364; x_wconf 86' lang='lat' dir='ltr'><strong>eum</strong></span> <span class='ocrx_word' id='word_1_320' title='bbox 1499 2309 1631 2380; x_wconf 80' lang='grc'>(15).</span> <span class='ocrx_word' id='word_1_321' title='bbox 1660 2310 1722 2363; x_wconf 84' lang='lat' dir='ltr'><strong>Et</strong></span> <span class='ocrx_word' id='word_1_322' title='bbox 1749 2310 1965 2379; x_wconf 87' lang='lat' dir='ltr'><strong>insuper</strong></span> <span class='ocrx_word' id='word_1_323' title='bbox 1987 2326 2001 2365; x_wconf 83' lang='lat'><strong>:</strong></span> 
     </span>
    </p>
   </div>
   <div class='ocr_carea' id='block_1_40' title="bbox 444 2398 2006 2470">
    <p class='ocr_par' dir='ltr' id='par_1_40' title="bbox 444 2398 2006 2470">
     <span class='ocr_line' id='line_1_40' title="bbox 444 2398 2006 2470; baseline 0 -17"><span class='ocrx_word' id='word_1_324' title='bbox 444 2401 629 2453; x_wconf 86' lang='lat' dir='ltr'><strong>Petrus</strong></span> <span class='ocrx_word' id='word_1_325' title='bbox 669 2401 686 2469; x_wconf 90' lang='lat'>(</span> <span class='ocrx_word' id='word_1_326' title='bbox 698 2400 779 2464; x_wconf 72' lang='grc'>14)</span> <span class='ocrx_word' id='word_1_327' title='bbox 809 2401 943 2454; x_wconf 83' lang='lat' dir='ltr'><strong>enim</strong></span> <span class='ocrx_word' id='word_1_328' title='bbox 964 2402 1147 2468; x_wconf 86' lang='lat' dir='ltr'><strong>plenus</strong></span> <span class='ocrx_word' id='word_1_329' title='bbox 1196 2398 1401 2470; x_wconf 86' lang='lat' dir='ltr'><strong>Spiritu</strong></span> <span class='ocrx_word' id='word_1_330' title='bbox 1440 2411 1621 2455; x_wconf 88' lang='lat' dir='ltr'><strong>sancto</strong></span> <span class='ocrx_word' id='word_1_331' title='bbox 1652 2402 1786 2454; x_wconf 71' lang='lat' dir='ltr'><strong>dixit</strong></span> <span class='ocrx_word' id='word_1_332' title='bbox 1813 2401 1882 2453; x_wconf 91' lang='lat' dir='ltr'><strong>ad</strong></span> <span class='ocrx_word' id='word_1_333' title='bbox 1913 2416 2006 2467; x_wconf 89' lang='lat' dir='ltr'><strong>po-</strong></span> 
     </span>
    </p>
   </div>
   <div class='ocr_carea' id='block_1_41' title="bbox 442 2488 2003 2559">
    <p class='ocr_par' dir='ltr' id='par_1_41' title="bbox 442 2488 2003 2559">
     <span class='ocr_line' id='line_1_41' title="bbox 442 2488 2003 2559; baseline 0.003 -20"><span class='ocrx_word' id='word_1_334' title='bbox 442 2490 642 2555; x_wconf 80' lang='lat' dir='ltr'><strong>pulum.</strong></span> <span class='ocrx_word' id='word_1_335' title='bbox 685 2489 999 2543; x_wconf 86' lang='lat' dir='ltr'><strong>Divinarum</strong></span> <span class='ocrx_word' id='word_1_336' title='bbox 1029 2501 1209 2545; x_wconf 88' lang='lat' dir='ltr'><strong>autem</strong></span> <span class='ocrx_word' id='word_1_337' title='bbox 1231 2530 1246 2555; x_wconf 90' lang='lat'><strong>,</strong></span> <span class='ocrx_word' id='word_1_338' title='bbox 1282 2492 1535 2559; x_wconf 84' lang='lat' dir='ltr'><strong>omnique</strong></span> <span class='ocrx_word' id='word_1_339' title='bbox 1577 2490 1781 2544; x_wconf 84' lang='lat' dir='ltr'><strong>honore</strong></span> <span class='ocrx_word' id='word_1_340' title='bbox 1819 2488 2003 2545; x_wconf 89' lang='lat' dir='ltr'><strong>colen-</strong></span> 
     </span>
    </p>
   </div>
   <div class='ocr_carea' id='block_1_42' title="bbox 443 2581 2008 2651">
    <p class='ocr_par' dir='ltr' id='par_1_42' title="bbox 443 2581 2008 2651">
     <span class='ocr_line' id='line_1_42' title="bbox 443 2581 2008 2651; baseline 0.003 -20"><span class='ocrx_word' id='word_1_341' title='bbox 443 2581 630 2634; x_wconf 86' lang='lat' dir='ltr'><strong>darum</strong></span> <span class='ocrx_word' id='word_1_342' title='bbox 673 2582 1042 2651; x_wconf 76' lang='lat' dir='ltr'><strong>liypostesium</strong></span> <span class='ocrx_word' id='word_1_343' title='bbox 1079 2582 1303 2649; x_wconf 69' lang='lat' dir='ltr'><strong>aequalis</strong></span> <span class='ocrx_word' id='word_1_344' title='bbox 1345 2583 1425 2636; x_wconf 88' lang='lat' dir='ltr'><strong>vis</strong></span> <span class='ocrx_word' id='word_1_345' title='bbox 1469 2597 1532 2636; x_wconf 84' lang='lat' dir='ltr'><strong>ac</strong></span> <span class='ocrx_word' id='word_1_346' title='bbox 1573 2582 1812 2651; x_wconf 88' lang='lat' dir='ltr'><strong>potentia</strong></span> <span class='ocrx_word' id='word_1_347' title='bbox 1850 2581 1907 2635; x_wconf 93' lang='lat' dir='ltr'><strong>in</strong></span> <span class='ocrx_word' id='word_1_348' title='bbox 1943 2596 2008 2636; x_wconf 89' lang='lat' dir='ltr'><strong>eo</strong></span> 
     </span>
    </p>
   </div>
   <div class='ocr_carea' id='block_1_43' title="bbox 442 2670 2009 2741">
    <p class='ocr_par' dir='ltr' id='par_1_43' title="bbox 442 2670 2009 2741">
     <span class='ocr_line' id='line_1_43' title="bbox 442 2670 2009 2741; baseline 0.004 -21"><span class='ocrx_word' id='word_1_349' title='bbox 442 2670 602 2721; x_wconf 88' lang='lat' dir='ltr'><strong>etiam</strong></span> <span class='ocrx_word' id='word_1_350' title='bbox 644 2670 892 2725; x_wconf 84' lang='lat' dir='ltr'><strong>similiter</strong></span> <span class='ocrx_word' id='word_1_351' title='bbox 938 2671 1314 2739; x_wconf 80' lang='lat' dir='ltr'><strong>signiﬁcatur,</strong></span> <span class='ocrx_word' id='word_1_352' title='bbox 1359 2673 1501 2741; x_wconf 90' lang='lat' dir='ltr'><strong>quod</strong></span> <span class='ocrx_word' id='word_1_353' title='bbox 1558 2672 1818 2727; x_wconf 90' lang='lat' dir='ltr'><strong>Dominus</strong></span> <span class='ocrx_word' id='word_1_354' title='bbox 1867 2672 2009 2728; x_wconf 84' lang='lat' dir='ltr'><strong>Deus</strong></span> 
     </span>
    </p>
   </div>
   <div class='ocr_carea' id='block_1_44' title="bbox 442 2760 2008 2835">
    <p class='ocr_par' dir='ltr' id='par_1_44' title="bbox 442 2760 2008 2835">
     <span class='ocr_line' id='line_1_44' title="bbox 442 2760 2008 2835; baseline 0.004 -22"><span class='ocrx_word' id='word_1_355' title='bbox 442 2760 702 2825; x_wconf 82' lang='lat' dir='ltr'><strong>Verbum,</strong></span> <span class='ocrx_word' id='word_1_356' title='bbox 735 2778 828 2831; x_wconf 87' lang='lat' dir='ltr'><strong>per</strong></span> <span class='ocrx_word' id='word_1_357' title='bbox 848 2763 1157 2831; x_wconf 62' lang='lat' dir='ltr'><strong>praedictam</strong></span> <span class='ocrx_word' id='word_1_358' title='bbox 1198 2778 1355 2817; x_wconf 89' lang='lat' dir='ltr'><strong>suam</strong></span> <span class='ocrx_word' id='word_1_359' title='bbox 1388 2765 1454 2817; x_wconf 86' lang='lat' dir='ltr'><strong>de</strong></span> <span class='ocrx_word' id='word_1_360' title='bbox 1501 2764 1766 2831; x_wconf 83' lang='lat' dir='ltr'><strong>baptismo</strong></span> <span class='ocrx_word' id='word_1_361' title='bbox 1788 2766 2008 2835; x_wconf 75' lang='lat' dir='ltr'><strong>hymnis</strong></span> 
     </span>
    </p>
   </div>
   <div class='ocr_carea' id='block_1_45' title="bbox 443 2854 2008 2924">
    <p class='ocr_par' dir='ltr' id='par_1_45' title="bbox 443 2854 2008 2924">
     <span class='ocr_line' id='line_1_45' title="bbox 443 2854 2008 2924; baseline 0.004 -19"><span class='ocrx_word' id='word_1_362' title='bbox 443 2866 657 2921; x_wconf 60' lang='lat' dir='ltr'><strong>senqxir</strong></span> <span class='ocrx_word' id='word_1_363' title='bbox 701 2854 1079 2909; x_wconf 89' lang='lat' dir='ltr'><strong>celebrandam</strong></span> <span class='ocrx_word' id='word_1_364' title='bbox 1128 2869 1347 2921; x_wconf 90' lang='lat' dir='ltr'><strong>vocem,</strong></span> <span class='ocrx_word' id='word_1_365' title='bbox 1381 2856 1742 2924; x_wconf 78' lang='lat' dir='ltr'><strong>aequalitatem</strong></span> <span class='ocrx_word' id='word_1_366' title='bbox 1787 2856 2008 2912; x_wconf 84' lang='lat' dir='ltr'><strong>honoris</strong></span> 
     </span>
    </p>
   </div>
   <div class='ocr_carea' id='block_1_46' title="bbox 2110 1856 3680 1927">
    <p class='ocr_par' dir='ltr' id='par_1_46' title="bbox 2110 1856 3680 1927">
     <span class='ocr_line' id='line_1_46' title="bbox 2110 1856 3680 1927; baseline -0.006 -11"><span class='ocrx_word' id='word_1_367' title='bbox 2110 1864 2313 1917; x_wconf 77' lang='grc' dir='ltr'><strong>αὐτόν.</strong></span> <span class='ocrx_word' id='word_1_368' title='bbox 2360 1861 2469 1916; x_wconf 76' lang='grc' dir='ltr'><strong>Καὶ</strong></span> <span class='ocrx_word' id='word_1_369' title='bbox 2514 1860 2626 1912; x_wconf 79' lang='grc' dir='ltr'><strong>ἔτι·</strong></span> <span class='ocrx_word' id='word_1_370' title='bbox 2677 1859 2729 1910; x_wconf 90' lang='grc' dir='ltr'><strong><em>Ὁ</em></strong></span> <span class='ocrx_word' id='word_1_371' title='bbox 2760 1858 2867 1927; x_wconf 59' lang='grc' dir='ltr'><strong>γὰρ</strong></span> <span class='ocrx_word' id='word_1_372' title='bbox 2904 1857 3115 1925; x_wconf 75' lang='grc' dir='ltr'><strong>Πέτρος</strong></span> <span class='ocrx_word' id='word_1_373' title='bbox 3169 1856 3478 1924; x_wconf 74' lang='grc' dir='ltr'><strong>πλησθεὶς</strong></span> <span class='ocrx_word' id='word_1_374' title='bbox 3506 1857 3680 1908; x_wconf 71' lang='grc' dir='ltr'><em>Πνεῦ-</em></span> 
     </span>
    </p>
   </div>
   <div class='ocr_carea' id='block_1_47' title="bbox 2101 1946 3683 2023">
    <p class='ocr_par' dir='ltr' id='par_1_47' title="bbox 2101 1946 3683 2023">
     <span class='ocr_line' id='line_1_47' title="bbox 2101 1946 3683 2023; baseline -0.007 -16"><span class='ocrx_word' id='word_1_375' title='bbox 2101 1970 2288 2023; x_wconf 77' lang='grc' dir='ltr'><strong>ματος</strong></span> <span class='ocrx_word' id='word_1_376' title='bbox 2310 1952 2504 2022; x_wconf 78' lang='grc' dir='ltr'><strong>άγιου,</strong></span> <span class='ocrx_word' id='word_1_377' title='bbox 2540 1946 2670 2003; x_wconf 76' lang='grc' dir='ltr'><strong>εἷπε</strong></span> <span class='ocrx_word' id='word_1_378' title='bbox 2711 1949 2859 2017; x_wconf 82' lang='grc' dir='ltr'><em>πρὸς</em></span> <span class='ocrx_word' id='word_1_379' title='bbox 2885 1948 2987 2001; x_wconf 81' lang='grc' dir='ltr'><strong>τὸν</strong></span> <span class='ocrx_word' id='word_1_380' title='bbox 3029 1948 3205 2001; x_wconf 73' lang='grc' dir='ltr'><strong>λαόν.</strong></span> <span class='ocrx_word' id='word_1_381' title='bbox 3260 1947 3611 2017; x_wconf 77' lang='grc' dir='ltr'><strong>Σημαίνεται</strong></span> <span class='ocrx_word' id='word_1_382' title='bbox 3635 1946 3683 1996; x_wconf 76' lang='grc' dir='ltr'><strong>δὲ</strong></span> 
     </span>
    </p>
   </div>
   <div class='ocr_carea' id='block_1_48' title="bbox 2108 2038 3681 2113">
    <p class='ocr_par' dir='ltr' id='par_1_48' title="bbox 2108 2038 3681 2113">
     <span class='ocr_line' id='line_1_48' title="bbox 2108 2038 3681 2113; baseline -0.004 -18"><span class='ocrx_word' id='word_1_383' title='bbox 2108 2044 2307 2113; x_wconf 80' lang='grc' dir='ltr'><strong>ὁμοίως</strong></span> <span class='ocrx_word' id='word_1_384' title='bbox 2344 2042 2404 2094; x_wconf 84' lang='grc' dir='ltr'><strong>τὸ</strong></span> <span class='ocrx_word' id='word_1_385' title='bbox 2436 2041 2724 2112; x_wconf 66' lang='grc' dir='ltr'><strong>ἰσόρροπον</strong></span> <span class='ocrx_word' id='word_1_386' title='bbox 2770 2040 2861 2092; x_wconf 73' lang='grc' dir='ltr'>καὶ</span> <span class='ocrx_word' id='word_1_387' title='bbox 2899 2038 3212 2109; x_wconf 79' lang='grc' dir='ltr'><strong>ἱσοδύναμον</strong></span> <span class='ocrx_word' id='word_1_388' title='bbox 3251 2038 3358 2091; x_wconf 85' lang='grc' dir='ltr'><strong>τῶν</strong></span> <span class='ocrx_word' id='word_1_389' title='bbox 3397 2038 3681 2106; x_wconf 78' lang='grc' dir='ltr'><strong>παντίμων</strong></span> 
     </span>
    </p>
   </div>
   <div class='ocr_carea' id='block_1_49' title="bbox 2112 2126 3678 2200">
    <p class='ocr_par' dir='ltr' id='par_1_49' title="bbox 2112 2126 3678 2200">
     <span class='ocr_line' id='line_1_49' title="bbox 2112 2126 3678 2200; baseline -0.003 -15"><span class='ocrx_word' id='word_1_390' title='bbox 2112 2134 2481 2187; x_wconf 82' lang='grc' dir='ltr'><strong>ὑποστάσεων.</strong></span> <span class='ocrx_word' id='word_1_391' title='bbox 2512 2132 2605 2185; x_wconf 76' lang='grc' dir='ltr'><strong>καὶ</strong></span> <span class='ocrx_word' id='word_1_392' title='bbox 2655 2132 2713 2182; x_wconf 78' lang='grc' dir='ltr'><strong>ὲν</strong></span> <span class='ocrx_word' id='word_1_393' title='bbox 2765 2129 2843 2199; x_wconf 83' lang='grc' dir='ltr'><strong>τῷ</strong></span> <span class='ocrx_word' id='word_1_394' title='bbox 2896 2126 2985 2181; x_wconf 70' lang='grc' dir='ltr'><strong>τὸν</strong></span> <span class='ocrx_word' id='word_1_395' title='bbox 3015 2130 3287 2200; x_wconf 86' lang='grc' dir='ltr'><strong>Δεσπότην</strong></span> <span class='ocrx_word' id='word_1_396' title='bbox 3314 2128 3458 2181; x_wconf 80' lang='grc' dir='ltr'><strong>Θεὸν</strong></span> <span class='ocrx_word' id='word_1_397' title='bbox 3495 2129 3678 2196; x_wconf 75' lang='grc' dir='ltr'><strong>Λόγον,</strong></span> 
     </span>
    </p>
   </div>
   <div class='ocr_carea' id='block_1_50' title="bbox 2108 2219 3673 2294">
    <p class='ocr_par' dir='ltr' id='par_1_50' title="bbox 2108 2219 3673 2294">
     <span class='ocr_line' id='line_1_50' title="bbox 2108 2219 3673 2294; baseline -0.004 -16"><span class='ocrx_word' id='word_1_398' title='bbox 2108 2224 2195 2279; x_wconf 78' lang='grc' dir='ltr'><strong>διὰ</strong></span> <span class='ocrx_word' id='word_1_399' title='bbox 2223 2224 2329 2294; x_wconf 81' lang='grc' dir='ltr'><strong>τῆς</strong></span> <span class='ocrx_word' id='word_1_400' title='bbox 2354 2222 2741 2292; x_wconf 76' lang='grc' dir='ltr'><strong>προλεχθείσης</strong></span> <span class='ocrx_word' id='word_1_401' title='bbox 2791 2219 2953 2273; x_wconf 77' lang='grc' dir='ltr'><strong>αὑτοῦ</strong></span> <span class='ocrx_word' id='word_1_402' title='bbox 3000 2221 3080 2284; x_wconf 73' lang='grc' dir='ltr'><strong>εἰς</strong></span> <span class='ocrx_word' id='word_1_403' title='bbox 3111 2220 3172 2271; x_wconf 85' lang='grc' dir='ltr'><strong>τὺ</strong></span> <span class='ocrx_word' id='word_1_404' title='bbox 3223 2219 3518 2290; x_wconf 79' lang='grc' dir='ltr'><strong>βάπτισμα</strong></span> <span class='ocrx_word' id='word_1_405' title='bbox 3559 2237 3673 2272; x_wconf 79' lang='grc' dir='ltr'><strong>παν-</strong></span> 
     </span>
    </p>
   </div>
   <div class='ocr_carea' id='block_1_51' title="bbox 2108 2311 3677 2385">
    <p class='ocr_par' dir='ltr' id='par_1_51' title="bbox 2108 2311 3677 2385">
     <span class='ocr_line' id='line_1_51' title="bbox 2108 2311 3677 2385; baseline -0.003 -18"><span class='ocrx_word' id='word_1_406' title='bbox 2108 2316 2346 2385; x_wconf 89' lang='grc' dir='ltr'><strong>υμνήτου</strong></span> <span class='ocrx_word' id='word_1_407' title='bbox 2380 2315 2583 2383; x_wconf 80' lang='grc' dir='ltr'><strong>φωνῆς,</strong></span> <span class='ocrx_word' id='word_1_408' title='bbox 2627 2314 2722 2384; x_wconf 75' lang='grc' dir='ltr'><strong>τὴν</strong></span> <span class='ocrx_word' id='word_1_409' title='bbox 2776 2311 3041 2382; x_wconf 74' lang='grc' dir='ltr'><strong>ἰσοτιμίαν</strong></span> <span class='ocrx_word' id='word_1_410' title='bbox 3087 2311 3262 2381; x_wconf 79' lang='grc' dir='ltr'><strong>ἐαυτῷ</strong></span> <span class='ocrx_word' id='word_1_411' title='bbox 3312 2311 3410 2364; x_wconf 74' lang='grc' dir='ltr'><strong>καὶ</strong></span> <span class='ocrx_word' id='word_1_412' title='bbox 3438 2311 3521 2380; x_wconf 80' lang='grc' dir='ltr'><strong>τῷ</strong></span> <span class='ocrx_word' id='word_1_413' title='bbox 3548 2312 3677 2380; x_wconf 77' lang='grc' dir='ltr'><strong>ἁγίῳ</strong></span> 
     </span>
    </p>
   </div>
   <div class='ocr_carea' id='block_1_52' title="bbox 2108 2402 3674 2478">
    <p class='ocr_par' dir='ltr' id='par_1_52' title="bbox 2108 2402 3674 2478">
     <span class='ocr_line' id='line_1_52' title="bbox 2108 2402 3674 2478; baseline -0.002 -20"><span class='ocrx_word' id='word_1_414' title='bbox 2108 2405 2386 2478; x_wconf 83' lang='grc' dir='ltr'><strong>Πνεύματι</strong></span> <span class='ocrx_word' id='word_1_415' title='bbox 2413 2407 2510 2475; x_wconf 87' lang='grc' dir='ltr'><strong>τὴν</strong></span> <span class='ocrx_word' id='word_1_416' title='bbox 2544 2404 2680 2476; x_wconf 81' lang='grc' dir='ltr'><strong>πρὸς</strong></span> <span class='ocrx_word' id='word_1_417' title='bbox 2712 2405 2802 2457; x_wconf 79' lang='grc' dir='ltr'><strong>τὸν</strong></span> <span class='ocrx_word' id='word_1_418' title='bbox 2833 2404 3052 2474; x_wconf 83' lang='grc' dir='ltr'><strong>Πατέρα</strong></span> <span class='ocrx_word' id='word_1_419' title='bbox 3084 2402 3308 2472; x_wconf 79' lang='grc' dir='ltr'><strong>φυλάξαι</strong></span> <span class='ocrx_word' id='word_1_420' title='bbox 3328 2420 3341 2433; x_wconf 78' lang='grc'><strong>⁸</strong></span> <span class='ocrx_word' id='word_1_421' title='bbox 3398 2404 3474 2457; x_wconf 81' lang='grc' dir='ltr'><strong>δι’</strong></span> <span class='ocrx_word' id='word_1_422' title='bbox 3509 2403 3576 2474; x_wconf 75' lang='grc' dir='ltr'><strong>ἢν</strong></span> <span class='ocrx_word' id='word_1_423' title='bbox 3624 2404 3674 2455; x_wconf 83' lang='lat' dir='ltr'><strong>al</strong></span> 
     </span>
    </p>
   </div>
   <div class='ocr_carea' id='block_1_53' title="bbox 2110 2492 3675 2571">
    <p class='ocr_par' dir='ltr' id='par_1_53' title="bbox 2110 2492 3675 2571">
     <span class='ocr_line' id='line_1_53' title="bbox 2110 2492 3675 2571; baseline -0.005 -19"><span class='ocrx_word' id='word_1_424' title='bbox 2110 2500 2254 2571; x_wconf 80' lang='grc' dir='ltr'><strong>ἱεραὶ</strong></span> <span class='ocrx_word' id='word_1_425' title='bbox 2300 2497 2495 2568; x_wconf 74' lang='grc' dir='ltr'><strong>βίϐλοι,</strong></span> <span class='ocrx_word' id='word_1_426' title='bbox 2548 2496 2676 2548; x_wconf 82' lang='grc' dir='ltr'><strong>ποτὲ</strong></span> <span class='ocrx_word' id='word_1_427' title='bbox 2728 2495 2825 2565; x_wconf 76' lang='grc' dir='ltr'><strong>μὲν</strong></span> <span class='ocrx_word' id='word_1_428' title='bbox 2853 2492 3069 2564; x_wconf 80' lang='grc' dir='ltr'><strong>πρώτου</strong></span> <span class='ocrx_word' id='word_1_429' title='bbox 3107 2493 3410 2564; x_wconf 79' lang='grc' dir='ltr'><strong>μέμνηνται</strong></span> <span class='ocrx_word' id='word_1_430' title='bbox 3442 2492 3541 2545; x_wconf 76' lang='grc' dir='ltr'><strong>τοῦ</strong></span> <span class='ocrx_word' id='word_1_431' title='bbox 3574 2493 3675 2544; x_wconf 80' lang='lat' dir='ltr'><strong>Ila.-</strong></span> 
     </span>
    </p>
   </div>
   <div class='ocr_carea' id='block_1_54' title="bbox 2108 2583 3672 2660">
    <p class='ocr_par' dir='ltr' id='par_1_54' title="bbox 2108 2583 3672 2660">
     <span class='ocr_line' id='line_1_54' title="bbox 2108 2583 3672 2660; baseline -0.005 -17"><span class='ocrx_word' id='word_1_432' title='bbox 2108 2590 2232 2660; x_wconf 84' lang='grc' dir='ltr'><strong>τρὸς</strong></span> <span class='ocrx_word' id='word_1_433' title='bbox 2256 2629 2271 2653; x_wconf 91' lang='grc'><strong>,</strong></span> <span class='ocrx_word' id='word_1_434' title='bbox 2311 2590 2403 2642; x_wconf 75' lang='grc' dir='ltr'><strong>καὶ</strong></span> <span class='ocrx_word' id='word_1_435' title='bbox 2452 2586 2595 2639; x_wconf 74' lang='grc' dir='ltr'><strong>οὕτω</strong></span> <span class='ocrx_word' id='word_1_436' title='bbox 2625 2585 2718 2638; x_wconf 81' lang='grc' dir='ltr'><strong>τοῦ</strong></span> <span class='ocrx_word' id='word_1_437' title='bbox 2753 2585 2904 2656; x_wconf 76' lang='grc' dir='ltr'><strong>Υἱρῦ,</strong></span> <span class='ocrx_word' id='word_1_438' title='bbox 2959 2586 2992 2656; x_wconf 84' lang='grc' dir='ltr'>ἢ</span> <span class='ocrx_word' id='word_1_439' title='bbox 3026 2584 3119 2638; x_wconf 77' lang='grc' dir='ltr'><strong>τοῦ</strong></span> <span class='ocrx_word' id='word_1_440' title='bbox 3150 2585 3304 2652; x_wconf 84' lang='grc' dir='ltr'><strong>ἁγίου</strong></span> <span class='ocrx_word' id='word_1_441' title='bbox 3334 2583 3672 2654; x_wconf 57' lang='lat' dir='ltr'><strong>[laetitias-or</strong></span> 
     </span>
    </p>
   </div>
   <div class='ocr_carea' id='block_1_55' title="bbox 2110 2673 3672 2747">
    <p class='ocr_par' dir='ltr' id='par_1_55' title="bbox 2110 2673 3672 2747">
     <span class='ocr_line' id='line_1_55' title="bbox 2110 2673 3672 2747; baseline 0 -20"><span class='ocrx_word' id='word_1_442' title='bbox 2110 2675 2239 2728; x_wconf 84' lang='grc' dir='ltr'><strong>ποτὲ</strong></span> <span class='ocrx_word' id='word_1_443' title='bbox 2259 2675 2314 2729; x_wconf 84' lang='grc' dir='ltr'><strong>δὲ</strong></span> <span class='ocrx_word' id='word_1_444' title='bbox 2343 2674 2558 2747; x_wconf 84' lang='grc' dir='ltr'><strong>πρώτου</strong></span> <span class='ocrx_word' id='word_1_445' title='bbox 2593 2676 2989 2746; x_wconf 83' lang='grc' dir='ltr'><strong>ὲπιμέμνηνται</strong></span> <span class='ocrx_word' id='word_1_446' title='bbox 3015 2674 3106 2729; x_wconf 82' lang='grc' dir='ltr'><strong>τοῦ</strong></span> <span class='ocrx_word' id='word_1_447' title='bbox 3134 2673 3291 2738; x_wconf 78' lang='grc' dir='ltr'><strong>Υὶοῦ,</strong></span> <span class='ocrx_word' id='word_1_448' title='bbox 3327 2674 3421 2727; x_wconf 80' lang='grc' dir='ltr'><strong>διὰ</strong></span> <span class='ocrx_word' id='word_1_449' title='bbox 3486 2674 3549 2727; x_wconf 79' lang='grc' dir='ltr'><strong>τὸ</strong></span> <span class='ocrx_word' id='word_1_450' title='bbox 3584 2676 3672 2743; x_wconf 74' lang='grc' dir='ltr'><strong>τῆς</strong></span> 
     </span>
    </p>
   </div>
   <div class='ocr_carea' id='block_1_56' title="bbox 2109 2765 3671 2837">
    <p class='ocr_par' dir='ltr' id='par_1_56' title="bbox 2109 2765 3671 2837">
     <span class='ocr_line' id='line_1_56' title="bbox 2109 2765 3671 2837; baseline 0.001 -19"><span class='ocrx_word' id='word_1_451' title='bbox 2109 2766 2322 2835; x_wconf 82' lang='grc' dir='ltr'><strong>φύσεως</strong></span> <span class='ocrx_word' id='word_1_452' title='bbox 2345 2766 2659 2837; x_wconf 78' lang='grc' dir='ltr'><strong>ἀμέριστον,</strong></span> <span class='ocrx_word' id='word_1_453' title='bbox 2683 2768 2775 2819; x_wconf 75' lang='grc' dir='ltr'>καὶ</span> <span class='ocrx_word' id='word_1_454' title='bbox 2810 2765 2908 2835; x_wconf 82' lang='grc' dir='ltr'><strong>τῆς</strong></span> <span class='ocrx_word' id='word_1_455' title='bbox 2932 2765 3205 2833; x_wconf 81' lang='grc' dir='ltr'><strong>Θεολογίας</strong></span> <span class='ocrx_word' id='word_1_456' title='bbox 3246 2766 3307 2819; x_wconf 80' lang='grc' dir='ltr'><strong>τὸ</strong></span> <span class='ocrx_word' id='word_1_457' title='bbox 3336 2766 3671 2836; x_wconf 58' lang='grc' dir='ltr'><strong>ήδιάφορονο</strong></span> 
     </span>
    </p>
   </div>
   <div class='ocr_carea' id='block_1_57' title="bbox 2109 2852 3667 2927">
    <p class='ocr_par' dir='ltr' id='par_1_57' title="bbox 2109 2852 3667 2927">
     <span class='ocr_line' id='line_1_57' title="bbox 2109 2852 3667 2927; baseline 0 -18"><span class='ocrx_word' id='word_1_458' title='bbox 2109 2856 2185 2920; x_wconf 84' lang='grc' dir='ltr'><strong>ὡς</strong></span> <span class='ocrx_word' id='word_1_459' title='bbox 2216 2856 2343 2910; x_wconf 84' lang='grc' dir='ltr'><strong>ὅταν</strong></span> <span class='ocrx_word' id='word_1_460' title='bbox 2367 2856 2497 2926; x_wconf 79' lang='grc' dir='ltr'><strong>λέγῃ</strong></span> <span class='ocrx_word' id='word_1_461' title='bbox 2532 2855 2672 2921; x_wconf 79' lang='grc' dir='ltr'><strong>Ἰὼσ,</strong></span> <span class='ocrx_word' id='word_1_462' title='bbox 2705 2857 2913 2927; x_wconf 76' lang='grc' dir='ltr'><strong>τρανῶς</strong></span> <span class='ocrx_word' id='word_1_463' title='bbox 2945 2856 3042 2927; x_wconf 80' lang='grc' dir='ltr'><strong>τὴν</strong></span> <span class='ocrx_word' id='word_1_464' title='bbox 3081 2855 3283 2927; x_wconf 85' lang='grc' dir='ltr'><strong>Τριὰδα.</strong></span> <span class='ocrx_word' id='word_1_465' title='bbox 3327 2856 3548 2927; x_wconf 78' lang='grc' dir='ltr'><strong>δηλῶνο</strong></span> <span class='ocrx_word' id='word_1_466' title='bbox 3593 2852 3667 2921; x_wconf 75' lang='grc' dir='ltr'><strong>Ζῇ</strong></span> 
     </span>
    </p>
   </div>
   <div class='ocr_carea' id='block_1_58' title="bbox 516 3000 2004 3103">
    <p class='ocr_par' dir='ltr' id='par_1_58' title="bbox 516 3024 1997 3103">
     <span class='ocr_line' id='line_1_58' title="bbox 516 3024 1997 3103; baseline 0.004 -26"><span class='ocrx_word' id='word_1_467' title='bbox 516 3024 963 3103; x_wconf 57' lang='lat' dir='ltr'><strong>(99)_Desc_endit_.</strong></span> <span class='ocrx_word' id='word_1_468' title='bbox 1026 3027 1350 3103; x_wconf 84' lang='lat' dir='ltr'><strong>ln_angato</strong></span> <span class='ocrx_word' id='word_1_469' title='bbox 1402 3029 1705 3103; x_wconf 66' lang='lat' dir='ltr'><strong>interprete</strong></span> <span class='ocrx_word' id='word_1_470' title='bbox 1730 3030 1869 3085; x_wconf 85' lang='lat' dir='ltr'><strong>haud</strong></span> <span class='ocrx_word' id='word_1_471' title='bbox 1922 3031 1997 3103; x_wconf 88' lang='lat' dir='ltr'><strong>ita</strong></span> 
     </span>
    </p>
   </div>
   <div class='ocr_carea' id='block_1_59' title="bbox 2130 3000 3251 3103">
    <p class='ocr_par' dir='ltr' id='par_1_59' title="bbox 2130 3000 3251 3103">
     <span class='ocr_line' id='line_1_59' title="bbox 2130 3000 3251 3103; baseline 0.004 -22"><span class='ocrx_word' id='word_1_472' title='bbox 2130 3039 2246 3103; x_wconf 67' lang='lat' dir='ltr'><strong>ient,</strong></span> <span class='ocrx_word' id='word_1_473' title='bbox 2278 3030 2443 3103; x_wconf 63' lang='grc' dir='ltr'><strong>αξιτοῦ</strong></span> <span class='ocrx_word' id='word_1_474' title='bbox 2478 3031 2879 3103; x_wconf 52' lang='grc' dir='ltr'><strong>μάρτυρξςηξι,</strong></span> <span class='ocrx_word' id='word_1_475' title='bbox 2917 3031 3142 3102; x_wconf 79' lang='grc' dir='ltr'><strong>Πνεῦμα</strong></span> <span class='ocrx_word' id='word_1_476' title='bbox 3173 3032 3251 3086; x_wconf 79' lang='grc' dir='ltr'><strong>δέ.</strong></span> 
     </span>
    </p>
   </div>
   <div class='ocr_carea' id='block_1_60' title="bbox 446 3096 1998 3155">
    <p class='ocr_par' dir='ltr' id='par_1_60' title="bbox 446 3096 1998 3155">
     <span class='ocr_line' id='line_1_60' title="bbox 446 3096 1998 3155; baseline 0.003 -6"><span class='ocrx_word' id='word_1_477' title='bbox 446 3096 601 3149; x_wconf 78' lang='lat' dir='ltr'><strong>facile</strong></span> <span class='ocrx_word' id='word_1_478' title='bbox 633 3097 745 3149; x_wconf 71' lang='lat' dir='ltr'><strong>ha-c</strong></span> <span class='ocrx_word' id='word_1_479' title='bbox 785 3098 1043 3150; x_wconf 85' lang='lat' dir='ltr'><strong>invenies.</strong></span> <span class='ocrx_word' id='word_1_480' title='bbox 1086 3097 1313 3152; x_wconf 83' lang='lat' dir='ltr'><strong>Exstant</strong></span> <span class='ocrx_word' id='word_1_481' title='bbox 1348 3096 1622 3152; x_wconf 20' lang='lat' dir='ltr'><strong>autent’in</strong></span> <span class='ocrx_word' id='word_1_482' title='bbox 1668 3099 1853 3153; x_wconf 58' lang='lat' dir='ltr'><strong>Graeca</strong></span> <span class='ocrx_word' id='word_1_483' title='bbox 1884 3102 1998 3155; x_wconf 87' lang='lat' dir='ltr'><strong>edi-</strong></span> 
     </span>
    </p>
   </div>
   <div class='ocr_carea' id='block_1_61' title="bbox 447 3164 1054 3229">
    <p class='ocr_par' dir='ltr' id='par_1_61' title="bbox 447 3164 1054 3229">
     <span class='ocr_line' id='line_1_61' title="bbox 447 3164 1054 3229; baseline 0.002 -10"><span class='ocrx_word' id='word_1_484' title='bbox 447 3168 590 3219; x_wconf 89' lang='lat' dir='ltr'><strong>tione</strong></span> <span class='ocrx_word' id='word_1_485' title='bbox 620 3164 741 3218; x_wconf 83' lang='lat' dir='ltr'><strong>lsai.</strong></span> <span class='ocrx_word' id='word_1_486' title='bbox 773 3181 929 3229; x_wconf 78' lang='lat' dir='ltr'><strong>ant,</strong></span> <span class='ocrx_word' id='word_1_487' title='bbox 973 3166 1054 3220; x_wconf 75' lang='grc'><strong>14.</strong></span> 
     </span>
    </p>
   </div>
   <div class='ocr_carea' id='block_1_62' title="bbox 522 3234 2001 3305">
    <p class='ocr_par' dir='ltr' id='par_1_62' title="bbox 522 3234 2001 3305">
     <span class='ocr_line' id='line_1_62' title="bbox 522 3234 2001 3305; baseline 0.003 -19"><span class='ocrx_word' id='word_1_488' title='bbox 522 3236 596 3305; x_wconf 92' lang='grc'><strong>(1)</strong></span> <span class='ocrx_word' id='word_1_489' title='bbox 634 3234 899 3292; x_wconf 77' lang='lat' dir='ltr'><strong>Carnutis.</strong></span> <span class='ocrx_word' id='word_1_490' title='bbox 949 3235 968 3287; x_wconf 88' lang='lat' dir='ltr'><strong>l</strong></span> <span class='ocrx_word' id='word_1_491' title='bbox 1023 3238 1149 3291; x_wconf 90' lang='lat' dir='ltr'><strong>Cor.</strong></span> <span class='ocrx_word' id='word_1_492' title='bbox 1206 3251 1280 3297; x_wconf 81' lang='lat' dir='ltr'><strong>Il,</strong></span> <span class='ocrx_word' id='word_1_493' title='bbox 1340 3237 1423 3290; x_wconf 77' lang='lat' dir='ltr'><strong>M.</strong></span> <span class='ocrx_word' id='word_1_494' title='bbox 1483 3236 1666 3292; x_wconf 71' lang='lat' dir='ltr'><strong>Gra&#39;ca</strong></span> <span class='ocrx_word' id='word_1_495' title='bbox 1718 3238 1901 3297; x_wconf 87' lang='lat' dir='ltr'><strong>editio.</strong></span> <span class='ocrx_word' id='word_1_496' title='bbox 1946 3249 2001 3293; x_wconf 89' lang='lat' dir='ltr'><strong>et</strong></span> 
     </span>
    </p>
   </div>
   <div class='ocr_carea' id='block_1_63' title="bbox 450 3304 1993 3376">
    <p class='ocr_par' dir='ltr' id='par_1_63' title="bbox 450 3304 1993 3376">
     <span class='ocr_line' id='line_1_63' title="bbox 450 3304 1993 3376; baseline 0.003 -19"><span class='ocrx_word' id='word_1_497' title='bbox 450 3304 703 3373; x_wconf 77' lang='lat' dir='ltr'><strong>Vulgatus</strong></span> <span class='ocrx_word' id='word_1_498' title='bbox 732 3306 827 3359; x_wconf 90' lang='lat' dir='ltr'><strong>int.</strong></span> <span class='ocrx_word' id='word_1_499' title='bbox 866 3308 1043 3369; x_wconf 83' lang='lat' dir='ltr'><strong>habet,</strong></span> <span class='ocrx_word' id='word_1_500' title='bbox 1074 3307 1318 3376; x_wconf 72' lang='grc' dir='ltr'><strong>ψυχικάς.</strong></span> <span class='ocrx_word' id='word_1_501' title='bbox 1351 3309 1401 3360; x_wconf 90' lang='lat' dir='ltr'><strong>id</strong></span> <span class='ocrx_word' id='word_1_502' title='bbox 1432 3318 1513 3361; x_wconf 81' lang='lat' dir='ltr'><strong>est</strong></span> <span class='ocrx_word' id='word_1_503' title='bbox 1552 3309 1813 3360; x_wconf 86' lang='lat' dir='ltr'><strong>animalis.</strong></span> <span class='ocrx_word' id='word_1_504' title='bbox 1855 3309 1993 3374; x_wconf 78' lang='lat' dir='ltr'><strong>Quin</strong></span> 
     </span>
    </p>
   </div>
   <div class='ocr_carea' id='block_1_64' title="bbox 451 3376 1998 3445">
    <p class='ocr_par' dir='ltr' id='par_1_64' title="bbox 451 3376 1998 3445">
     <span class='ocr_line' id='line_1_64' title="bbox 451 3376 1998 3445; baseline 0.003 -18"><span class='ocrx_word' id='word_1_505' title='bbox 451 3376 703 3445; x_wconf 77' lang='lat' dir='ltr'><strong>Didymus</strong></span> <span class='ocrx_word' id='word_1_506' title='bbox 752 3378 863 3443; x_wconf 85' lang='lat' dir='ltr'><strong>ipse</strong></span> <span class='ocrx_word' id='word_1_507' title='bbox 900 3386 1009 3429; x_wconf 89' lang='lat' dir='ltr'><strong>tum</strong></span> <span class='ocrx_word' id='word_1_508' title='bbox 1058 3378 1109 3430; x_wconf 88' lang='lat' dir='ltr'><strong>in</strong></span> <span class='ocrx_word' id='word_1_509' title='bbox 1157 3382 1257 3430; x_wconf 89' lang='lat' dir='ltr'><strong>hoc</strong></span> <span class='ocrx_word' id='word_1_510' title='bbox 1290 3392 1468 3443; x_wconf 87' lang='lat' dir='ltr'><strong>opere,</strong></span> <span class='ocrx_word' id='word_1_511' title='bbox 1497 3392 1666 3443; x_wconf 75' lang='lat' dir='ltr'><strong>segni.</strong></span> <span class='ocrx_word' id='word_1_512' title='bbox 1701 3377 1770 3431; x_wconf 71' lang='lat'><strong>28</strong></span> <span class='ocrx_word' id='word_1_513' title='bbox 1806 3378 1855 3442; x_wconf 64' lang='grc' dir='ltr'><strong>ὁ,</strong></span> <span class='ocrx_word' id='word_1_514' title='bbox 1896 3379 1998 3431; x_wconf 67' lang='grc'>131</span> 
     </span>
    </p>
   </div>
   <div class='ocr_carea' id='block_1_65' title="bbox 447 3445 2001 3513">
    <p class='ocr_par' dir='ltr' id='par_1_65' title="bbox 447 3445 2001 3513">
     <span class='ocr_line' id='line_1_65' title="bbox 447 3445 2001 3513; baseline 0.003 -17"><span class='ocrx_word' id='word_1_515' title='bbox 447 3462 501 3505; x_wconf 89' lang='lat' dir='ltr'><strong>a,</strong></span> <span class='ocrx_word' id='word_1_516' title='bbox 532 3457 584 3497; x_wconf 91' lang='lat' dir='ltr'><strong>et</strong></span> <span class='ocrx_word' id='word_1_517' title='bbox 609 3445 756 3505; x_wconf 84' lang='lat' dir='ltr'><strong>alibi,</strong></span> <span class='ocrx_word' id='word_1_518' title='bbox 799 3456 908 3498; x_wconf 89' lang='lat' dir='ltr'><strong>lllltl</strong></span> <span class='ocrx_word' id='word_1_519' title='bbox 942 3447 993 3499; x_wconf 92' lang='lat' dir='ltr'><strong>iu</strong></span> <span class='ocrx_word' id='word_1_520' title='bbox 1018 3446 1152 3503; x_wconf 89' lang='lat' dir='ltr'><strong>libro</strong></span> <span class='ocrx_word' id='word_1_521' title='bbox 1176 3447 1247 3499; x_wconf 89' lang='lat' dir='ltr'><strong>De</strong></span> <span class='ocrx_word' id='word_1_522' title='bbox 1274 3448 1477 3513; x_wconf 81' lang='lat' dir='ltr'><strong>Spiritu</strong></span> <span class='ocrx_word' id='word_1_523' title='bbox 1511 3456 1712 3511; x_wconf 88' lang='lat' dir='ltr'><strong>sancto,</strong></span> <span class='ocrx_word' id='word_1_524' title='bbox 1741 3464 1885 3500; x_wconf 89' lang='lat' dir='ltr'><strong>num.</strong></span> <span class='ocrx_word' id='word_1_525' title='bbox 1910 3449 2001 3509; x_wconf 82' lang='grc'><strong>51.</strong></span> 
     </span>
    </p>
   </div>
   <div class='ocr_carea' id='block_1_66' title="bbox 451 3514 2002 3582">
    <p class='ocr_par' dir='ltr' id='par_1_66' title="bbox 451 3514 2002 3582">
     <span class='ocr_line' id='line_1_66' title="bbox 451 3514 2002 3582; baseline 0.003 -17"><span class='ocrx_word' id='word_1_526' title='bbox 451 3514 643 3577; x_wconf 82' lang='lat' dir='ltr'><strong>habet,</strong></span> <span class='ocrx_word' id='word_1_527' title='bbox 674 3515 950 3579; x_wconf 84' lang='lat' dir='ltr'><strong>animalis,</strong></span> <span class='ocrx_word' id='word_1_528' title='bbox 984 3531 1086 3570; x_wconf 90' lang='lat' dir='ltr'><strong>non</strong></span> <span class='ocrx_word' id='word_1_529' title='bbox 1117 3532 1275 3579; x_wconf 85' lang='lat' dir='ltr'><strong>vero,</strong></span> <span class='ocrx_word' id='word_1_530' title='bbox 1309 3516 1557 3571; x_wconf 87' lang='lat' dir='ltr'><strong>carnalis.</strong></span> <span class='ocrx_word' id='word_1_531' title='bbox 1590 3516 1741 3582; x_wconf 84' lang='lat' dir='ltr'><strong>Quod</strong></span> <span class='ocrx_word' id='word_1_532' title='bbox 1781 3517 1825 3569; x_wconf 87' lang='lat' dir='ltr'><strong>si</strong></span> <span class='ocrx_word' id='word_1_533' title='bbox 1860 3518 2002 3570; x_wconf 85' lang='lat' dir='ltr'><strong>edita</strong></span> 
     </span>
    </p>
   </div>
   <div class='ocr_carea' id='block_1_67' title="bbox 451 3583 2983 3680">
    <p class='ocr_par' dir='ltr' id='par_1_67' title="bbox 451 3583 2983 3680">
     <span class='ocr_line' id='line_1_67' title="bbox 451 3583 2983 3680; baseline 0.005 -45"><span class='ocrx_word' id='word_1_534' title='bbox 451 3591 654 3680; x_wconf 59' lang='lat' dir='ltr'><strong>tant&#39;utn</strong></span> <span class='ocrx_word' id='word_1_535' title='bbox 682 3583 797 3680; x_wconf 84' lang='lat' dir='ltr'><strong>ejusI</strong></span> <span class='ocrx_word' id='word_1_536' title='bbox 827 3585 2003 3680; x_wconf 55' lang='lat' dir='ltr'><strong>libriexemplariaospectemus,videbituribi</strong></span> <span class='ocrx_word' id='word_1_537' title='bbox 2025 3629 2066 3680; x_wconf 65' lang='lat'>.</span> <span class='ocrx_word' id='word_1_538' title='bbox 2109 3583 2250 3680; x_wconf 43' lang='lat' dir='ltr'><strong>suate</strong></span> <span class='ocrx_word' id='word_1_539' title='bbox 2281 3583 2811 3680; x_wconf 60' lang='lat' dir='ltr'><strong>valetnlleliraistnus</strong></span> <span class='ocrx_word' id='word_1_540' title='bbox 2862 3590 2983 3647; x_wconf 88' lang='lat' dir='ltr'><strong>iste.</strong></span> 
     </span>
    </p>
   </div>
   <div class='ocr_carea' id='block_1_68' title="bbox 447 3654 1999 3725">
    <p class='ocr_par' dir='ltr' id='par_1_68' title="bbox 447 3654 1999 3725">
     <span class='ocr_line' id='line_1_68' title="bbox 447 3654 1999 3725; baseline 0.003 -21"><span class='ocrx_word' id='word_1_541' title='bbox 447 3655 609 3723; x_wconf 83' lang='lat' dir='ltr'><strong>paulo</strong></span> <span class='ocrx_word' id='word_1_542' title='bbox 633 3665 751 3724; x_wconf 90' lang='lat' dir='ltr'><strong>post</strong></span> <span class='ocrx_word' id='word_1_543' title='bbox 785 3654 995 3725; x_wconf 69' lang='lat' dir='ltr'><strong>legisse,</strong></span> <span class='ocrx_word' id='word_1_544' title='bbox 1037 3672 1098 3709; x_wconf 90' lang='lat' dir='ltr'><strong>ea</strong></span> <span class='ocrx_word' id='word_1_545' title='bbox 1126 3654 1246 3725; x_wconf 68' lang='lat' dir='ltr'><strong>quis</strong></span> <span class='ocrx_word' id='word_1_546' title='bbox 1276 3654 1503 3723; x_wconf 81' lang='lat' dir='ltr'><strong>Spiritus</strong></span> <span class='ocrx_word' id='word_1_547' title='bbox 1540 3666 1680 3721; x_wconf 89' lang='lat' dir='ltr'><strong>sunt,</strong></span> <span class='ocrx_word' id='word_1_548' title='bbox 1718 3670 1822 3709; x_wconf 90' lang='lat' dir='ltr'><strong>non</strong></span> <span class='ocrx_word' id='word_1_549' title='bbox 1842 3671 1999 3725; x_wconf 87' lang='lat' dir='ltr'><strong>vero,</strong></span> 
     </span>
    </p>
   </div>
   <div class='ocr_carea' id='block_1_69' title="bbox 450 3724 2006 3792">
    <p class='ocr_par' dir='ltr' id='par_1_69' title="bbox 450 3724 2006 3792">
     <span class='ocr_line' id='line_1_69' title="bbox 450 3724 2006 3792; baseline 0.003 -17"><span class='ocrx_word' id='word_1_550' title='bbox 450 3740 512 3776; x_wconf 89' lang='lat' dir='ltr'><strong>ea</strong></span> <span class='ocrx_word' id='word_1_551' title='bbox 535 3741 650 3791; x_wconf 78' lang='lat' dir='ltr'><strong>qua:</strong></span> <span class='ocrx_word' id='word_1_552' title='bbox 676 3734 796 3777; x_wconf 88' lang='lat' dir='ltr'><strong>sunt</strong></span> <span class='ocrx_word' id='word_1_553' title='bbox 827 3724 1056 3792; x_wconf 87' lang='lat' dir='ltr'><strong>Spiritus</strong></span> <span class='ocrx_word' id='word_1_554' title='bbox 1077 3724 1189 3779; x_wconf 85' lang='lat' dir='ltr'><strong>Dei.</strong></span> <span class='ocrx_word' id='word_1_555' title='bbox 1216 3726 1284 3779; x_wconf 85' lang='lat' dir='ltr'><strong>At</strong></span> <span class='ocrx_word' id='word_1_556' title='bbox 1315 3741 1401 3779; x_wconf 87' lang='lat' dir='ltr'><strong>res</strong></span> <span class='ocrx_word' id='word_1_557' title='bbox 1429 3726 1581 3779; x_wconf 83' lang='lat' dir='ltr'><strong>aliter</strong></span> <span class='ocrx_word' id='word_1_558' title='bbox 1614 3740 1673 3779; x_wconf 87' lang='lat' dir='ltr'><strong>se</strong></span> <span class='ocrx_word' id='word_1_559' title='bbox 1700 3724 1933 3791; x_wconf 87' lang='lat' dir='ltr'><strong>habebit,</strong></span> <span class='ocrx_word' id='word_1_560' title='bbox 1962 3728 2006 3780; x_wconf 88' lang='lat' dir='ltr'><strong>si</strong></span> 
     </span>
    </p>
   </div>
   <div class='ocr_carea' id='block_1_70' title="bbox 453 3796 2002 3865">
    <p class='ocr_par' dir='ltr' id='par_1_70' title="bbox 453 3796 2002 3865">
     <span class='ocr_line' id='line_1_70' title="bbox 453 3796 2002 3865; baseline 0.001 -18"><span class='ocrx_word' id='word_1_561' title='bbox 453 3796 690 3849; x_wconf 88' lang='lat' dir='ltr'><strong>codicem</strong></span> <span class='ocrx_word' id='word_1_562' title='bbox 719 3811 819 3865; x_wconf 88' lang='lat' dir='ltr'><strong>ms.</strong></span> <span class='ocrx_word' id='word_1_563' title='bbox 859 3796 1196 3850; x_wconf 73' lang='lat' dir='ltr'><strong>bibliotheca:</strong></span> <span class='ocrx_word' id='word_1_564' title='bbox 1218 3806 1410 3850; x_wconf 73' lang='lat' dir='ltr'><strong>nostra:</strong></span> <span class='ocrx_word' id='word_1_565' title='bbox 1443 3796 1726 3865; x_wconf 87' lang='lat' dir='ltr'><strong>inspicere,</strong></span> <span class='ocrx_word' id='word_1_566' title='bbox 1750 3809 1811 3848; x_wconf 86' lang='lat' dir='ltr'><strong>ac</strong></span> <span class='ocrx_word' id='word_1_567' title='bbox 1850 3798 2002 3862; x_wconf 78' lang='lat' dir='ltr'><strong>sequi</strong></span> 
     </span>
    </p>
   </div>
   <div class='ocr_carea' id='block_1_71' title="bbox 452 3864 2008 3926">
    <p class='ocr_par' dir='ltr' id='par_1_71' title="bbox 452 3864 2008 3926">
     <span class='ocr_line' id='line_1_71' title="bbox 452 3864 2008 3926; baseline 0.002 -11"><span class='ocrx_word' id='word_1_568' title='bbox 452 3865 723 3917; x_wconf 82' lang='lat' dir='ltr'><strong>malimus.</strong></span> <span class='ocrx_word' id='word_1_569' title='bbox 762 3864 849 3918; x_wconf 83' lang='lat' dir='ltr'><strong>En</strong></span> <span class='ocrx_word' id='word_1_570' title='bbox 896 3875 1064 3920; x_wconf 90' lang='lat' dir='ltr'><strong>totum</strong></span> <span class='ocrx_word' id='word_1_571' title='bbox 1115 3866 1323 3926; x_wconf 83' lang='lat' dir='ltr'><strong>locum.</strong></span> <span class='ocrx_word' id='word_1_572' title='bbox 1356 3876 1411 3919; x_wconf 92' lang='lat' dir='ltr'><strong>ut</strong></span> <span class='ocrx_word' id='word_1_573' title='bbox 1443 3864 1619 3919; x_wconf 78' lang='lat' dir='ltr'><strong>exstat</strong></span> <span class='ocrx_word' id='word_1_574' title='bbox 1670 3868 1721 3918; x_wconf 92' lang='lat' dir='ltr'><strong>in</strong></span> <span class='ocrx_word' id='word_1_575' title='bbox 1773 3866 2008 3918; x_wconf 84' lang='lat' dir='ltr'><strong>editione</strong></span> 
     </span>
    </p>
   </div>
   <div class='ocr_carea' id='block_1_72' title="bbox 452 3930 2012 4004">
    <p class='ocr_par' dir='ltr' id='par_1_72' title="bbox 452 3930 2012 4004">
     <span class='ocr_line' id='line_1_72' title="bbox 452 3930 2012 4004; baseline 0.003 -20"><span class='ocrx_word' id='word_1_576' title='bbox 452 3930 791 3988; x_wconf 83' lang='lat' dir='ltr'><strong>Veronensi:</strong></span> <span class='ocrx_word' id='word_1_577' title='bbox 849 3950 868 3985; x_wconf 75' lang='grc' dir='ltr'><strong>ι</strong></span> <span class='ocrx_word' id='word_1_578' title='bbox 912 3934 1131 3989; x_wconf 79' lang='lat' dir='ltr'><strong>Docebit</strong></span> <span class='ocrx_word' id='word_1_579' title='bbox 1179 3950 1305 3989; x_wconf 85' lang='lat' dir='ltr'><strong>vero</strong></span> <span class='ocrx_word' id='word_1_580' title='bbox 1344 3951 1447 3989; x_wconf 92' lang='lat' dir='ltr'><strong>non</strong></span> <span class='ocrx_word' id='word_1_581' title='bbox 1498 3934 1653 4004; x_wconf 89' lang='lat' dir='ltr'><strong>quasi</strong></span> <span class='ocrx_word' id='word_1_582' title='bbox 1696 3935 1905 3996; x_wconf 88' lang='lat' dir='ltr'><strong>doctor,</strong></span> <span class='ocrx_word' id='word_1_583' title='bbox 1956 3948 2012 3989; x_wconf 85' lang='lat' dir='ltr'><strong>et</strong></span> 
     </span>
    </p>
   </div>
   <div class='ocr_carea' id='block_1_73' title="bbox 453 4004 2006 4074">
    <p class='ocr_par' dir='ltr' id='par_1_73' title="bbox 453 4004 2006 4074">
     <span class='ocr_line' id='line_1_73' title="bbox 453 4004 2006 4074; baseline 0.002 -19"><span class='ocrx_word' id='word_1_584' title='bbox 453 4007 708 4071; x_wconf 77' lang='lat' dir='ltr'><strong>magister</strong></span> <span class='ocrx_word' id='word_1_585' title='bbox 730 4004 1043 4071; x_wconf 73' lang='lat' dir='ltr'><strong>disciplinae,</strong></span> <span class='ocrx_word' id='word_1_586' title='bbox 1071 4020 1229 4074; x_wconf 87' lang='lat' dir='ltr'><strong>quam</strong></span> <span class='ocrx_word' id='word_1_587' title='bbox 1279 4005 1489 4057; x_wconf 84' lang='lat' dir='ltr'><strong>aliunde</strong></span> <span class='ocrx_word' id='word_1_588' title='bbox 1512 4015 1596 4058; x_wconf 89' lang='lat' dir='ltr'><strong>est</strong></span> <span class='ocrx_word' id='word_1_589' title='bbox 1616 4014 2006 4058; x_wconf 88' lang='lat' dir='ltr'><strong>consecutus...</strong></span> 
     </span>
    </p>
   </div>
   <div class='ocr_carea' id='block_1_74' title="bbox 453 4074 2008 4142">
    <p class='ocr_par' dir='ltr' id='par_1_74' title="bbox 453 4074 2008 4142">
     <span class='ocr_line' id='line_1_74' title="bbox 453 4074 2008 4142; baseline 0.001 -19"><span class='ocrx_word' id='word_1_590' title='bbox 453 4074 547 4124; x_wconf 85' lang='lat' dir='ltr'><strong>sed</strong></span> <span class='ocrx_word' id='word_1_591' title='bbox 588 4074 741 4138; x_wconf 87' lang='lat' dir='ltr'><strong>quasi</strong></span> <span class='ocrx_word' id='word_1_592' title='bbox 784 4075 894 4141; x_wconf 89' lang='lat' dir='ltr'><strong>ipse</strong></span> <span class='ocrx_word' id='word_1_593' title='bbox 939 4090 1056 4136; x_wconf 88' lang='lat' dir='ltr'><strong>ars,</strong></span> <span class='ocrx_word' id='word_1_594' title='bbox 1108 4084 1269 4142; x_wconf 85' lang='lat' dir='ltr'><strong>atque</strong></span> <span class='ocrx_word' id='word_1_595' title='bbox 1310 4074 1576 4135; x_wconf 88' lang='lat' dir='ltr'><strong>doctrina,</strong></span> <span class='ocrx_word' id='word_1_596' title='bbox 1618 4082 1672 4125; x_wconf 89' lang='lat' dir='ltr'><strong>et</strong></span> <span class='ocrx_word' id='word_1_597' title='bbox 1714 4075 2008 4141; x_wconf 82' lang='lat' dir='ltr'><strong>sapientia,</strong></span> 
     </span>
    </p>
   </div>
   <div class='ocr_carea' id='block_1_75' title="bbox 452 4142 2007 4209">
    <p class='ocr_par' dir='ltr' id='par_1_75' title="bbox 452 4142 2007 4209">
     <span class='ocr_line' id='line_1_75' title="bbox 452 4142 2007 4209; baseline 0.003 -18"><span class='ocrx_word' id='word_1_598' title='bbox 452 4142 803 4209; x_wconf 86' lang='lat' dir='ltr'><strong>veritatisque</strong></span> <span class='ocrx_word' id='word_1_599' title='bbox 833 4144 1155 4209; x_wconf 72' lang='lat' dir='ltr'><strong>Spiritus...</strong></span> <span class='ocrx_word' id='word_1_600' title='bbox 1184 4146 1437 4195; x_wconf 87' lang='lat' dir='ltr'><strong>amtacter</strong></span> <span class='ocrx_word' id='word_1_601' title='bbox 1462 4143 1565 4195; x_wconf 86' lang='lat' dir='ltr'><strong>alio</strong></span> <span class='ocrx_word' id='word_1_602' title='bbox 1597 4144 1961 4196; x_wconf 73' lang='lat' dir='ltr'><strong>cont-laniante</strong></span> <span class='ocrx_word' id='word_1_603' title='bbox 1993 4161 2007 4195; x_wconf 89' lang='lat'><strong>:</strong></span> 
     </span>
    </p>
   </div>
   <div class='ocr_carea' id='block_1_76' title="bbox 452 4209 2004 4289">
    <p class='ocr_par' dir='ltr' id='par_1_76' title="bbox 452 4209 2002 4289">
     <span class='ocr_line' id='line_1_76' title="bbox 452 4209 2002 4289; baseline 0.002 -28"><span class='ocrx_word' id='word_1_604' title='bbox 452 4209 713 4289; x_wconf 41' lang='lat' dir='ltr'><strong>Docuisti‘</strong></span> <span class='ocrx_word' id='word_1_605' title='bbox 736 4227 815 4264; x_wconf 87' lang='lat' dir='ltr'><strong>me</strong></span> <span class='ocrx_word' id='word_1_606' title='bbox 833 4212 855 4276; x_wconf 60' lang='grc'><strong>,“</strong></span> <span class='ocrx_word' id='word_1_607' title='bbox 882 4211 1026 4289; x_wconf 81' lang='lat' dir='ltr'><strong>_Deu_s</strong></span> <span class='ocrx_word' id='word_1_608' title='bbox 1053 4252 1098 4289; x_wconf 39' lang='lat' dir='ltr'><strong>,n</strong></span> <span class='ocrx_word' id='word_1_609' title='bbox 1118 4230 1153 4289; x_wconf 66' lang='grc' dir='ltr'><strong>τι</strong></span> <span class='ocrx_word' id='word_1_610' title='bbox 1192 4213 1499 4289; x_wconf 35' lang='lat' dir='ltr'><strong>juventutem</strong></span> <span class='ocrx_word' id='word_1_611' title='bbox 1512 4228 1662 4289; x_wconf 54' lang='lat' dir='ltr'><strong>inea:</strong></span> <span class='ocrx_word' id='word_1_612' title='bbox 1713 4224 1875 4289; x_wconf 80' lang='lat' dir='ltr'><strong>atque</strong></span> <span class='ocrx_word' id='word_1_613' title='bbox 1932 4212 2002 4289; x_wconf 81' lang='lat' dir='ltr'><strong>ita</strong></span> 
     </span>
    </p>
   </div>
   <div class='ocr_carea' id='block_1_77' title="bbox 2130 4209 3426 4289">
    <p class='ocr_par' dir='ltr' id='par_1_77' title="bbox 2130 4209 3426 4289">
     <span class='ocr_line' id='line_1_77' title="bbox 2130 4209 3426 4289; baseline 0.001 -23"><span class='ocrx_word' id='word_1_614' title='bbox 2130 4214 2205 4266; x_wconf 79' lang='grc' dir='ltr'><strong>ιαί</strong></span> <span class='ocrx_word' id='word_1_615' title='bbox 2236 4212 2325 4265; x_wconf 80' lang='grc' dir='ltr'><strong>τὸν</strong></span> <span class='ocrx_word' id='word_1_616' title='bbox 2345 4209 2573 4289; x_wconf 68' lang='grc' dir='ltr'><strong>Σαῦλον,</strong></span> <span class='ocrx_word' id='word_1_617' title='bbox 2598 4209 2660 4289; x_wconf 72' lang='lat' dir='ltr'><strong>et</strong></span> <span class='ocrx_word' id='word_1_618' title='bbox 2697 4209 3020 4289; x_wconf 52' lang='lat' dir='ltr'><strong>reli&#39;qtia.__l_ii_</strong></span> <span class='ocrx_word' id='word_1_619' title='bbox 3046 4209 3182 4270; x_wconf 83' lang='lat' dir='ltr'><strong>libro</strong></span> <span class='ocrx_word' id='word_1_620' title='bbox 3212 4216 3426 4289; x_wconf 68' lang='lat' dir='ltr'><strong>quidem</strong></span> 
     </span>
    </p>
   </div>
   <div class='ocr_carea' id='block_1_78' title="bbox 451 4278 2001 4348">
    <p class='ocr_par' dir='ltr' id='par_1_78' title="bbox 451 4278 2001 4348">
     <span class='ocr_line' id='line_1_78' title="bbox 451 4278 2001 4348; baseline 0.004 -20"><span class='ocrx_word' id='word_1_621' title='bbox 451 4292 640 4348; x_wconf 82' lang='lat' dir='ltr'><strong>omnes</strong></span> <span class='ocrx_word' id='word_1_622' title='bbox 685 4280 818 4334; x_wconf 81' lang='lat' dir='ltr'><strong>[lunt</strong></span> <span class='ocrx_word' id='word_1_623' title='bbox 863 4282 1026 4335; x_wconf 90' lang='lat' dir='ltr'><strong>docti.</strong></span> <span class='ocrx_word' id='word_1_624' title='bbox 1067 4281 1156 4334; x_wconf 87' lang='lat' dir='ltr'><strong>Dei</strong></span> <span class='ocrx_word' id='word_1_625' title='bbox 1195 4296 1406 4348; x_wconf 82' lang='lat' dir='ltr'><strong>quoque</strong></span> <span class='ocrx_word' id='word_1_626' title='bbox 1447 4278 1614 4334; x_wconf 83' lang='lat' dir='ltr'><strong>Filius</strong></span> <span class='ocrx_word' id='word_1_627' title='bbox 1654 4292 1710 4335; x_wconf 90' lang='lat' dir='ltr'><strong>et</strong></span> <span class='ocrx_word' id='word_1_628' title='bbox 1742 4282 2001 4347; x_wconf 84' lang='lat' dir='ltr'><strong>sapientia</strong></span> 
     </span>
    </p>
   </div>
   <div class='ocr_carea' id='block_1_79' title="bbox 453 4346 2005 4417">
    <p class='ocr_par' dir='ltr' id='par_1_79' title="bbox 453 4346 2005 4417">
     <span class='ocr_line' id='line_1_79' title="bbox 453 4346 2005 4417; baseline 0.003 -18"><span class='ocrx_word' id='word_1_629' title='bbox 453 4346 546 4401; x_wconf 85' lang='lat' dir='ltr'><strong>Dei</strong></span> <span class='ocrx_word' id='word_1_630' title='bbox 574 4358 627 4402; x_wconf 88' lang='lat' dir='ltr'><strong>et</strong></span> <span class='ocrx_word' id='word_1_631' title='bbox 659 4352 856 4403; x_wconf 86' lang='lat' dir='ltr'><strong>veritas</strong></span> <span class='ocrx_word' id='word_1_632' title='bbox 882 4351 961 4403; x_wconf 89' lang='lat' dir='ltr'><strong>sic</strong></span> <span class='ocrx_word' id='word_1_633' title='bbox 992 4351 1146 4404; x_wconf 88' lang='lat' dir='ltr'><strong>docet</strong></span> <span class='ocrx_word' id='word_1_634' title='bbox 1184 4346 1470 4417; x_wconf 75' lang='lat' dir='ltr'><strong>participes</strong></span> <span class='ocrx_word' id='word_1_635' title='bbox 1499 4366 1715 4405; x_wconf 68' lang='lat' dir='ltr'><strong>suos...</strong></span> <span class='ocrx_word' id='word_1_636' title='bbox 1763 4346 1912 4405; x_wconf 86' lang='lat' dir='ltr'><strong>Unde</strong></span> <span class='ocrx_word' id='word_1_637' title='bbox 1950 4358 2005 4404; x_wconf 90' lang='lat' dir='ltr'><strong>et</strong></span> 
     </span>
    </p>
   </div>
   <div class='ocr_carea' id='block_1_80' title="bbox 453 4419 2037 4488">
    <p class='ocr_par' dir='ltr' id='par_1_80' title="bbox 453 4419 2037 4488">
     <span class='ocr_line' id='line_1_80' title="bbox 453 4419 2037 4488; baseline 0.003 -20"><span class='ocrx_word' id='word_1_638' title='bbox 453 4433 574 4488; x_wconf 85' lang='lat' dir='ltr'><strong>eum</strong></span> <span class='ocrx_word' id='word_1_639' title='bbox 621 4419 881 4479; x_wconf 89' lang='lat' dir='ltr'><strong>docentur</strong></span> <span class='ocrx_word' id='word_1_640' title='bbox 929 4419 1098 4473; x_wconf 81' lang='lat' dir='ltr'><strong>Solum</strong></span> <span class='ocrx_word' id='word_1_641' title='bbox 1140 4420 1453 4486; x_wconf 82' lang='lat' dir='ltr'><strong>magistrum</strong></span> <span class='ocrx_word' id='word_1_642' title='bbox 1493 4436 1686 4475; x_wconf 89' lang='lat' dir='ltr'><strong>vocare</strong></span> <span class='ocrx_word' id='word_1_643' title='bbox 1732 4420 2037 4488; x_wconf 28' lang='lat' dir='ltr'><strong>discipulis</strong></span> 
     </span>
    </p>
   </div>
   <div class='ocr_carea' id='block_1_81' title="bbox 459 4486 2002 4558">
    <p class='ocr_par' dir='ltr' id='par_1_81' title="bbox 459 4486 2002 4558">
     <span class='ocr_line' id='line_1_81' title="bbox 459 4486 2002 4558; baseline 0.003 -20"><span class='ocrx_word' id='word_1_644' title='bbox 459 4486 562 4558; x_wconf 85' lang='lat' dir='ltr'><strong>llas</strong></span> <span class='ocrx_word' id='word_1_645' title='bbox 594 4491 808 4543; x_wconf 86' lang='lat' dir='ltr'><strong>easdem</strong></span> <span class='ocrx_word' id='word_1_646' title='bbox 838 4489 1166 4557; x_wconf 90' lang='lat' dir='ltr'><strong>disciplinas,</strong></span> <span class='ocrx_word' id='word_1_647' title='bbox 1199 4504 1316 4558; x_wconf 71' lang='lat' dir='ltr'><strong>qua:</strong></span> <span class='ocrx_word' id='word_1_648' title='bbox 1350 4491 1543 4542; x_wconf 87' lang='lat' dir='ltr'><strong>dantur</strong></span> <span class='ocrx_word' id='word_1_649' title='bbox 1568 4506 1597 4543; x_wconf 93' lang='lat' dir='ltr'><strong>a</strong></span> <span class='ocrx_word' id='word_1_650' title='bbox 1638 4489 1796 4543; x_wconf 85' lang='lat' dir='ltr'><strong>Patre</strong></span> <span class='ocrx_word' id='word_1_651' title='bbox 1827 4486 1882 4542; x_wconf 80' lang='lat' dir='ltr'><strong>et</strong></span> <span class='ocrx_word' id='word_1_652' title='bbox 1911 4489 2002 4543; x_wconf 85' lang='lat' dir='ltr'><strong>Fi-</strong></span> 
     </span>
    </p>
   </div>
   <div class='ocr_carea' id='block_1_82' title="bbox 456 4556 2007 4627">
    <p class='ocr_par' dir='ltr' id='par_1_82' title="bbox 456 4556 2007 4627">
     <span class='ocr_line' id='line_1_82' title="bbox 456 4556 2007 4627; baseline 0.003 -20"><span class='ocrx_word' id='word_1_653' title='bbox 456 4556 525 4609; x_wconf 88' lang='lat' dir='ltr'><strong>lio</strong></span> <span class='ocrx_word' id='word_1_654' title='bbox 561 4559 614 4611; x_wconf 88' lang='lat' dir='ltr'><strong>in</strong></span> <span class='ocrx_word' id='word_1_655' title='bbox 664 4562 821 4611; x_wconf 87' lang='lat' dir='ltr'><strong>corda</strong></span> <span class='ocrx_word' id='word_1_656' title='bbox 855 4556 1189 4611; x_wconf 86' lang='lat' dir='ltr'><strong>credentium</strong></span> <span class='ocrx_word' id='word_1_657' title='bbox 1218 4556 1451 4627; x_wconf 78' lang='lat' dir='ltr'><strong>Spiritus</strong></span> <span class='ocrx_word' id='word_1_658' title='bbox 1488 4568 1702 4612; x_wconf 83' lang='lat' dir='ltr'><strong>sanctus</strong></span> <span class='ocrx_word' id='word_1_659' title='bbox 1742 4559 2007 4612; x_wconf 71' lang='lat' dir='ltr'><strong>ministrat</strong></span> 
     </span>
    </p>
   </div>
   <div class='ocr_carea' id='block_1_83' title="bbox 457 4627 2005 4695">
    <p class='ocr_par' dir='ltr' id='par_1_83' title="bbox 457 4627 2005 4695">
     <span class='ocr_line' id='line_1_83' title="bbox 457 4627 2005 4695; baseline 0 -16"><span class='ocrx_word' id='word_1_660' title='bbox 457 4628 540 4680; x_wconf 91' lang='lat' dir='ltr'><strong>his</strong></span> <span class='ocrx_word' id='word_1_661' title='bbox 566 4668 581 4692; x_wconf 94' lang='lat'><strong>,</strong></span> <span class='ocrx_word' id='word_1_662' title='bbox 619 4628 707 4695; x_wconf 89' lang='lat' dir='ltr'><strong>qui</strong></span> <span class='ocrx_word' id='word_1_663' title='bbox 741 4627 1000 4684; x_wconf 84' lang='lat' dir='ltr'><strong>animales</strong></span> <span class='ocrx_word' id='word_1_664' title='bbox 1030 4644 1151 4683; x_wconf 89' lang='lat' dir='ltr'><strong>esse</strong></span> <span class='ocrx_word' id='word_1_665' title='bbox 1190 4630 1469 4681; x_wconf 89' lang='lat' dir='ltr'><strong>desierint.</strong></span> <span class='ocrx_word' id='word_1_666' title='bbox 1520 4627 1774 4680; x_wconf 77' lang='lat' dir='ltr'><strong>Animalis</strong></span> <span class='ocrx_word' id='word_1_667' title='bbox 1821 4629 2005 4695; x_wconf 79' lang='lat' dir='ltr'><strong>quippe</strong></span> 
     </span>
    </p>
   </div>
   <div class='ocr_carea' id='block_1_84' title="bbox 456 4698 2004 4767">
    <p class='ocr_par' dir='ltr' id='par_1_84' title="bbox 456 4698 2004 4767">
     <span class='ocr_line' id='line_1_84' title="bbox 456 4698 2004 4767; baseline 0.001 -18"><span class='ocrx_word' id='word_1_668' title='bbox 456 4701 607 4749; x_wconf 77' lang='lat' dir='ltr'><strong>homo</strong></span> <span class='ocrx_word' id='word_1_669' title='bbox 650 4714 751 4751; x_wconf 88' lang='lat' dir='ltr'><strong>non</strong></span> <span class='ocrx_word' id='word_1_670' title='bbox 783 4698 994 4764; x_wconf 83' lang='lat' dir='ltr'><strong>percipit</strong></span> <span class='ocrx_word' id='word_1_671' title='bbox 1027 4714 1087 4752; x_wconf 87' lang='lat' dir='ltr'><strong>ea</strong></span> <span class='ocrx_word' id='word_1_672' title='bbox 1107 4739 1121 4762; x_wconf 96' lang='lat'><strong>,</strong></span> <span class='ocrx_word' id='word_1_673' title='bbox 1146 4715 1262 4767; x_wconf 69' lang='lat' dir='ltr'><strong>quit.</strong></span> <span class='ocrx_word' id='word_1_674' title='bbox 1294 4698 1520 4766; x_wconf 77' lang='lat' dir='ltr'><strong>Spiritus</strong></span> <span class='ocrx_word' id='word_1_675' title='bbox 1558 4708 1676 4750; x_wconf 87' lang='lat' dir='ltr'><strong>sunt</strong></span> <span class='ocrx_word' id='word_1_676' title='bbox 1702 4713 1718 4749; x_wconf 91' lang='lat'><strong><em>:</em></strong></span> <span class='ocrx_word' id='word_1_677' title='bbox 1743 4698 2004 4750; x_wconf 88' lang='lat' dir='ltr'><strong>arbitrans</strong></span> 
     </span>
    </p>
   </div>
   <div class='ocr_carea' id='block_1_85' title="bbox 455 4768 2005 4835">
    <p class='ocr_par' dir='ltr' id='par_1_85' title="bbox 455 4768 2005 4835">
     <span class='ocr_line' id='line_1_85' title="bbox 455 4768 2005 4835; baseline 0.001 -16"><span class='ocrx_word' id='word_1_678' title='bbox 455 4783 576 4821; x_wconf 87' lang='lat' dir='ltr'><strong>esse</strong></span> <span class='ocrx_word' id='word_1_679' title='bbox 608 4768 886 4821; x_wconf 87' lang='lat' dir='ltr'><strong>stultitiam</strong></span> <span class='ocrx_word' id='word_1_680' title='bbox 921 4783 1038 4835; x_wconf 71' lang='lat' dir='ltr'><strong>qua:</strong></span> <span class='ocrx_word' id='word_1_681' title='bbox 1072 4769 1339 4822; x_wconf 84' lang='lat' dir='ltr'><strong>dicuntur.</strong></span> <span class='ocrx_word' id='word_1_682' title='bbox 1384 4785 1403 4816; x_wconf 75' lang='grc' dir='ltr'><strong>ι</strong></span> <span class='ocrx_word' id='word_1_683' title='bbox 1446 4770 1625 4821; x_wconf 77' lang='lat' dir='ltr'><strong>Codex</strong></span> <span class='ocrx_word' id='word_1_684' title='bbox 1660 4782 1787 4821; x_wconf 89' lang='lat' dir='ltr'><strong>vero</strong></span> <span class='ocrx_word' id='word_1_685' title='bbox 1822 4778 2005 4820; x_wconf 81' lang='lat' dir='ltr'><strong>uester</strong></span> 
     </span>
    </p>
   </div>
   <div class='ocr_carea' id='block_1_86' title="bbox 461 4834 2007 4905">
    <p class='ocr_par' dir='ltr' id='par_1_86' title="bbox 461 4834 2007 4905">
     <span class='ocr_line' id='line_1_86' title="bbox 461 4834 2007 4905; baseline -0.001 -16"><span class='ocrx_word' id='word_1_686' title='bbox 461 4837 622 4891; x_wconf 84' lang='lat' dir='ltr'><strong>habet</strong></span> <span class='ocrx_word' id='word_1_687' title='bbox 649 4855 661 4889; x_wconf 91' lang='lat'><strong>:</strong></span> <span class='ocrx_word' id='word_1_688' title='bbox 700 4834 1112 4902; x_wconf 85' lang='lat' dir='ltr'><strong>Docebit,etc...</strong></span> <span class='ocrx_word' id='word_1_689' title='bbox 1140 4846 1187 4890; x_wconf 90' lang='lat' dir='ltr'><strong>et</strong></span> <span class='ocrx_word' id='word_1_690' title='bbox 1222 4834 1501 4905; x_wconf 75' lang='lat' dir='ltr'><strong>Sapientia:</strong></span> <span class='ocrx_word' id='word_1_691' title='bbox 1529 4838 1853 4905; x_wconf 72' lang='lat' dir='ltr'><strong>veritatisque</strong></span> <span class='ocrx_word' id='word_1_692' title='bbox 1890 4835 2007 4901; x_wconf 86' lang='lat' dir='ltr'><strong>Spi-</strong></span> 
     </span>
    </p>
   </div>
   <div class='ocr_carea' id='block_1_87' title="bbox 457 4905 2006 4969">
    <p class='ocr_par' dir='ltr' id='par_1_87' title="bbox 457 4905 2006 4969">
     <span class='ocr_line' id='line_1_87' title="bbox 457 4905 2006 4969; baseline -0.001 -11"><span class='ocrx_word' id='word_1_693' title='bbox 457 4908 657 4960; x_wconf 82' lang='lat' dir='ltr'><strong>ritus...</strong></span> <span class='ocrx_word' id='word_1_694' title='bbox 671 4908 919 4960; x_wconf 81' lang='lat' dir='ltr'><strong>audacter</strong></span> <span class='ocrx_word' id='word_1_695' title='bbox 931 4908 1035 4959; x_wconf 88' lang='lat' dir='ltr'><strong>alio</strong></span> <span class='ocrx_word' id='word_1_696' title='bbox 1055 4909 1409 4959; x_wconf 79' lang='lat' dir='ltr'><strong>conclamante</strong></span> <span class='ocrx_word' id='word_1_697' title='bbox 1429 4922 1446 4959; x_wconf 89' lang='lat'><strong><em>:</em></strong></span> <span class='ocrx_word' id='word_1_698' title='bbox 1464 4907 1695 4959; x_wconf 89' lang='lat' dir='ltr'><strong>Docuisti</strong></span> <span class='ocrx_word' id='word_1_699' title='bbox 1719 4923 1824 4969; x_wconf 83' lang='lat' dir='ltr'><strong>me,</strong></span> <span class='ocrx_word' id='word_1_700' title='bbox 1847 4905 2006 4968; x_wconf 89' lang='lat' dir='ltr'><strong>Deus,</strong></span> 
     </span>
    </p>
   </div>
   <div class='ocr_carea' id='block_1_88' title="bbox 459 4976 2004 5043">
    <p class='ocr_par' dir='ltr' id='par_1_88' title="bbox 459 4976 2004 5043">
     <span class='ocr_line' id='line_1_88' title="bbox 459 4976 2004 5043; baseline 0 -16"><span class='ocrx_word' id='word_1_701' title='bbox 459 4993 487 5027; x_wconf 80' lang='lat' dir='ltr'><strong>a</strong></span> <span class='ocrx_word' id='word_1_702' title='bbox 514 4976 791 5040; x_wconf 71' lang='lat' dir='ltr'><strong>iuventute</strong></span> <span class='ocrx_word' id='word_1_703' title='bbox 818 4992 954 5031; x_wconf 89' lang='lat' dir='ltr'><strong>mea.</strong></span> <span class='ocrx_word' id='word_1_704' title='bbox 979 4977 1141 5043; x_wconf 83' lang='lat' dir='ltr'><strong>Atque</strong></span> <span class='ocrx_word' id='word_1_705' title='bbox 1170 4990 1187 5028; x_wconf 84' lang='lat'><strong>.&#39;</strong></span> <span class='ocrx_word' id='word_1_706' title='bbox 1219 4976 1415 5029; x_wconf 88' lang='lat' dir='ltr'><strong>Omnes</strong></span> <span class='ocrx_word' id='word_1_707' title='bbox 1445 4980 1575 5028; x_wconf 89' lang='lat' dir='ltr'><strong>liunt</strong></span> <span class='ocrx_word' id='word_1_708' title='bbox 1606 4976 1862 5029; x_wconf 83' lang='lat' dir='ltr'><strong>docibiles</strong></span> <span class='ocrx_word' id='word_1_709' title='bbox 1894 4976 2004 5027; x_wconf 88' lang='lat' dir='ltr'><strong>Dei.</strong></span> 
     </span>
    </p>
   </div>
   <div class='ocr_carea' id='block_1_89' title="bbox 460 5043 2007 5113">
    <p class='ocr_par' dir='ltr' id='par_1_89' title="bbox 460 5043 2007 5113">
     <span class='ocr_line' id='line_1_89' title="bbox 460 5043 2007 5113; baseline 0.001 -19"><span class='ocrx_word' id='word_1_710' title='bbox 460 5045 631 5097; x_wconf 58' lang='lat' dir='ltr'><strong>lt&#39;ttius</strong></span> <span class='ocrx_word' id='word_1_711' title='bbox 672 5062 872 5113; x_wconf 86' lang='lat' dir='ltr'><strong>quoque</strong></span> <span class='ocrx_word' id='word_1_712' title='bbox 929 5044 1162 5107; x_wconf 77' lang='lat' dir='ltr'><strong>Veritas,</strong></span> <span class='ocrx_word' id='word_1_713' title='bbox 1202 5056 1248 5099; x_wconf 91' lang='lat' dir='ltr'><strong>et</strong></span> <span class='ocrx_word' id='word_1_714' title='bbox 1284 5044 1549 5111; x_wconf 73' lang='lat' dir='ltr'><strong>Sapientia</strong></span> <span class='ocrx_word' id='word_1_715' title='bbox 1593 5043 1685 5096; x_wconf 87' lang='lat' dir='ltr'><strong>Dei</strong></span> <span class='ocrx_word' id='word_1_716' title='bbox 1737 5048 1810 5096; x_wconf 89' lang='lat' dir='ltr'><strong>sic</strong></span> <span class='ocrx_word' id='word_1_717' title='bbox 1862 5044 2007 5095; x_wconf 84' lang='lat' dir='ltr'><strong>docet</strong></span> 
     </span>
    </p>
   </div>
   <div class='ocr_carea' id='block_1_90' title="bbox 459 5114 2011 5182">
    <p class='ocr_par' dir='ltr' id='par_1_90' title="bbox 459 5114 2011 5182">
     <span class='ocr_line' id='line_1_90' title="bbox 459 5114 2011 5182; baseline -0.001 -17"><span class='ocrx_word' id='word_1_718' title='bbox 459 5117 744 5182; x_wconf 73' lang='lat' dir='ltr'><strong>participes</strong></span> <span class='ocrx_word' id='word_1_719' title='bbox 767 5131 957 5171; x_wconf 78' lang='lat' dir='ltr'><strong>suos...</strong></span> <span class='ocrx_word' id='word_1_720' title='bbox 981 5114 1131 5167; x_wconf 82' lang='lat' dir='ltr'><strong>Unde</strong></span> <span class='ocrx_word' id='word_1_721' title='bbox 1152 5131 1195 5168; x_wconf 90' lang='lat' dir='ltr'><strong>et</strong></span> <span class='ocrx_word' id='word_1_722' title='bbox 1224 5130 1337 5167; x_wconf 85' lang='lat' dir='ltr'><strong>eunt</strong></span> <span class='ocrx_word' id='word_1_723' title='bbox 1372 5117 1541 5167; x_wconf 87' lang='lat' dir='ltr'><strong>solunt</strong></span> <span class='ocrx_word' id='word_1_724' title='bbox 1565 5116 1813 5167; x_wconf 86' lang='lat' dir='ltr'><strong>docentur</strong></span> <span class='ocrx_word' id='word_1_725' title='bbox 1845 5116 2011 5181; x_wconf 79' lang='lat' dir='ltr'><strong>inagi-</strong></span> 
     </span>
    </p>
   </div>
   <div class='ocr_carea' id='block_1_91' title="bbox 459 5183 2005 5252">
    <p class='ocr_par' dir='ltr' id='par_1_91' title="bbox 459 5183 2005 5252">
     <span class='ocr_line' id='line_1_91' title="bbox 459 5183 2005 5252; baseline -0.001 -17"><span class='ocrx_word' id='word_1_726' title='bbox 459 5198 623 5235; x_wconf 88' lang='lat' dir='ltr'><strong>strum</strong></span> <span class='ocrx_word' id='word_1_727' title='bbox 663 5200 841 5236; x_wconf 63' lang='lat' dir='ltr'><strong>uocare</strong></span> <span class='ocrx_word' id='word_1_728' title='bbox 871 5186 1135 5252; x_wconf 83' lang='lat' dir='ltr'><strong>discipuli.</strong></span> <span class='ocrx_word' id='word_1_729' title='bbox 1177 5184 1289 5237; x_wconf 84' lang='lat' dir='ltr'><strong>Has</strong></span> <span class='ocrx_word' id='word_1_730' title='bbox 1329 5188 1534 5237; x_wconf 84' lang='lat' dir='ltr'><strong>easdem</strong></span> <span class='ocrx_word' id='word_1_731' title='bbox 1570 5183 1730 5251; x_wconf 86' lang='lat' dir='ltr'><strong>igitur</strong></span> <span class='ocrx_word' id='word_1_732' title='bbox 1768 5183 2005 5248; x_wconf 83' lang='lat' dir='ltr'><strong>discipli-</strong></span> 
     </span>
    </p>
   </div>
   <div class='ocr_carea' id='block_1_92' title="bbox 461 5254 2009 5321">
    <p class='ocr_par' dir='ltr' id='par_1_92' title="bbox 461 5254 2009 5321">
     <span class='ocr_line' id='line_1_92' title="bbox 461 5254 2009 5321; baseline 0.001 -19"><span class='ocrx_word' id='word_1_733' title='bbox 461 5269 579 5313; x_wconf 90' lang='lat' dir='ltr'><strong>nas,</strong></span> <span class='ocrx_word' id='word_1_734' title='bbox 606 5268 721 5320; x_wconf 73' lang='lat' dir='ltr'><strong>qua:</strong></span> <span class='ocrx_word' id='word_1_735' title='bbox 749 5255 958 5315; x_wconf 89' lang='lat' dir='ltr'><strong>dantur,</strong></span> <span class='ocrx_word' id='word_1_736' title='bbox 984 5264 1136 5306; x_wconf 80' lang='lat' dir='ltr'><strong>etc...</strong></span> <span class='ocrx_word' id='word_1_737' title='bbox 1170 5254 1247 5305; x_wconf 87' lang='lat' dir='ltr'><strong>Itis</strong></span> <span class='ocrx_word' id='word_1_738' title='bbox 1288 5255 1373 5321; x_wconf 86' lang='lat' dir='ltr'><strong>qui</strong></span> <span class='ocrx_word' id='word_1_739' title='bbox 1409 5256 1660 5304; x_wconf 87' lang='lat' dir='ltr'><strong>animales</strong></span> <span class='ocrx_word' id='word_1_740' title='bbox 1706 5268 1813 5305; x_wconf 87' lang='lat' dir='ltr'><strong>esse</strong></span> <span class='ocrx_word' id='word_1_741' title='bbox 1842 5254 2009 5304; x_wconf 80' lang='lat' dir='ltr'><strong>desie-</strong></span> 
     </span>
    </p>
   </div>
   <div class='ocr_carea' id='block_1_93' title="bbox 460 5322 2011 5389">
    <p class='ocr_par' dir='ltr' id='par_1_93' title="bbox 460 5322 2011 5389">
     <span class='ocr_line' id='line_1_93' title="bbox 460 5322 2011 5389; baseline -0.001 -15"><span class='ocrx_word' id='word_1_742' title='bbox 460 5335 613 5381; x_wconf 87' lang='lat' dir='ltr'><strong>runt,</strong></span> <span class='ocrx_word' id='word_1_743' title='bbox 645 5322 890 5374; x_wconf 83' lang='lat' dir='ltr'><strong>animalis</strong></span> <span class='ocrx_word' id='word_1_744' title='bbox 932 5325 1124 5389; x_wconf 85' lang='lat' dir='ltr'><strong>quippe</strong></span> <span class='ocrx_word' id='word_1_745' title='bbox 1174 5328 1329 5375; x_wconf 87' lang='lat' dir='ltr'><strong>homo</strong></span> <span class='ocrx_word' id='word_1_746' title='bbox 1374 5340 1477 5376; x_wconf 92' lang='lat' dir='ltr'><strong>non</strong></span> <span class='ocrx_word' id='word_1_747' title='bbox 1529 5323 1755 5388; x_wconf 80' lang='lat' dir='ltr'><strong>percipit</strong></span> <span class='ocrx_word' id='word_1_748' title='bbox 1799 5336 1858 5373; x_wconf 85' lang='lat' dir='ltr'><strong>ea</strong></span> <span class='ocrx_word' id='word_1_749' title='bbox 1892 5337 2011 5387; x_wconf 77' lang='lat' dir='ltr'><strong>qua:</strong></span> 
     </span>
    </p>
   </div>
   <div class='ocr_carea' id='block_1_94' title="bbox 461 5391 2009 5459">
    <p class='ocr_par' dir='ltr' id='par_1_94' title="bbox 461 5391 2009 5459">
     <span class='ocr_line' id='line_1_94' title="bbox 461 5391 2009 5459; baseline -0.001 -15"><span class='ocrx_word' id='word_1_750' title='bbox 461 5402 585 5444; x_wconf 88' lang='lat' dir='ltr'><strong>sunt</strong></span> <span class='ocrx_word' id='word_1_751' title='bbox 622 5391 853 5457; x_wconf 79' lang='lat' dir='ltr'><strong>Spiritus</strong></span> <span class='ocrx_word' id='word_1_752' title='bbox 885 5394 996 5452; x_wconf 84' lang='lat' dir='ltr'><strong>Det,</strong></span> <span class='ocrx_word' id='word_1_753' title='bbox 1032 5394 1319 5456; x_wconf 83' lang='lat' dir='ltr'><strong>arbitrans,</strong></span> <span class='ocrx_word' id='word_1_754' title='bbox 1355 5409 1464 5446; x_wconf 85' lang='lat' dir='ltr'><strong>esse</strong></span> <span class='ocrx_word' id='word_1_755' title='bbox 1489 5392 1765 5445; x_wconf 80' lang='lat' dir='ltr'><strong>stultitiam</strong></span> <span class='ocrx_word' id='word_1_756' title='bbox 1788 5406 1903 5459; x_wconf 76' lang='lat' dir='ltr'><strong>qua:</strong></span> <span class='ocrx_word' id='word_1_757' title='bbox 1927 5392 2009 5442; x_wconf 76' lang='lat' dir='ltr'><strong>ui-</strong></span> 
     </span>
    </p>
   </div>
   <div class='ocr_carea' id='block_1_95' title="bbox 460 5475 668 5514">
    <p class='ocr_par' dir='ltr' id='par_1_95' title="bbox 460 5475 668 5514">
     <span class='ocr_line' id='line_1_95' title="bbox 460 5475 668 5514; baseline -0.005 0"><span class='ocrx_word' id='word_1_758' title='bbox 460 5475 668 5514; x_wconf 79' lang='lat' dir='ltr'><strong>cuntur.</strong></span> 
     </span>
    </p>
   </div>
   <div class='ocr_carea' id='block_1_96' title="bbox 531 5527 2008 5601">
    <p class='ocr_par' dir='ltr' id='par_1_96' title="bbox 531 5527 2008 5601">
     <span class='ocr_line' id='line_1_96' title="bbox 531 5527 2008 5601; baseline 0.001 -20"><span class='ocrx_word' id='word_1_759' title='bbox 531 5530 607 5601; x_wconf 76' lang='lat'><strong>(&#39;2)</strong></span> <span class='ocrx_word' id='word_1_760' title='bbox 650 5528 964 5601; x_wconf 71' lang='lat' dir='ltr'><strong>Stephanus.</strong></span> <span class='ocrx_word' id='word_1_761' title='bbox 1020 5527 1320 5601; x_wconf 82' lang='lat' dir='ltr'><strong>Legendum</strong></span> <span class='ocrx_word' id='word_1_762' title='bbox 1368 5530 1419 5582; x_wconf 89' lang='lat' dir='ltr'><strong>in</strong></span> <span class='ocrx_word' id='word_1_763' title='bbox 1456 5529 1685 5601; x_wconf 10' lang='lat' dir='ltr'><strong>,Gra-co,</strong></span> <span class='ocrx_word' id='word_1_764' title='bbox 1722 5528 2008 5601; x_wconf 64' lang='grc' dir='ltr'><strong>Στέφανος.</strong></span> 
     </span>
    </p>
   </div>
   <div class='ocr_carea' id='block_1_97' title="bbox 534 5599 2017 5670">
    <p class='ocr_par' dir='ltr' id='par_1_97' title="bbox 534 5599 2017 5670">
     <span class='ocr_line' id='line_1_97' title="bbox 534 5599 2017 5670; baseline 0 -17"><span class='ocrx_word' id='word_1_765' title='bbox 534 5599 607 5669; x_wconf 82' lang='grc'><strong>(5)</strong></span> <span class='ocrx_word' id='word_1_766' title='bbox 660 5599 777 5652; x_wconf 76' lang='lat' dir='ltr'><strong>Vos.</strong></span> <span class='ocrx_word' id='word_1_767' title='bbox 809 5601 925 5652; x_wconf 83' lang='lat' dir='ltr'><strong>Act.</strong></span> <span class='ocrx_word' id='word_1_768' title='bbox 960 5614 1051 5662; x_wconf 75' lang='lat' dir='ltr'><strong>vn.</strong></span> <span class='ocrx_word' id='word_1_769' title='bbox 1087 5600 1186 5666; x_wconf 86' lang='grc'><strong>51,</strong></span> <span class='ocrx_word' id='word_1_770' title='bbox 1233 5599 1319 5652; x_wconf 87' lang='lat' dir='ltr'><strong>ubi</strong></span> <span class='ocrx_word' id='word_1_771' title='bbox 1367 5600 1579 5667; x_wconf 70' lang='lat' dir='ltr'><strong>legitur,</strong></span> <span class='ocrx_word' id='word_1_772' title='bbox 1619 5601 1775 5670; x_wconf 82' lang='grc' dir='ltr'>ὑμεῖς</span> <span class='ocrx_word' id='word_1_773' title='bbox 1804 5600 1915 5664; x_wconf 81' lang='grc' dir='ltr'><strong>ἀεί,</strong></span> <span class='ocrx_word' id='word_1_774' title='bbox 1963 5608 2017 5653; x_wconf 85' lang='lat' dir='ltr'><strong>et</strong></span> 
     </span>
    </p>
   </div>
   <div class='ocr_carea' id='block_1_98' title="bbox 459 5682 679 5726">
    <p class='ocr_par' dir='ltr' id='par_1_98' title="bbox 459 5682 679 5726">
     <span class='ocr_line' id='line_1_98' title="bbox 459 5682 679 5726; baseline -0.023 0"><span class='ocrx_word' id='word_1_775' title='bbox 459 5682 679 5726; x_wconf 66' lang='lat' dir='ltr'><strong>uetera.</strong></span> 
     </span>
    </p>
   </div>
   <div class='ocr_carea' id='block_1_99' title="bbox 531 5736 2009 5809">
    <p class='ocr_par' dir='ltr' id='par_1_99' title="bbox 531 5736 2009 5809">
     <span class='ocr_line' id='line_1_99' title="bbox 531 5736 2009 5809; baseline 0.002 -19"><span class='ocrx_word' id='word_1_776' title='bbox 531 5742 609 5809; x_wconf 73' lang='grc'>(4)</span> <span class='ocrx_word' id='word_1_777' title='bbox 649 5738 759 5793; x_wconf 80' lang='lat' dir='ltr'><strong>Nos</strong></span> <span class='ocrx_word' id='word_1_778' title='bbox 783 5757 982 5795; x_wconf 87' lang='lat' dir='ltr'><strong>sumus.</strong></span> <span class='ocrx_word' id='word_1_779' title='bbox 1012 5740 1134 5794; x_wconf 84' lang='lat' dir='ltr'><strong>Act.</strong></span> <span class='ocrx_word' id='word_1_780' title='bbox 1175 5754 1222 5804; x_wconf 87' lang='lat' dir='ltr'><strong>v,</strong></span> <span class='ocrx_word' id='word_1_781' title='bbox 1254 5738 1344 5804; x_wconf 73' lang='lat'><strong>5:2,</strong></span> <span class='ocrx_word' id='word_1_782' title='bbox 1379 5738 1465 5793; x_wconf 80' lang='lat' dir='ltr'><strong>ubi</strong></span> <span class='ocrx_word' id='word_1_783' title='bbox 1494 5736 1677 5792; x_wconf 67' lang='lat' dir='ltr'><strong>Graeca</strong></span> <span class='ocrx_word' id='word_1_784' title='bbox 1711 5738 1876 5793; x_wconf 83' lang='lat' dir='ltr'><strong>Biblia</strong></span> <span class='ocrx_word' id='word_1_785' title='bbox 1915 5739 2009 5793; x_wconf 84' lang='lat' dir='ltr'><strong>ha-</strong></span> 
     </span>
    </p>
   </div>
   <div class='ocr_carea' id='block_1_100' title="bbox 2176 3099 3090 3170">
    <p class='ocr_par' dir='ltr' id='par_1_100' title="bbox 2176 3099 3090 3170">
     <span class='ocr_line' id='line_1_100' title="bbox 2176 3099 3090 3170; baseline 0.002 -17"><span class='ocrx_word' id='word_1_786' title='bbox 2176 3100 2252 3170; x_wconf 84' lang='grc'>(5)</span> <span class='ocrx_word' id='word_1_787' title='bbox 2293 3099 2424 3155; x_wconf 80' lang='lat' dir='ltr'><strong>Cum</strong></span> <span class='ocrx_word' id='word_1_788' title='bbox 2454 3099 2831 3156; x_wconf 50' lang='lat' dir='ltr'><strong>antenn&#39;loan.</strong></span> <span class='ocrx_word' id='word_1_789' title='bbox 2866 3117 2973 3165; x_wconf 77' lang='lat' dir='ltr'><strong>xw,</strong></span> <span class='ocrx_word' id='word_1_790' title='bbox 3005 3099 3090 3156; x_wconf 56' lang='grc'><strong>15⁷.</strong></span> 
     </span>
    </p>
   </div>
   <div class='ocr_carea' id='block_1_101' title="bbox 2177 3170 3661 3242">
    <p class='ocr_par' dir='ltr' id='par_1_101' title="bbox 2177 3170 3661 3242">
     <span class='ocr_line' id='line_1_101' title="bbox 2177 3170 3661 3242; baseline 0.001 -20"><span class='ocrx_word' id='word_1_791' title='bbox 2177 3170 2268 3242; x_wconf 29' lang='grc' dir='ltr'>(εἰ),</span> <span class='ocrx_word' id='word_1_792' title='bbox 2315 3171 2559 3242; x_wconf 80' lang='lat' dir='ltr'><strong>Deducet.</strong></span> <span class='ocrx_word' id='word_1_793' title='bbox 2583 3172 2744 3242; x_wconf 61' lang='lat' dir='ltr'><strong>Sive,</strong></span> <span class='ocrx_word' id='word_1_794' title='bbox 2776 3174 3004 3242; x_wconf 74' lang='lat' dir='ltr'><strong>diriget,</strong></span> <span class='ocrx_word' id='word_1_795' title='bbox 3046 3181 3102 3225; x_wconf 87' lang='lat' dir='ltr'><strong>ut</strong></span> <span class='ocrx_word' id='word_1_796' title='bbox 3128 3171 3380 3226; x_wconf 78' lang='lat' dir='ltr'><strong>transfert</strong></span> <span class='ocrx_word' id='word_1_797' title='bbox 3409 3170 3661 3240; x_wconf 78' lang='lat' dir='ltr'><strong>Hierony-</strong></span> 
     </span>
    </p>
   </div>
   <div class='ocr_carea' id='block_1_102' title="bbox 2107 3239 3660 3310">
    <p class='ocr_par' dir='ltr' id='par_1_102' title="bbox 2107 3239 3660 3310">
     <span class='ocr_line' id='line_1_102' title="bbox 2107 3239 3660 3310; baseline 0 -17"><span class='ocrx_word' id='word_1_798' title='bbox 2107 3239 2309 3294; x_wconf 86' lang='lat' dir='ltr'><strong>musin</strong></span> <span class='ocrx_word' id='word_1_799' title='bbox 2341 3240 2548 3309; x_wconf 89' lang='lat' dir='ltr'><strong>Didymi</strong></span> <span class='ocrx_word' id='word_1_800' title='bbox 2581 3239 2717 3294; x_wconf 85' lang='lat' dir='ltr'><strong>libro</strong></span> <span class='ocrx_word' id='word_1_801' title='bbox 2767 3241 2843 3293; x_wconf 89' lang='lat' dir='ltr'><strong>De</strong></span> <span class='ocrx_word' id='word_1_802' title='bbox 2886 3239 3097 3310; x_wconf 57' lang='lat' dir='ltr'><strong>&#39;Spiritu</strong></span> <span class='ocrx_word' id='word_1_803' title='bbox 3148 3252 3343 3308; x_wconf 90' lang='lat' dir='ltr'><strong>sancto,</strong></span> <span class='ocrx_word' id='word_1_804' title='bbox 3378 3258 3535 3297; x_wconf 85' lang='lat' dir='ltr'><strong>num.</strong></span> <span class='ocrx_word' id='word_1_805' title='bbox 3582 3242 3660 3294; x_wconf 78' lang='grc'><strong>55.</strong></span> 
     </span>
    </p>
   </div>
   <div class='ocr_carea' id='block_1_103' title="bbox 2108 3309 2935 3377">
    <p class='ocr_par' dir='ltr' id='par_1_103' title="bbox 2108 3309 2935 3377">
     <span class='ocr_line' id='line_1_103' title="bbox 2108 3309 2935 3377; baseline 0 -12"><span class='ocrx_word' id='word_1_806' title='bbox 2108 3310 2362 3377; x_wconf 76' lang='lat' dir='ltr'><strong>Vulgatns</strong></span> <span class='ocrx_word' id='word_1_807' title='bbox 2388 3309 2688 3377; x_wconf 87' lang='lat' dir='ltr'><strong>interpres:</strong></span> <span class='ocrx_word' id='word_1_808' title='bbox 2714 3310 2935 3367; x_wconf 77' lang='lat' dir='ltr'><strong>docebit.</strong></span> 
     </span>
    </p>
   </div>
   <div class='ocr_carea' id='block_1_104' title="bbox 2177 3377 3655 3449">
    <p class='ocr_par' dir='ltr' id='par_1_104' title="bbox 2177 3377 3655 3449">
     <span class='ocr_line' id='line_1_104' title="bbox 2177 3377 3655 3449; baseline 0.002 -19"><span class='ocrx_word' id='word_1_809' title='bbox 2177 3380 2254 3449; x_wconf 89' lang='grc'>(7)</span> <span class='ocrx_word' id='word_1_810' title='bbox 2296 3378 2476 3432; x_wconf 89' lang='lat' dir='ltr'><strong>Petro.</strong></span> <span class='ocrx_word' id='word_1_811' title='bbox 2513 3382 2632 3433; x_wconf 83' lang='lat' dir='ltr'><strong>Act.</strong></span> <span class='ocrx_word' id='word_1_812' title='bbox 2668 3394 2724 3443; x_wconf 72' lang='grc' dir='ltr'><strong>ι,</strong></span> <span class='ocrx_word' id='word_1_813' title='bbox 2755 3380 2822 3434; x_wconf 87' lang='grc'>19</span> <span class='ocrx_word' id='word_1_814' title='bbox 2852 3392 2905 3435; x_wconf 89' lang='lat' dir='ltr'><strong>et</strong></span> <span class='ocrx_word' id='word_1_815' title='bbox 2934 3380 3028 3435; x_wconf 73' lang='lat'><strong>20.</strong></span> <span class='ocrx_word' id='word_1_816' title='bbox 3058 3381 3321 3438; x_wconf 88' lang='lat' dir='ltr'><strong>Nonnulla</strong></span> <span class='ocrx_word' id='word_1_817' title='bbox 3349 3377 3655 3437; x_wconf 81' lang='lat' dir='ltr'><strong>lntermedis</strong></span> 
     </span>
    </p>
   </div>
   <div class='ocr_carea' id='block_1_105' title="bbox 2110 3448 2576 3504">
    <p class='ocr_par' dir='ltr' id='par_1_105' title="bbox 2110 3448 2576 3504">
     <span class='ocr_line' id='line_1_105' title="bbox 2110 3448 2576 3504; baseline -0.006 -1"><span class='ocrx_word' id='word_1_818' title='bbox 2110 3448 2198 3504; x_wconf 84' lang='lat' dir='ltr'><strong>hic</strong></span> <span class='ocrx_word' id='word_1_819' title='bbox 2235 3450 2576 3501; x_wconf 81' lang='lat' dir='ltr'><strong>omittuntur.</strong></span> 
     </span>
    </p>
   </div>
   <div class='ocr_carea' id='block_1_106' title="bbox 2184 3515 3659 3588">
    <p class='ocr_par' dir='ltr' id='par_1_106' title="bbox 2184 3515 3659 3588">
     <span class='ocr_line' id='line_1_106' title="bbox 2184 3515 3659 3588; baseline -0.003 -16"><span class='ocrx_word' id='word_1_820' title='bbox 2184 3517 2259 3588; x_wconf 93' lang='lat'><strong>(8)</strong></span> <span class='ocrx_word' id='word_1_821' title='bbox 2290 3515 2563 3588; x_wconf 73' lang='lat' dir='ltr'><strong>cogitante</strong></span> <span class='ocrx_word' id='word_1_822' title='bbox 2600 3517 2664 3570; x_wconf 90' lang='lat' dir='ltr'><strong>de</strong></span> <span class='ocrx_word' id='word_1_823' title='bbox 2694 3515 2862 3572; x_wconf 82' lang='lat' dir='ltr'><strong>verbo.</strong></span> <span class='ocrx_word' id='word_1_824' title='bbox 2905 3518 3016 3576; x_wconf 76' lang='lat' dir='ltr'><strong>Hoc</strong></span> <span class='ocrx_word' id='word_1_825' title='bbox 3054 3530 3159 3586; x_wconf 89' lang='lat' dir='ltr'><strong>est,</strong></span> <span class='ocrx_word' id='word_1_826' title='bbox 3196 3519 3263 3576; x_wconf 87' lang='lat' dir='ltr'><strong>de</strong></span> <span class='ocrx_word' id='word_1_827' title='bbox 3294 3534 3353 3575; x_wconf 86' lang='lat' dir='ltr'><strong>re</strong></span> <span class='ocrx_word' id='word_1_828' title='bbox 3383 3537 3397 3574; x_wconf 92' lang='lat'>:</span> <span class='ocrx_word' id='word_1_829' title='bbox 3434 3518 3493 3574; x_wconf 88' lang='lat' dir='ltr'><strong>id</strong></span> <span class='ocrx_word' id='word_1_830' title='bbox 3533 3517 3659 3572; x_wconf 86' lang='lat' dir='ltr'><strong>enim</strong></span> 
     </span>
    </p>
   </div>
   <div class='ocr_carea' id='block_1_107' title="bbox 3036 3589 3657 3660">
    <p class='ocr_par' dir='ltr' id='par_1_107' title="bbox 3036 3589 3657 3660">
     <span class='ocr_line' id='line_1_107' title="bbox 3036 3589 3657 3660; baseline -0.011 -15"><span class='ocrx_word' id='word_1_831' title='bbox 3036 3592 3351 3660; x_wconf 79' lang='lat' dir='ltr'><strong>Quanquam</strong></span> <span class='ocrx_word' id='word_1_832' title='bbox 3394 3604 3465 3643; x_wconf 88' lang='lat' dir='ltr'><strong>ea</strong></span> <span class='ocrx_word' id='word_1_833' title='bbox 3513 3589 3657 3660; x_wconf 75' lang='lat' dir='ltr'><strong>etiam</strong></span> 
     </span>
    </p>
   </div>
   <div class='ocr_carea' id='block_1_108' title="bbox 2108 3658 3661 3729">
    <p class='ocr_par' dir='ltr' id='par_1_108' title="bbox 2108 3658 3661 3729">
     <span class='ocr_line' id='line_1_108' title="bbox 2108 3658 3661 3729; baseline -0.003 -17"><span class='ocrx_word' id='word_1_834' title='bbox 2108 3658 2634 3729; x_wconf 13' lang='lat' dir='ltr'><strong>verba.intelligere‘</strong></span> <span class='ocrx_word' id='word_1_835' title='bbox 2662 3658 2812 3720; x_wconf 89' lang='lat' dir='ltr'><strong>licet,</strong></span> <span class='ocrx_word' id='word_1_836' title='bbox 2866 3675 2985 3729; x_wconf 73' lang='lat' dir='ltr'><strong>qua:</strong></span> <span class='ocrx_word' id='word_1_837' title='bbox 3034 3658 3223 3725; x_wconf 75' lang='lat' dir='ltr'><strong>Petro,</strong></span> <span class='ocrx_word' id='word_1_838' title='bbox 3285 3660 3409 3713; x_wconf 87' lang='lat' dir='ltr'><strong>dum</strong></span> <span class='ocrx_word' id='word_1_839' title='bbox 3463 3658 3661 3729; x_wconf 81' lang='lat' dir='ltr'><strong>celebre</strong></span> 
     </span>
    </p>
   </div>
   <div class='ocr_carea' id='block_1_109' title="bbox 2110 3727 3659 3791">
    <p class='ocr_par' dir='ltr' id='par_1_109' title="bbox 2110 3727 3659 3791">
     <span class='ocr_line' id='line_1_109' title="bbox 2110 3727 3659 3791; baseline 0.001 -12"><span class='ocrx_word' id='word_1_840' title='bbox 2110 3728 2236 3780; x_wconf 90' lang='lat' dir='ltr'><strong>illud</strong></span> <span class='ocrx_word' id='word_1_841' title='bbox 2275 3741 2373 3781; x_wconf 84' lang='lat' dir='ltr'><strong>vas</strong></span> <span class='ocrx_word' id='word_1_842' title='bbox 2409 3727 2775 3791; x_wconf 72' lang='lat' dir='ltr'><strong>descenderet,</strong></span> <span class='ocrx_word' id='word_1_843' title='bbox 2825 3727 3119 3782; x_wconf 43' lang='lat' dir='ltr'><strong>iit—visione</strong></span> <span class='ocrx_word' id='word_1_844' title='bbox 3141 3730 3280 3783; x_wconf 83' lang='lat' dir='ltr'><strong>dicta</strong></span> <span class='ocrx_word' id='word_1_845' title='bbox 3311 3738 3461 3781; x_wconf 88' lang='lat' dir='ltr'><strong>sunt.</strong></span> <span class='ocrx_word' id='word_1_846' title='bbox 3492 3728 3659 3782; x_wconf 71' lang='lat' dir='ltr'><strong>Graeca</strong></span> 
     </span>
    </p>
   </div>
   <div class='ocr_carea' id='block_1_110' title="bbox 2109 3796 3660 3868">
    <p class='ocr_par' dir='ltr' id='par_1_110' title="bbox 2109 3796 3660 3868">
     <span class='ocr_line' id='line_1_110' title="bbox 2109 3796 3660 3868; baseline -0.002 -18"><span class='ocrx_word' id='word_1_847' title='bbox 2109 3799 2273 3851; x_wconf 90' lang='lat' dir='ltr'><strong>editio</strong></span> <span class='ocrx_word' id='word_1_848' title='bbox 2304 3814 2319 3851; x_wconf 91' lang='lat'><strong>:</strong></span> <span class='ocrx_word' id='word_1_849' title='bbox 2369 3796 2784 3868; x_wconf 61' lang='lat' dir='ltr'><strong>evoupoupévou</strong></span> <span class='ocrx_word' id='word_1_850' title='bbox 2817 3798 2944 3867; x_wconf 77' lang='grc' dir='ltr'><strong>περὶ</strong></span> <span class='ocrx_word' id='word_1_851' title='bbox 2986 3797 3078 3850; x_wconf 82' lang='grc' dir='ltr'><strong>τοῦ</strong></span> <span class='ocrx_word' id='word_1_852' title='bbox 3104 3799 3412 3868; x_wconf 74' lang='grc' dir='ltr'><strong>ὁράματος,</strong></span> <span class='ocrx_word' id='word_1_853' title='bbox 3449 3797 3555 3853; x_wconf 80' lang='lat' dir='ltr'><strong>hoc</strong></span> <span class='ocrx_word' id='word_1_854' title='bbox 3589 3803 3660 3847; x_wconf 84' lang='lat' dir='ltr'><strong>est</strong></span> 
     </span>
    </p>
   </div>
   <div class='ocr_carea' id='block_1_111' title="bbox 2109 3866 3279 3937">
    <p class='ocr_par' dir='ltr' id='par_1_111' title="bbox 2109 3866 3279 3937">
     <span class='ocr_line' id='line_1_111' title="bbox 2109 3866 3279 3937; baseline 0.002 -18"><span class='ocrx_word' id='word_1_855' title='bbox 2109 3869 2367 3937; x_wconf 65' lang='lat' dir='ltr'><strong>cegitante</strong></span> <span class='ocrx_word' id='word_1_856' title='bbox 2391 3869 2452 3919; x_wconf 86' lang='lat' dir='ltr'><strong>de</strong></span> <span class='ocrx_word' id='word_1_857' title='bbox 2484 3868 2703 3937; x_wconf 66' lang='lat' dir='ltr'><strong>visione.</strong></span> <span class='ocrx_word' id='word_1_858' title='bbox 2745 3866 2872 3921; x_wconf 78' lang='lat' dir='ltr'><strong>Vide</strong></span> <span class='ocrx_word' id='word_1_859' title='bbox 2892 3866 3080 3937; x_wconf 73' lang='lat' dir='ltr'><strong>segni.</strong></span> <span class='ocrx_word' id='word_1_860' title='bbox 3107 3866 3279 3923; x_wconf 66' lang='lat' dir='ltr'><strong>1021i.</strong></span> 
     </span>
    </p>
   </div>
   <div class='ocr_carea' id='block_1_112' title="bbox 2180 3931 3661 4006">
    <p class='ocr_par' dir='ltr' id='par_1_112' title="bbox 2180 3931 3661 4006">
     <span class='ocr_line' id='line_1_112' title="bbox 2180 3931 3661 4006; baseline -0.001 -15"><span class='ocrx_word' id='word_1_861' title='bbox 2180 3931 2256 4006; x_wconf 81' lang='grc'><strong>(9)</strong></span> <span class='ocrx_word' id='word_1_862' title='bbox 2298 3934 2844 4006; x_wconf 41' lang='grc' dir='ltr'><strong>δαηοιιιεηινιεεονοχ</strong></span> <span class='ocrx_word' id='word_1_863' title='bbox 2880 3931 3030 3991; x_wconf 64' lang='lat' dir='ltr'><strong>deest</strong></span> <span class='ocrx_word' id='word_1_864' title='bbox 3064 3947 3173 3991; x_wconf 89' lang='lat' dir='ltr'><strong>tum</strong></span> <span class='ocrx_word' id='word_1_865' title='bbox 3229 3939 3279 3991; x_wconf 94' lang='lat' dir='ltr'><strong>in</strong></span> <span class='ocrx_word' id='word_1_866' title='bbox 3331 3934 3524 3992; x_wconf 69' lang='lat' dir='ltr'><strong>Graeca</strong></span> <span class='ocrx_word' id='word_1_867' title='bbox 3570 3931 3661 3990; x_wconf 82' lang='lat' dir='ltr'><strong>edi—</strong></span> 
     </span>
    </p>
   </div>
   <div class='ocr_carea' id='block_1_113' title="bbox 2112 4004 2821 4073">
    <p class='ocr_par' dir='ltr' id='par_1_113' title="bbox 2112 4004 2821 4073">
     <span class='ocr_line' id='line_1_113' title="bbox 2112 4004 2821 4073; baseline 0 -14"><span class='ocrx_word' id='word_1_868' title='bbox 2112 4004 2276 4069; x_wconf 86' lang='lat' dir='ltr'><strong>tione,</strong></span> <span class='ocrx_word' id='word_1_869' title='bbox 2315 4017 2423 4058; x_wconf 91' lang='lat' dir='ltr'><strong>tum</strong></span> <span class='ocrx_word' id='word_1_870' title='bbox 2455 4006 2505 4057; x_wconf 91' lang='lat' dir='ltr'><strong>in</strong></span> <span class='ocrx_word' id='word_1_871' title='bbox 2538 4005 2690 4073; x_wconf 82' lang='lat' dir='ltr'><strong>Vulg.</strong></span> <span class='ocrx_word' id='word_1_872' title='bbox 2722 4004 2821 4059; x_wconf 91' lang='lat' dir='ltr'><strong>int.</strong></span> 
     </span>
    </p>
   </div>
   <div class='ocr_carea' id='block_1_114' title="bbox 2181 4066 3657 4144">
    <p class='ocr_par' dir='ltr' id='par_1_114' title="bbox 2181 4066 3657 4144">
     <span class='ocr_line' id='line_1_114' title="bbox 2181 4066 3657 4144; baseline -0.001 -19"><span class='ocrx_word' id='word_1_873' title='bbox 2181 4066 2323 4144; x_wconf 16' lang='lat'><strong>(10&#39;),</strong></span> <span class='ocrx_word' id='word_1_874' title='bbox 2358 4073 2486 4126; x_wconf 69' lang='grc' dir='ltr'><strong>Πανί</strong></span> <span class='ocrx_word' id='word_1_875' title='bbox 2513 4066 2667 4144; x_wconf 59' lang='lat' dir='ltr'><strong>dicit:</strong></span> <span class='ocrx_word' id='word_1_876' title='bbox 2698 4074 2817 4144; x_wconf 64' lang='lat' dir='ltr'><strong>Act.</strong></span> <span class='ocrx_word' id='word_1_877' title='bbox 2851 4090 2971 4137; x_wconf 65' lang='grc' dir='ltr'><strong>χιιι,</strong></span> <span class='ocrx_word' id='word_1_878' title='bbox 3002 4075 3057 4129; x_wconf 74' lang='lat'><strong>2.</strong></span> <span class='ocrx_word' id='word_1_879' title='bbox 3086 4075 3272 4131; x_wconf 71' lang='lat' dir='ltr'><strong>Graeca</strong></span> <span class='ocrx_word' id='word_1_880' title='bbox 3308 4074 3477 4130; x_wconf 89' lang='lat' dir='ltr'><strong>editio</strong></span> <span class='ocrx_word' id='word_1_881' title='bbox 3506 4091 3522 4129; x_wconf 89' lang='lat'><strong>:</strong></span> <span class='ocrx_word' id='word_1_882' title='bbox 3553 4066 3657 4144; x_wconf 64' lang='lat' dir='ltr'><strong>sim</strong></span> 
     </span>
    </p>
   </div>
   <div class='ocr_carea' id='block_1_115' title="bbox 2108 4142 3660 4268">
    <p class='ocr_par' dir='ltr' id='par_1_115' title="bbox 2108 4142 3660 4268">
     <span class='ocr_line' id='line_1_115' title="bbox 2108 4142 3660 4266; baseline -0.002 -70"><span class='ocrx_word' id='word_1_883' title='bbox 2108 4142 2529 4229; x_wconf 39' lang='lat' dir='ltr'><strong>causamin-sb</strong></span> <span class='ocrx_word' id='word_1_884' title='bbox 2578 4143 2669 4211; x_wconf 74' lang='grc' dir='ltr'><strong>ἆγ.</strong></span> <span class='ocrx_word' id='word_1_885' title='bbox 2717 4142 2899 4225; x_wconf 61' lang='grc' dir='ltr'><strong>’Δςρομ</strong></span> <span class='ocrx_word' id='word_1_886' title='bbox 2944 4145 3006 4216; x_wconf 83' lang='grc' dir='ltr'><strong>δή</strong></span> <span class='ocrx_word' id='word_1_887' title='bbox 3046 4162 3134 4226; x_wconf 76' lang='grc' dir='ltr'><strong>μοι</strong></span> <span class='ocrx_word' id='word_1_888' title='bbox 3171 4145 3262 4198; x_wconf 86' lang='grc' dir='ltr'><strong>τόν</strong></span> <span class='ocrx_word' id='word_1_889' title='bbox 3289 4162 3361 4226; x_wconf 37' lang='grc' dir='ltr'><strong>,τε</strong></span> <span class='ocrx_word' id='word_1_890' title='bbox 3390 4143 3660 4266; x_wconf 56' lang='grc' dir='ltr'><strong>Βαῧνάὅαν</strong></span> 
     </span>
     <span class='ocr_line' id='line_1_116' title="bbox 2111 4212 3655 4268; baseline -0.002 -2"><span class='ocrx_word' id='word_1_891' title='bbox 2111 4231 2205 4266; x_wconf 83' lang='grc' dir='ltr'><strong>και</strong></span> <span class='ocrx_word' id='word_1_892' title='bbox 2236 4212 2325 4265; x_wconf 79' lang='grc' dir='ltr'><strong>τὸν</strong></span> <span class='ocrx_word' id='word_1_893' title='bbox 2352 4213 2573 4268; x_wconf 69' lang='grc' dir='ltr'><strong>Σαυλον.</strong></span> <span class='ocrx_word' id='word_1_894' title='bbox 2607 4224 2660 4268; x_wconf 90' lang='lat' dir='ltr'><strong>et</strong></span> <span class='ocrx_word' id='word_1_895' title='bbox 2697 4216 2921 4268; x_wconf 80' lang='lat' dir='ltr'><strong>relicua.</strong></span> <span class='ocrx_word' id='word_1_896' title='bbox 2957 4215 3009 4267; x_wconf 86' lang='lat' dir='ltr'><strong>In</strong></span> <span class='ocrx_word' id='word_1_897' title='bbox 3046 4218 3182 4268; x_wconf 83' lang='lat' dir='ltr'><strong>IIDI&#39;O</strong></span> <span class='ocrx_word' id='word_1_898' title='bbox 3212 4217 3426 4268; x_wconf 80' lang='lat' dir='ltr'><strong>cuidem</strong></span> <span class='ocrx_word' id='word_1_899' title='bbox 3516 4231 3542 4267; x_wconf 85' lang='lat' dir='ltr'><strong>c</strong></span> <span class='ocrx_word' id='word_1_900' title='bbox 3573 4213 3655 4268; x_wconf 78' lang='lat' dir='ltr'><strong>So.</strong></span> 
     </span>
    </p>
   </div>
   <div class='ocr_carea' id='block_1_116' title="bbox 3516 4229 3655 4268">
    <p class='ocr_par' dir='ltr' id='par_1_116' title="bbox 3516 4229 3655 4268">
     <span class='ocr_line' id='line_1_117' title="bbox 3516 4229 3655 4268; baseline -0.029 -1"><span class='ocrx_word' id='word_1_901' title='bbox 3516 4231 3542 4267; x_wconf 73' lang='grc' dir='ltr'><strong>ι’</strong></span> <span class='ocrx_word' id='word_1_902' title='bbox 3573 4229 3655 4268; x_wconf 69' lang='grc' dir='ltr'><strong>δυ.</strong></span> 
     </span>
    </p>
   </div>
   <div class='ocr_carea' id='block_1_117' title="bbox 2106 4282 3656 4355">
    <p class='ocr_par' dir='ltr' id='par_1_117' title="bbox 2106 4282 3656 4355">
     <span class='ocr_line' id='line_1_118' title="bbox 2106 4282 3656 4355; baseline -0.001 -20"><span class='ocrx_word' id='word_1_903' title='bbox 2106 4292 2287 4335; x_wconf 87' lang='lat' dir='ltr'><strong>sancto</strong></span> <span class='ocrx_word' id='word_1_904' title='bbox 2320 4300 2467 4337; x_wconf 84' lang='lat' dir='ltr'><strong>nuin.</strong></span> <span class='ocrx_word' id='word_1_905' title='bbox 2501 4284 2553 4355; x_wconf 88' lang='lat'><strong>8,</strong></span> <span class='ocrx_word' id='word_1_906' title='bbox 2584 4283 2709 4355; x_wconf 68' lang='lat' dir='ltr'><strong>hinc</strong></span> <span class='ocrx_word' id='word_1_907' title='bbox 2739 4282 2899 4355; x_wconf 77' lang='lat' dir='ltr'><strong>habet</strong></span> <span class='ocrx_word' id='word_1_908' title='bbox 2928 4284 3180 4353; x_wconf 89' lang='lat' dir='ltr'><strong>Didymus</strong></span> <span class='ocrx_word' id='word_1_909' title='bbox 3208 4282 3276 4339; x_wconf 18' lang='grc' dir='ltr'><strong>τῇ(</strong></span> <span class='ocrx_word' id='word_1_910' title='bbox 3310 4283 3444 4355; x_wconf 83' lang='lat' dir='ltr'><strong>Hinc</strong></span> <span class='ocrx_word' id='word_1_911' title='bbox 3477 4282 3656 4355; x_wconf 73' lang='lat' dir='ltr'><strong>[codex</strong></span> 
     </span>
    </p>
   </div>
   <div class='ocr_carea' id='block_1_118' title="bbox 2106 4351 3660 4423">
    <p class='ocr_par' dir='ltr' id='par_1_118' title="bbox 2106 4351 3660 4423">
     <span class='ocr_line' id='line_1_119' title="bbox 2106 4351 3660 4423; baseline -0.002 -18"><span class='ocrx_word' id='word_1_912' title='bbox 2106 4359 2291 4423; x_wconf 64' lang='lat' dir='ltr'><strong>noster</strong></span> <span class='ocrx_word' id='word_1_913' title='bbox 2311 4368 2412 4406; x_wconf 90' lang='lat' dir='ltr'><strong>ms.</strong></span> <span class='ocrx_word' id='word_1_914' title='bbox 2438 4351 2598 4422; x_wconf 66' lang='lat' dir='ltr'><strong>unde}</strong></span> <span class='ocrx_word' id='word_1_915' title='bbox 2623 4362 2674 4404; x_wconf 87' lang='lat' dir='ltr'><strong>et</strong></span> <span class='ocrx_word' id='word_1_916' title='bbox 2701 4354 2913 4423; x_wconf 79' lang='lat' dir='ltr'><strong>quidam</strong></span> <span class='ocrx_word' id='word_1_917' title='bbox 2946 4351 3067 4407; x_wconf 85' lang='lat' dir='ltr'><strong>cum</strong></span> <span class='ocrx_word' id='word_1_918' title='bbox 3093 4354 3376 4423; x_wconf 88' lang='lat' dir='ltr'><strong>supercilio</strong></span> <span class='ocrx_word' id='word_1_919' title='bbox 3397 4351 3518 4408; x_wconf 54' lang='lat' dir='ltr'><strong>ait}</strong></span> <span class='ocrx_word' id='word_1_920' title='bbox 3548 4352 3660 4405; x_wconf 73' lang='lat' dir='ltr'><strong>liae</strong></span> 
     </span>
    </p>
   </div>
   <div class='ocr_carea' id='block_1_119' title="bbox 2104 4419 3652 4488">
    <p class='ocr_par' dir='ltr' id='par_1_119' title="bbox 2104 4419 3652 4488">
     <span class='ocr_line' id='line_1_120' title="bbox 2104 4419 3652 4488; baseline -0.001 -14"><span class='ocrx_word' id='word_1_921' title='bbox 2104 4422 2226 4474; x_wconf 86' lang='lat' dir='ltr'><strong>dicit</strong></span> <span class='ocrx_word' id='word_1_922' title='bbox 2254 4419 2481 4488; x_wconf 78' lang='lat' dir='ltr'><strong>Spiritus</strong></span> <span class='ocrx_word' id='word_1_923' title='bbox 2503 4419 2733 4475; x_wconf 54' lang='lat' dir='ltr'><strong>sanctus:</strong></span> <span class='ocrx_word' id='word_1_924' title='bbox 2778 4440 2796 4473; x_wconf 74' lang='grc' dir='ltr'><strong>ι</strong></span> <span class='ocrx_word' id='word_1_925' title='bbox 2830 4422 3024 4476; x_wconf 84' lang='lat' dir='ltr'><strong>Verum</strong></span> <span class='ocrx_word' id='word_1_926' title='bbox 3066 4424 3137 4475; x_wconf 89' lang='lat' dir='ltr'><strong>ibi</strong></span> <span class='ocrx_word' id='word_1_927' title='bbox 3163 4419 3272 4478; x_wconf 78' lang='lat' dir='ltr'><strong>non</strong></span> <span class='ocrx_word' id='word_1_928' title='bbox 3309 4424 3486 4477; x_wconf 86' lang='lat' dir='ltr'><strong>locum</strong></span> <span class='ocrx_word' id='word_1_929' title='bbox 3528 4424 3652 4477; x_wconf 84' lang='lat' dir='ltr'><strong>hunc</strong></span> 
     </span>
    </p>
   </div>
   <div class='ocr_carea' id='block_1_120' title="bbox 2109 4492 3655 4561">
    <p class='ocr_par' dir='ltr' id='par_1_120' title="bbox 2109 4492 3655 4561">
     <span class='ocr_line' id='line_1_121' title="bbox 2109 4492 3655 4561; baseline -0.003 -18"><span class='ocrx_word' id='word_1_930' title='bbox 2109 4492 2350 4559; x_wconf 86' lang='lat' dir='ltr'><strong>respicit,</strong></span> <span class='ocrx_word' id='word_1_931' title='bbox 2382 4492 2474 4545; x_wconf 89' lang='lat' dir='ltr'><strong>sed</strong></span> <span class='ocrx_word' id='word_1_932' title='bbox 2512 4492 2630 4545; x_wconf 89' lang='lat' dir='ltr'><strong>Act.</strong></span> <span class='ocrx_word' id='word_1_933' title='bbox 2661 4507 2774 4555; x_wconf 73' lang='lat' dir='ltr'><strong>ut,</strong></span> <span class='ocrx_word' id='word_1_934' title='bbox 2806 4492 2893 4555; x_wconf 90' lang='grc'>11,</span> <span class='ocrx_word' id='word_1_935' title='bbox 2924 4492 3253 4561; x_wconf 77' lang='lat' dir='ltr'><strong>ubiAgabus</strong></span> <span class='ocrx_word' id='word_1_936' title='bbox 3279 4507 3342 4546; x_wconf 90' lang='lat' dir='ltr'><strong>eo</strong></span> <span class='ocrx_word' id='word_1_937' title='bbox 3366 4492 3526 4561; x_wconf 86' lang='lat' dir='ltr'><strong>modo</strong></span> <span class='ocrx_word' id='word_1_938' title='bbox 3553 4504 3655 4544; x_wconf 73' lang='lat' dir='ltr'><strong>cum</strong></span> 
     </span>
    </p>
   </div>
   <div class='ocr_carea' id='block_1_121' title="bbox 2104 4560 3527 4630">
    <p class='ocr_par' dir='ltr' id='par_1_121' title="bbox 2104 4560 3527 4630">
     <span class='ocr_line' id='line_1_122' title="bbox 2104 4560 3527 4630; baseline -0.001 -16"><span class='ocrx_word' id='word_1_939' title='bbox 2104 4562 2380 4625; x_wconf 86' lang='lat' dir='ltr'><strong>supercilio</strong></span> <span class='ocrx_word' id='word_1_940' title='bbox 2415 4562 2637 4630; x_wconf 87' lang='lat' dir='ltr'><strong>loquens</strong></span> <span class='ocrx_word' id='word_1_941' title='bbox 2665 4562 2952 4630; x_wconf 73' lang='lat' dir='ltr'><strong>inducitur.</strong></span> <span class='ocrx_word' id='word_1_942' title='bbox 2987 4560 3117 4630; x_wconf 70' lang='lat' dir='ltr'><strong>Yide</strong></span> <span class='ocrx_word' id='word_1_943' title='bbox 3141 4577 3313 4630; x_wconf 79' lang='lat' dir='ltr'><strong>segni.</strong></span> <span class='ocrx_word' id='word_1_944' title='bbox 3348 4560 3450 4614; x_wconf 71' lang='grc'>102</span> <span class='ocrx_word' id='word_1_945' title='bbox 3474 4562 3527 4630; x_wconf 74' lang='lat' dir='ltr'><strong>b.</strong></span> 
     </span>
    </p>
   </div>
   <div class='ocr_carea' id='block_1_122' title="bbox 2176 4628 3651 4700">
    <p class='ocr_par' dir='ltr' id='par_1_122' title="bbox 2176 4628 3651 4700">
     <span class='ocr_line' id='line_1_123' title="bbox 2176 4628 3651 4700; baseline -0.003 -19"><span class='ocrx_word' id='word_1_946' title='bbox 2176 4630 2286 4700; x_wconf 91' lang='grc'>(11)</span> <span class='ocrx_word' id='word_1_947' title='bbox 2329 4628 2499 4699; x_wconf 55' lang='grc' dir='ltr'><strong>δείν’.⁷</strong></span> <span class='ocrx_word' id='word_1_948' title='bbox 2534 4631 2679 4700; x_wconf 67' lang='grc' dir='ltr'><strong>ιιιὶΙιὶΔ</strong></span> <span class='ocrx_word' id='word_1_949' title='bbox 2705 4628 2955 4700; x_wconf 87' lang='lat' dir='ltr'><strong>Paulum.</strong></span> <span class='ocrx_word' id='word_1_950' title='bbox 2996 4628 3137 4696; x_wconf 87' lang='lat' dir='ltr'><strong>Pro,</strong></span> <span class='ocrx_word' id='word_1_951' title='bbox 3173 4628 3433 4700; x_wconf 82' lang='lat' dir='ltr'><strong>Paulum,</strong></span> <span class='ocrx_word' id='word_1_952' title='bbox 3489 4629 3651 4683; x_wconf 61' lang='lat' dir='ltr'><strong>Gram</strong></span> 
     </span>
    </p>
   </div>
   <div class='ocr_carea' id='block_1_123' title="bbox 2106 4698 3651 4766">
    <p class='ocr_par' dir='ltr' id='par_1_123' title="bbox 2106 4698 3651 4766">
     <span class='ocr_line' id='line_1_124' title="bbox 2106 4698 3651 4766; baseline -0.006 -13"><span class='ocrx_word' id='word_1_953' title='bbox 2106 4698 2273 4753; x_wconf 86' lang='lat' dir='ltr'><strong>editio</strong></span> <span class='ocrx_word' id='word_1_954' title='bbox 2311 4702 2500 4764; x_wconf 88' lang='lat' dir='ltr'><strong>habet,</strong></span> <span class='ocrx_word' id='word_1_955' title='bbox 2550 4698 2792 4753; x_wconf 86' lang='lat' dir='ltr'><strong>Saulunt.</strong></span> <span class='ocrx_word' id='word_1_956' title='bbox 2842 4699 2898 4751; x_wconf 91' lang='lat' dir='ltr'><strong>In</strong></span> <span class='ocrx_word' id='word_1_957' title='bbox 2944 4700 3082 4752; x_wconf 91' lang='lat' dir='ltr'><strong>libro</strong></span> <span class='ocrx_word' id='word_1_958' title='bbox 3127 4712 3304 4754; x_wconf 90' lang='lat' dir='ltr'><strong>autem</strong></span> <span class='ocrx_word' id='word_1_959' title='bbox 3352 4699 3425 4751; x_wconf 88' lang='lat' dir='ltr'><strong>De</strong></span> <span class='ocrx_word' id='word_1_960' title='bbox 3464 4700 3651 4766; x_wconf 88' lang='lat' dir='ltr'><strong>Spiritu</strong></span> 
     </span>
    </p>
   </div>
   <div class='ocr_carea' id='block_1_124' title="bbox 2106 4769 3648 4833">
    <p class='ocr_par' dir='ltr' id='par_1_124' title="bbox 2106 4769 3648 4833">
     <span class='ocr_line' id='line_1_125' title="bbox 2106 4769 3648 4833; baseline -0.002 -12"><span class='ocrx_word' id='word_1_961' title='bbox 2106 4781 2309 4831; x_wconf 90' lang='lat' dir='ltr'><strong>sancto,</strong></span> <span class='ocrx_word' id='word_1_962' title='bbox 2354 4785 2501 4823; x_wconf 88' lang='lat' dir='ltr'><strong>num.</strong></span> <span class='ocrx_word' id='word_1_963' title='bbox 2530 4769 2622 4833; x_wconf 60' lang='grc' dir='ltr'><strong>εὖ,</strong></span> <span class='ocrx_word' id='word_1_964' title='bbox 2654 4769 2873 4822; x_wconf 79' lang='lat' dir='ltr'><strong>alIertur</strong></span> <span class='ocrx_word' id='word_1_965' title='bbox 2908 4770 2994 4821; x_wconf 85' lang='lat' dir='ltr'><strong>hic</strong></span> <span class='ocrx_word' id='word_1_966' title='bbox 3027 4769 3176 4822; x_wconf 89' lang='lat' dir='ltr'><strong>locus</strong></span> <span class='ocrx_word' id='word_1_967' title='bbox 3202 4772 3253 4821; x_wconf 91' lang='lat' dir='ltr'><strong>iu</strong></span> <span class='ocrx_word' id='word_1_968' title='bbox 3281 4770 3421 4823; x_wconf 85' lang='lat' dir='ltr'><strong>hunc</strong></span> <span class='ocrx_word' id='word_1_969' title='bbox 3454 4770 3648 4821; x_wconf 89' lang='lat' dir='ltr'><strong>modum</strong></span> 
     </span>
    </p>
   </div>
   <div class='ocr_carea' id='block_1_125' title="bbox 2111 4835 3647 4905">
    <p class='ocr_par' dir='ltr' id='par_1_125' title="bbox 2111 4835 3647 4905">
     <span class='ocr_line' id='line_1_126' title="bbox 2111 4835 3647 4905; baseline -0.003 -16"><span class='ocrx_word' id='word_1_970' title='bbox 2111 4839 2161 4889; x_wconf 92' lang='lat' dir='ltr'><strong>in</strong></span> <span class='ocrx_word' id='word_1_971' title='bbox 2197 4840 2356 4891; x_wconf 83' lang='lat' dir='ltr'><strong>editis</strong></span> <span class='ocrx_word' id='word_1_972' title='bbox 2384 4839 2782 4905; x_wconf 79' lang='lat' dir='ltr'><strong>exemplaribus</strong></span> <span class='ocrx_word' id='word_1_973' title='bbox 2808 4856 2821 4891; x_wconf 88' lang='lat'><strong>:</strong></span> <span class='ocrx_word' id='word_1_974' title='bbox 2856 4835 3109 4903; x_wconf 88' lang='lat' dir='ltr'><strong>Separate</strong></span> <span class='ocrx_word' id='word_1_975' title='bbox 3131 4839 3257 4890; x_wconf 75' lang='lat' dir='ltr'><strong>milii</strong></span> <span class='ocrx_word' id='word_1_976' title='bbox 3286 4836 3583 4889; x_wconf 86' lang='lat' dir='ltr'><strong>Barnabam</strong></span> <span class='ocrx_word' id='word_1_977' title='bbox 3610 4844 3647 4885; x_wconf 87' lang='lat' dir='ltr'><strong>et</strong></span> 
     </span>
    </p>
   </div>
   <div class='ocr_carea' id='block_1_126' title="bbox 2109 4906 3651 4969">
    <p class='ocr_par' dir='ltr' id='par_1_126' title="bbox 2109 4906 3651 4969">
     <span class='ocr_line' id='line_1_127' title="bbox 2109 4906 3651 4969; baseline -0.001 -10"><span class='ocrx_word' id='word_1_978' title='bbox 2109 4906 2350 4969; x_wconf 87' lang='lat' dir='ltr'><strong>Saulum,</strong></span> <span class='ocrx_word' id='word_1_979' title='bbox 2380 4919 2433 4959; x_wconf 88' lang='lat' dir='ltr'><strong>et</strong></span> <span class='ocrx_word' id='word_1_980' title='bbox 2456 4919 2668 4960; x_wconf 74' lang='lat' dir='ltr'><strong>canora.</strong></span> <span class='ocrx_word' id='word_1_981' title='bbox 2698 4909 2767 4959; x_wconf 82' lang='lat' dir='ltr'><strong>At</strong></span> <span class='ocrx_word' id='word_1_982' title='bbox 2798 4908 2993 4960; x_wconf 84' lang='lat' dir='ltr'><strong>ibidem</strong></span> <span class='ocrx_word' id='word_1_983' title='bbox 3036 4911 3201 4961; x_wconf 76' lang='lat' dir='ltr'><strong>codex</strong></span> <span class='ocrx_word' id='word_1_984' title='bbox 3228 4919 3409 4960; x_wconf 89' lang='lat' dir='ltr'><strong>noster</strong></span> <span class='ocrx_word' id='word_1_985' title='bbox 3438 4923 3540 4959; x_wconf 90' lang='lat' dir='ltr'><strong>ms.</strong></span> <span class='ocrx_word' id='word_1_986' title='bbox 3572 4907 3651 4957; x_wconf 77' lang='lat' dir='ltr'><strong>ha-</strong></span> 
     </span>
    </p>
   </div>
   <div class='ocr_carea' id='block_1_127' title="bbox 2108 4974 3647 5045">
    <p class='ocr_par' dir='ltr' id='par_1_127' title="bbox 2108 4974 3647 5045">
     <span class='ocr_line' id='line_1_128' title="bbox 2108 4974 3647 5045; baseline -0.003 -17"><span class='ocrx_word' id='word_1_987' title='bbox 2108 4976 2221 5036; x_wconf 88' lang='lat' dir='ltr'><strong>bet,</strong></span> <span class='ocrx_word' id='word_1_988' title='bbox 2274 4974 2523 5027; x_wconf 86' lang='lat' dir='ltr'><strong>Paulum.</strong></span> <span class='ocrx_word' id='word_1_989' title='bbox 2556 4974 2833 5045; x_wconf 81' lang='lat' dir='ltr'><strong>Conjieere</strong></span> <span class='ocrx_word' id='word_1_990' title='bbox 2874 4977 3050 5045; x_wconf 86' lang='lat' dir='ltr'><strong>itaque</strong></span> <span class='ocrx_word' id='word_1_991' title='bbox 3090 4977 3244 5040; x_wconf 89' lang='lat' dir='ltr'><strong>licet,</strong></span> <span class='ocrx_word' id='word_1_992' title='bbox 3281 4976 3647 5045; x_wconf 64' lang='lat' dir='ltr'><strong>Hieronymum</strong></span> 
     </span>
    </p>
   </div>
   <div class='ocr_carea' id='block_1_128' title="bbox 2108 5043 3649 5114">
    <p class='ocr_par' dir='ltr' id='par_1_128' title="bbox 2108 5043 3649 5114">
     <span class='ocr_line' id='line_1_129' title="bbox 2108 5043 3649 5114; baseline -0.002 -17"><span class='ocrx_word' id='word_1_993' title='bbox 2108 5059 2174 5097; x_wconf 82' lang='lat' dir='ltr'><strong>ex</strong></span> <span class='ocrx_word' id='word_1_994' title='bbox 2206 5045 2433 5113; x_wconf 84' lang='lat' dir='ltr'><strong>Didyme</strong></span> <span class='ocrx_word' id='word_1_995' title='bbox 2476 5046 2699 5098; x_wconf 81' lang='lat' dir='ltr'><strong>vertisse</strong></span> <span class='ocrx_word' id='word_1_996' title='bbox 2733 5043 2991 5114; x_wconf 56' lang='lat' dir='ltr'><strong>Paulum,</strong></span> <span class='ocrx_word' id='word_1_997' title='bbox 3033 5061 3098 5101; x_wconf 86' lang='lat' dir='ltr'><strong>ac</strong></span> <span class='ocrx_word' id='word_1_998' title='bbox 3142 5047 3392 5101; x_wconf 83' lang='lat' dir='ltr'><strong>scitulam</strong></span> <span class='ocrx_word' id='word_1_999' title='bbox 3440 5043 3649 5114; x_wconf 84' lang='lat' dir='ltr'><strong>aliquem</strong></span> 
     </span>
    </p>
   </div>
   <div class='ocr_carea' id='block_1_129' title="bbox 2108 5111 3038 5173">
    <p class='ocr_par' dir='ltr' id='par_1_129' title="bbox 2108 5111 3038 5173">
     <span class='ocr_line' id='line_1_130' title="bbox 2108 5111 3038 5173; baseline 0.003 -6"><span class='ocrx_word' id='word_1_1000' title='bbox 2108 5130 2173 5167; x_wconf 83' lang='lat' dir='ltr'><strong>ex</strong></span> <span class='ocrx_word' id='word_1_1001' title='bbox 2213 5111 2397 5167; x_wconf 83' lang='lat' dir='ltr'><strong>Dibltis</strong></span> <span class='ocrx_word' id='word_1_1002' title='bbox 2428 5115 2764 5173; x_wconf 85' lang='lat' dir='ltr'><strong>emendasse,</strong></span> <span class='ocrx_word' id='word_1_1003' title='bbox 2797 5111 3038 5169; x_wconf 87' lang='lat' dir='ltr'><strong>Saulum.</strong></span> 
     </span>
    </p>
   </div>
   <div class='ocr_carea' id='block_1_130' title="bbox 2180 5183 3651 5252">
    <p class='ocr_par' dir='ltr' id='par_1_130' title="bbox 2180 5183 3651 5252">
     <span class='ocr_line' id='line_1_131' title="bbox 2180 5183 3651 5252; baseline 0 -16"><span class='ocrx_word' id='word_1_1004' title='bbox 2180 5183 2289 5252; x_wconf 73' lang='grc'>(12)</span> <span class='ocrx_word' id='word_1_1005' title='bbox 2331 5185 2427 5251; x_wconf 86' lang='lat' dir='ltr'><strong>Sp.</strong></span> <span class='ocrx_word' id='word_1_1006' title='bbox 2453 5193 2687 5236; x_wconf 88' lang='lat' dir='ltr'><strong>sanctus.</strong></span> <span class='ocrx_word' id='word_1_1007' title='bbox 2732 5184 2854 5237; x_wconf 82' lang='lat' dir='ltr'><strong>Act.</strong></span> <span class='ocrx_word' id='word_1_1008' title='bbox 2885 5200 2939 5251; x_wconf 66' lang='grc' dir='ltr'><strong>ι,</strong></span> <span class='ocrx_word' id='word_1_1009' title='bbox 2966 5184 3033 5240; x_wconf 88' lang='grc'><strong>19</strong></span> <span class='ocrx_word' id='word_1_1010' title='bbox 3053 5194 3107 5241; x_wconf 90' lang='lat' dir='ltr'><strong>et</strong></span> <span class='ocrx_word' id='word_1_1011' title='bbox 3127 5184 3216 5238; x_wconf 74' lang='lat'><strong>20.</strong></span> <span class='ocrx_word' id='word_1_1012' title='bbox 3243 5183 3471 5239; x_wconf 88' lang='lat' dir='ltr'><strong>Sensum</strong></span> <span class='ocrx_word' id='word_1_1013' title='bbox 3499 5193 3651 5237; x_wconf 77' lang='lat' dir='ltr'><strong>tamen</strong></span> 
     </span>
    </p>
   </div>
   <div class='ocr_carea' id='block_1_131' title="bbox 2110 5252 2609 5315">
    <p class='ocr_par' dir='ltr' id='par_1_131' title="bbox 2110 5252 2609 5315">
     <span class='ocr_line' id='line_1_132' title="bbox 2110 5252 2609 5315; baseline -0.002 -10"><span class='ocrx_word' id='word_1_1014' title='bbox 2110 5252 2261 5315; x_wconf 81' lang='lat' dir='ltr'><strong>citat,</strong></span> <span class='ocrx_word' id='word_1_1015' title='bbox 2289 5268 2392 5305; x_wconf 86' lang='lat' dir='ltr'><strong>non</strong></span> <span class='ocrx_word' id='word_1_1016' title='bbox 2425 5255 2609 5306; x_wconf 80' lang='lat' dir='ltr'><strong>verba.</strong></span> 
     </span>
    </p>
   </div>
   <div class='ocr_carea' id='block_1_132' title="bbox 2182 5319 3653 5390">
    <p class='ocr_par' dir='ltr' id='par_1_132' title="bbox 2182 5319 3653 5390">
     <span class='ocr_line' id='line_1_133' title="bbox 2182 5319 3653 5390; baseline 0 -17"><span class='ocrx_word' id='word_1_1017' title='bbox 2182 5324 2291 5390; x_wconf 86' lang='grc'>(15)</span> <span class='ocrx_word' id='word_1_1018' title='bbox 2334 5321 2477 5375; x_wconf 87' lang='lat' dir='ltr'><strong>Tunc</strong></span> <span class='ocrx_word' id='word_1_1019' title='bbox 2516 5319 2735 5375; x_wconf 84' lang='lat' dir='ltr'><strong>Paulus.</strong></span> <span class='ocrx_word' id='word_1_1020' title='bbox 2771 5323 2892 5377; x_wconf 83' lang='lat' dir='ltr'><strong>Act.</strong></span> <span class='ocrx_word' id='word_1_1021' title='bbox 2940 5338 3071 5389; x_wconf 73' lang='lat' dir='ltr'><strong>Mli,</strong></span> <span class='ocrx_word' id='word_1_1022' title='bbox 3121 5324 3175 5378; x_wconf 85' lang='lat'><strong>9.</strong></span> <span class='ocrx_word' id='word_1_1023' title='bbox 3222 5323 3450 5379; x_wconf 87' lang='lat' dir='ltr'><strong>Sensum</strong></span> <span class='ocrx_word' id='word_1_1024' title='bbox 3504 5319 3653 5387; x_wconf 78' lang='lat' dir='ltr'><strong>magis</strong></span> 
     </span>
    </p>
   </div>
   <div class='ocr_carea' id='block_1_133' title="bbox 2112 5390 2692 5460">
    <p class='ocr_par' dir='ltr' id='par_1_133' title="bbox 2112 5390 2692 5460">
     <span class='ocr_line' id='line_1_134' title="bbox 2112 5390 2692 5460; baseline 0 -17"><span class='ocrx_word' id='word_1_1025' title='bbox 2112 5390 2286 5456; x_wconf 64' lang='lat' dir='ltr'><strong>aﬂ&#39;ert,</strong></span> <span class='ocrx_word' id='word_1_1026' title='bbox 2322 5408 2479 5460; x_wconf 85' lang='lat' dir='ltr'><strong>quam</strong></span> <span class='ocrx_word' id='word_1_1027' title='bbox 2516 5392 2692 5445; x_wconf 86' lang='lat' dir='ltr'><strong>verba.</strong></span> 
     </span>
    </p>
   </div>
   <div class='ocr_carea' id='block_1_134' title="bbox 2184 5461 3651 5531">
    <p class='ocr_par' dir='ltr' id='par_1_134' title="bbox 2184 5461 3651 5531">
     <span class='ocr_line' id='line_1_135' title="bbox 2184 5461 3651 5531; baseline -0.003 -18"><span class='ocrx_word' id='word_1_1028' title='bbox 2184 5462 2295 5529; x_wconf 71' lang='grc'>(14)</span> <span class='ocrx_word' id='word_1_1029' title='bbox 2338 5462 2544 5515; x_wconf 76' lang='lat' dir='ltr'><strong>Petrus.</strong></span> <span class='ocrx_word' id='word_1_1030' title='bbox 2581 5462 2703 5515; x_wconf 84' lang='lat' dir='ltr'><strong>Aet.</strong></span> <span class='ocrx_word' id='word_1_1031' title='bbox 2754 5476 2825 5525; x_wconf 90' lang='lat' dir='ltr'><strong>tv,</strong></span> <span class='ocrx_word' id='word_1_1032' title='bbox 2869 5461 2921 5516; x_wconf 92' lang='lat'><strong>8.</strong></span> <span class='ocrx_word' id='word_1_1033' title='bbox 2973 5461 3189 5517; x_wconf 86' lang='lat' dir='ltr'><strong>Videtur</strong></span> <span class='ocrx_word' id='word_1_1034' title='bbox 3238 5462 3493 5531; x_wconf 82' lang='lat' dir='ltr'><strong>Didymus</strong></span> <span class='ocrx_word' id='word_1_1035' title='bbox 3524 5470 3651 5525; x_wconf 79' lang='lat' dir='ltr'><strong>supe-</strong></span> 
     </span>
    </p>
   </div>
   <div class='ocr_carea' id='block_1_135' title="bbox 2123 5530 3649 5597">
    <p class='ocr_par' dir='ltr' id='par_1_135' title="bbox 2123 5530 3649 5597">
     <span class='ocr_line' id='line_1_136' title="bbox 2123 5530 3649 5597; baseline -0.001 -16"><span class='ocrx_word' id='word_1_1036' title='bbox 2123 5530 2317 5584; x_wconf 91' lang='lat' dir='ltr'><strong>riorem</strong></span> <span class='ocrx_word' id='word_1_1037' title='bbox 2365 5533 2535 5584; x_wconf 92' lang='lat' dir='ltr'><strong>locum</strong></span> <span class='ocrx_word' id='word_1_1038' title='bbox 2566 5547 2685 5585; x_wconf 84' lang='lat' dir='ltr'><strong>cum</strong></span> <span class='ocrx_word' id='word_1_1039' title='bbox 2724 5532 2891 5587; x_wconf 87' lang='lat' dir='ltr'><strong>hocce</strong></span> <span class='ocrx_word' id='word_1_1040' title='bbox 2936 5532 3265 5587; x_wconf 82' lang='lat' dir='ltr'><strong>confundere</strong></span> <span class='ocrx_word' id='word_1_1041' title='bbox 3286 5573 3301 5597; x_wconf 89' lang='lat'><strong>,</strong></span> <span class='ocrx_word' id='word_1_1042' title='bbox 3333 5530 3425 5584; x_wconf 87' lang='lat' dir='ltr'><strong>aut</strong></span> <span class='ocrx_word' id='word_1_1043' title='bbox 3454 5540 3649 5586; x_wconf 85' lang='lat' dir='ltr'><strong>sensum</strong></span> 
     </span>
    </p>
   </div>
   <div class='ocr_carea' id='block_1_136' title="bbox 2121 5600 3645 5672">
    <p class='ocr_par' dir='ltr' id='par_1_136' title="bbox 2121 5600 3645 5672">
     <span class='ocr_line' id='line_1_137' title="bbox 2121 5600 3645 5672; baseline 0.001 -24"><span class='ocrx_word' id='word_1_1044' title='bbox 2121 5604 2317 5672; x_wconf 73' lang='lat' dir='ltr'><strong>potius.</strong></span> <span class='ocrx_word' id='word_1_1045' title='bbox 2364 5603 2677 5672; x_wconf 20' lang='lat' dir='ltr'><strong>quamﬂipsa</strong></span> <span class='ocrx_word' id='word_1_1046' title='bbox 2709 5604 2871 5658; x_wconf 84' lang='lat' dir='ltr'><strong>verba</strong></span> <span class='ocrx_word' id='word_1_1047' title='bbox 2917 5604 3195 5672; x_wconf 87' lang='lat' dir='ltr'><strong>utrobique</strong></span> <span class='ocrx_word' id='word_1_1048' title='bbox 3224 5600 3645 5657; x_wconf 74' lang='lat' dir='ltr'><strong>citare-voluisse.</strong></span> 
     </span>
    </p>
   </div>
   <div class='ocr_carea' id='block_1_137' title="bbox 2124 5668 2669 5741">
    <p class='ocr_par' dir='ltr' id='par_1_137' title="bbox 2124 5668 2669 5741">
     <span class='ocr_line' id='line_1_138' title="bbox 2124 5668 2669 5741; baseline 0.004 -19"><span class='ocrx_word' id='word_1_1049' title='bbox 2124 5668 2254 5725; x_wconf 66' lang='lat' dir='ltr'><strong>Vide</strong></span> <span class='ocrx_word' id='word_1_1050' title='bbox 2287 5668 2452 5741; x_wconf 78' lang='lat' dir='ltr'><strong>segni.</strong></span> <span class='ocrx_word' id='word_1_1051' title='bbox 2486 5668 2669 5724; x_wconf 62' lang='grc'><strong>107⁷1).</strong></span> 
     </span>
    </p>
   </div>
  </div>
