3766 6360
166 245 263 303 3M
1284 241 1372 296 DE
1411 241 1786 299 TRINITATE
1821 243 2025 300 LiBER
2065 246 2348 306 PRIMUS.
2823 264 2829 269 ‘
3346 259 3456 320 56!

163 363 402 427 Κύριος,
451 359 531 426 ὃς
562 358 713 413 οὕτω
739 373 816 427 με
852 356 1086 426 κέκρικε
1109 395 1124 419 ,
1160 357 1256 411 καὶ
1291 361 1325 412 ὀ
1344 358 1750 427 Παντοκράτω)

1927 378 1997 415 im
2033 361 2192 420 Patre
2221 364 2348 430 sibi,
2379 375 2434 421 et
2459 366 2684 437 Spiritui
2716 379 2907 424 sancto
2934 371 3252 427 servaverit.
3270 371 3454 444 Atque

164 456 194 508 ό
220 450 672 520 πικράναςμου
700 447 814 517 τὴν
834 448 1051 519 ψυχήν
1073 467 1089 482 ο
1110 451 1161 503 ει
1184 448 1314 519 μὴν
1329 451 1418 504 ἔτι
1446 449 1559 520 τῆς
1580 451 1750 519 πνοῆς

1925 453 1948 506 b
1979 452 2118 509 hanc
2152 456 2513 525 aequalitatem
2545 459 2684 513 sacri
2712 459 2835 513 libri
2869 461 3027 515 modo
3049 461 3265 531 quidem
3300 464 3453 534 prius

158 562 271 613 μου
309 544 619 610 ἐνούσης,
648 540 890 610 Πνεῦμα
912 540 982 593 δὲ
1019 540 1181 595 θεῖον
1220 541 1289 594 τὸ
1329 542 1539 612 περιόν
1564 561 1667 613 μοι
1702 544 1750 597 ἐι

1925 545 2203 601 [cntionem
2239 546 2443 603 faciunt
2479 546 2692 616 Patris,
2734 560 2844 605 tum
2889 551 3050 617 Filii,
3093 563 3185 608 aut
3219 552 3453 624 Spiritus

159 636 346 705 ριονίν.
385 634 467 687 Τδ
503 632 809 698 ζωοποιοῦν
844 650 912 704 με
953 630 1109 700 ἅγιον
1149 631 1395 704 Πνεῦμα,
1434 639 1617 704 φησὶν,
1679 636 1775 688 καὶ

164 725 455 780 ἁναπνέειν
489 725 585 778 ἔτι
621 724 829 778 ποιοῦν.
860 723 970 777 Καὶ
1007 722 1084 787 ὡς
1132 724 1294 795 ἡνίκα
1334 724 1545 790 Παῦλος
1572 726 1776 780 Θεσσα-

159 817 432 871 λονικεῦσι
470 815 540 869 τὸ
569 815 823 888 δεύτερον
851 815 1085 887 γράφει·
1119 815 1316 882 Αὐτὸς
1354 816 1423 869 δὲ
1473 820 1506 871 ὁ
1558 819 1774 887 Κύριος

163 908 327 979 ἡμῶν
359 908 613 977 Ἰησοῦς
640 908 919 977 Χριστὸς,
945 905 1044 961 καὶ
1071 910 1104 961 ὁ
1134 908 1279 972 Θεὸς
1308 907 1407 961 καὶ
1432 909 1635 977 Πατὴρ
1663 924 1774 963 πα-

159 1000 489 1073 ρακωὶέσει
549 999 722 1070 ὑμῶν
771 999 864 1072 [21
897 994 963 1072 a]
993 1000 1101 1065 τὰς
1132 999 1401 1068 καρδίας.
1433 1001 1542 1053 Καὶ
1594 1002 1770 1056 Γαλά-

166 1112 276 1158 ταις
296 1112 309 1124 ’
330 1093 595 1160 Παῦλος
611 1093 982 1158 ἀπόστολος,
1007 1094 1119 1146 οὐκ
1143 1092 1245 1146 ἀπ’
1272 1091 1611 1161 ἀνθρώπου,
1630 1092 1772 1148 οὐδὲ

164 1186 233 1242 δι’
262 1185 617 1254 ἀνθρώπου,
653 1184 816 1239 ἀλλὰ
843 1184 941 1239 διὰ
980 1183 1178 1252 Ἰησοῦ
1206 1181 1466 1252 Χριστοῦ
1493 1184 1591 1238 καὶ
1621 1183 1771 1238 Θεοῦ

167 1281 408 1346 Πατρός.
443 1278 568 1331 Καὶ
609 1275 933 1350 Κορινθίοις,
961 1275 1038 1339 ὡς
1087 1276 1441 1347 προείρηται’
1512 1276 1574 1331 Ἠ
1598 1273 1771 1344 χάρις

165 1368 265 1425 τοῦ
289 1370 528 1436 Κυρίου
561 1367 735 1438 ἡμῶν
766 1367 975 1436 Ἰησοῦ
1009 1365 1308 1436 Χριστοῦ,
1345 1366 1445 1420 καὶ
1490 1366 1529 1433 ὴ
1564 1367 1768 1438 ἀγάπη

173 1463 265 1518 τοῦ
297 1461 450 1517 Θεοῦ
477 1460 588 1515 καὶ
618 1458 873 1529 Πατρός,
916 1458 1015 1513 καὶ
1045 1460 1084 1527 ἡ
1116 1460 1397 1513 κοινωνία
1442 1458 1550 1513 τοῦ
1595 1460 1768 1530 ἁγίου

170 1556 537 1624 Πνεῦματος.
565 1552 681 1606 Καὶ
726 1555 756 1606 ὁ
807 1551 998 1623 Σωτὴρ
1023 1550 1080 1604 δέ
1107 1568 1270 1623 φησιν
1291 1569 1303 1581 ·
1372 1551 1770 1622 Ἐλευσόμεθα

171 1648 387 1718 ἐγὼκαὶ
435 1650 471 1702 ὁ
506 1645 740 1715 Πατὴρ,
775 1644 872 1698 καὶ
897 1642 1100 1713 μονὴν
1136 1643 1273 1710 παρ’
1299 1642 1462 1709 αὐτῷ
1515 1642 1768 1710 ποιήσο-

1876 639 2082 705 sancti;
2118 640 2274 693 modo
2318 656 2449 696 vero
2479 644 2625 712 prius
2667 656 2972 699 memorant
3027 646 3224 701 Filium
3258 664 3273 701 :
3308 649 3448 719 quod

1876 738 2066 782 natura
2102 731 2168 783 ab
2219 731 2284 786 iis
2325 733 2634 789 individuus
2686 737 2784 802 sit,
2824 746 2877 791 et
2921 739 3064 807 quod
3112 739 3204 794 Dei
3253 755 3448 796 nomen

1873 820 1993 876 sine
2029 821 2133 875 ulla
2185 823 2550 894 discrepantia
2587 828 2837 883 omnibus
2873 830 3160 886 conveniat
3197 831 3335 904 (15).
3385 832 3454 891 Ut

1874 926 1995 967 cum
2031 912 2106 965 alt
2140 911 2275 979 Job,
2302 914 2622 970 Trinitatem
2657 919 2944 974 manifesto
2978 921 3269 989 designans
3300 939 3316 976 :
3356 919 3452 977 Vi-

1873 1003 1942 1054 rit
1966 1001 2076 1072 (16)
2096 1002 2351 1058 Dominus
2377 1005 2467 1077 qui
2501 1006 2578 1060 sic
2604 1023 2683 1060 me
2697 1008 2995 1077 judicavit,
3037 1021 3084 1063 et
3110 1010 3452 1080 Omnipotens

1872 1093 1961 1162 qui
2012 1096 2081 1147 ad
2121 1096 2530 1150 amaritudinem
2584 1096 2809 1152 adduxit
2869 1102 3100 1154 animum
3150 1118 3319 1157 meam
3353 1119 3373 1157 :
3404 1106 3451 1160 si

1871 1186 2082 1254 quidem
2109 1189 2233 1240 dum
2259 1188 2431 1241 adhuc
2459 1188 2593 1243 inest
2632 1190 2830 1244 halitus
2861 1208 3003 1245 meus
3023 1235 3038 1260 ,
3073 1192 3302 1263 Spiritus
3347 1212 3450 1250 au-

1871 1288 1971 1327 tem
2005 1274 2212 1328 diuinas
2267 1274 2355 1345 qui
2390 1284 2622 1343 superest
2674 1276 2802 1330 mihi
2859 1279 2917 1333 in
2964 1280 3180 1336 naribus
3226 1296 3246 1334 :
3288 1283 3445 1354 quasi

1871 1364 2073 1421 diceret
2107 1384 2120 1421 :
2153 1366 2387 1435 Spiritus
2415 1379 2669 1433 sanctus,
2700 1370 2795 1440 qui
2834 1386 2918 1427 me
2957 1372 3233 1439 viviﬁcat,
3266 1385 3321 1430 et
3352 1377 3447 1447 qui

1872 1455 2045 1511 adhuc
2089 1472 2174 1512 me
2228 1459 2498 1528 respirare
2559 1457 2712 1515 facit.
2764 1460 2830 1515 Et
2891 1463 3032 1517 sicut
3071 1478 3195 1518 cum
3248 1464 3448 1522 Paulus

1872 1543 1926 1598 in
1959 1548 2197 1600 secunda
2242 1549 2307 1601 ad
2349 1546 2863 1606 'Ibessalonicenses
2902 1552 3091 1607 scribit
3126 1570 3142 1608 :
3174 1552 3297 1623 Ipse
3333 1554 3445 1627 (17)

1872 1647 2042 1690 autem
2073 1637 2325 1693 Dominus
2354 1648 2529 1693 noster
2554 1638 2712 1695 Jesus
2734 1639 2997 1706 Christus,
3020 1652 3068 1696 et
3086 1641 3226 1698 Deus
3248 1658 3311 1698 ac
3336 1642 3447 1698 Pa-

166 1756 285 1808 μεν.
317 1737 463 1791 Ποτὲ
492 1736 556 1790 δὲ
582 1735 800 1805 πρῶτον
826 1734 890 1788 τὸ
920 1733 1073 1802 ἅγιον
1109 1734 1339 1804 Πνεῦμα
1385 1733 1750 1805 ὀνομάζουσιν.

1925 1744 1947 1780 ι·
1973 1729 2327 1793 consalabitur
2361 1735 2524 1784 corda
2554 1741 2743 1786 vestra.
2782 1733 2848 1787 Et
2879 1736 2944 1788 ad
2989 1733 3208 1790 Galatas
3246 1753 3260 1788 :
3296 1734 3447 1789 Pau-

178 1830 460 1904 μετέπειτα
500 1829 564 1882 δὲ
595 1829 688 1882 τὸν
713 1826 955 1898 Πατέρα,
992 1825 1025 1898 ἢ
1055 1827 1146 1879 τὸν
1175 1826 1324 1891 Υἰὸν,
1354 1826 1428 1890 ὡς
1455 1827 1583 1881 ὅταν
1605 1827 1768 1883 Δαυῒδ

172 1923 333 1995 cmi;
351 1940 365 1953 ·
391 1919 527 1975 Ποῦ
555 1916 834 1987 πορευθῶ
849 1917 966 1971 ἀπὸ
991 1918 1098 1972 τοῦ
1120 1918 1468 1987 Πνεύματός
1493 1933 1610 1973 σου
1625 1935 1644 1983 ;
1663 1920 1765 1974 καὶ

176 2014 278 2070 ὰ.τὸ
297 2014 404 2069 τοῦ
432 2012 774 2082 προσώπου
806 2027 924 2067 σου
957 2011 1073 2065 ποῦ
1104 2011 1304 2082 gum;
1325 2011 1437 2065 Καὶ
1468 2013 1497 2065 ὁ
1535 2010 1677 2076 Ἰὼϐ,
1704 2012 1765 2066 τὸ

175 2106 437 2178 εὔγνωμον
460 2107 711 2171 δεικνὺς,
744 2106 947 2176 φάσκει
976 2122 987 2137 ·
1014 2103 1258 2174 Πνεῦμα
1290 2102 1454 2159 θεῖον
1503 2105 1569 2157 τὸ
1593 2102 1765 2174 ποιῆ-

177 2199 280 2254 σάν
303 2218 374 2270 με
397 2219 412 2231 ·
440 2199 611 2268 πνοὴ
660 2199 729 2253 δὲ
759 2196 1256 2266 Παντοκράτορος
1288 2196 1326 2264 ἡ
1384 2196 1765 2252 διδάσκουσα

176 2306 256 2357 με.
282 2290 390 2343 Καὶ
419 2289 500 2354 ὡς
530 2287 755 2353 Παῦλος
783 2289 842 2341 ἐν
874 2290 941 2359 τῇ
992 2284 1185 2360 πρώτῃ
1230 2286 1517 2357 Ἐπιστολῇ
1566 2288 1765 2358 Κοριν-

177 2380 296 2445 θίοις
324 2382 530 2453 γράφει
552 2397 569 2412 θ
618 2382 950 2449 Διαιρέσεις
981 2378 1050 2432 δὲ
1076 2378 1465 2448 χαρισμάτων
1487 2379 1668 2443 εἰσιν,
1696 2378 1762 2431 τὸ

180 2471 237 2524 δὲ
257 2472 395 2525 αὐτὸ
427 2472 687 2541 Πνεῦμα
705 2489 720 2502 ο
749 2471 847 2526 καὶ
876 2468 1200 2539 διαιρέσεις
1243 2468 1558 2523 διακονιῶν
1581 2472 1759 2534 εἰσιν,

181 2565 209 2614 ό
234 2561 294 2614 δὲ
326 2563 512 2629 αὐτὸς
560 2563 777 2630 Κύριος
802 2579 817 2593 ·
870 2562 969 2616 καὶ
996 2559 1322 2630 διαιρέσεις
1345 2561 1759 2630 ἐνεργημάτων

185 2653 342 2715 εἰσὶν,
372 2652 495 2706 όδὲ
520 2654 712 2718 αὐτὸς
740 2650 904 2716 Θεὸς,
941 2653 974 2705 ό
1008 2648 1268 2721 ἐνεργῶν
1322 2651 1396 2705 τὰ
1449 2649 1642 2706 πάντα
1690 2650 1760 2704 ἑν

185 2741 371 2798 πᾶσιν.
399 2746 542 2799 [locs
581 2745 642 2798 δὲ
681 2744 810 2816 περ).
858 2743 950 2797 δύο
1008 2742 1366 2796 ὑποστάσεων
1421 2741 1756 2809 διαλέγονται

188 2836 461 2908 ἀνωνύμοις
481 2879 498 2904 ,
527 2837 607 2899 ὡς
626 2836 718 2890 ὅτε
758 2835 1034 2906 Ζαχαρίας
1067 2833 1215 2902 λέγει
1243 2849 1256 2863 ’
1309 2830 1499 2888 Εἶπεν
1542 2835 1758 2902 Κύριος

186 2929 318 2996 πρὸς
343 2928 450 2983 τὸν
479 2928 777 2983 διάϐολον
804 2943 817 2957 ο
871 2925 1241 2994 Ἐπιτιμήσει
1273 2927 1484 2994 Κύριος
1545 2926 1610 2981 ἐν
1633 2924 1753 2989 σοὶ,

191 3018 421 3075 διὰὄολε.
463 3021 582 3074 Καὶ
616 3020 876 3091 ἀνωτέρω
907 3017 1122 3089 ἐδείχθη
1149 3016 1241 3070 διὰ
1269 3017 1553 3075 πλειόνων.

1867 1819 1948 1872 lus
1988 1819 2099 1890 (l8)
2139 1820 2408 1887 apostolus
2450 1838 2555 1875 non
2599 1822 2663 1876 ab
2688 1824 2919 1890 homine,
2958 1843 3121 1897 neque
3152 1844 3245 1896 per
3270 1829 3445 1883 homi-

1867 1927 2012 1977 nem,
2047 1912 2137 1965 sed
2176 1929 2268 1981 per
2293 1911 2476 1967 Jcsum
2512 1912 2776 1971 Christum
2801 1925 2849 1971 et
2897 1916 3058 1973 Deum
3106 1916 3337 1974 Patrem.
3359 1920 3445 1975 ‘Et

1867 2003 1932 2056 ad
1963 2002 2295 2067 Corinthios,
2322 2015 2381 2058 ut
2402 2012 2559 2060 antea
2596 2004 2706 2079 (19)
2743 2007 2946 2062 dictum
2969 2017 3051 2064 est
3077 2029 3090 2063 :
3122 2007 3304 2064 Gratia
3329 2010 3443 2082 (20)

1866 2092 2079 2148 Domini
2095 2097 2258 2149 nostri
2270 2095 2395 2149 Jesu
2411 2095 2627 2163 Christi,
2644 2108 2693 2153 et
2726 2099 2958 2154 charitas
2980 2099 3076 2158 Dei
3099 2118 3161 2155 ac
3177 2101 3441 2166 Patris,et

1865 2188 2260 2241 communicatio
2278 2189 2444 2242 sancti
2456 2188 2709 2259 Spiritus.
2741 2190 2991 2248 Salvator
3008 2208 3134 2249 vero
3149 2195 3310 2267 etiam
3332 2196 3441 2250 ait:

1879 2275 2149 2332 Veniemus
2173 2279 2284 2349 (21)
2319 2296 2411 2349 ego
2448 2291 2496 2335 et
2530 2280 2716 2348 Pater,
2736 2294 2780 2336 et
2806 2282 2912 2355 57
2937 2286 3263 2340 mansionem
3301 2286 3443 2355 apud

1863 2384 1980 2424 eum
2029 2370 2302 2439 faciemus.
2345 2372 2499 2429 Modo
2549 2390 2682 2430 vero
2721 2376 2954 2444 primum
3008 2377 3272 2447 Spiritum
3313 2393 3443 2434 san-

1865 2471 2009 2517 ctum
2034 2464 2333 2530 nominant,
2353 2467 2548 2522 deinde
2564 2467 2810 2531 Patrem,
2835 2477 2929 2523 aut
2952 2469 3143 2524 Filium
3179 2489 3192 2525 :
3230 2480 3286 2525 ut
3316 2487 3438 2526 cum

1866 2552 2030 2607 David
2057 2555 2235 2625 psallit
2266 2572 2279 2608 :
2312 2555 2426 2621 Quo
2461 2557 2546 2612 ibo
2577 2557 2688 2645 (22)
2729 2577 2760 2612 a
2789 2558 2995 2630 Spiritu
3020 2571 3144 2628 tuo,
3175 2571 3224 2615 et
3246 2579 3278 2614 a
3303 2562 3441 2632 facie

1862 2656 1954 2699 tua
1992 2663 2093 2714 quo
2127 2648 2369 2718 fugiam?
2394 2648 2457 2704 Et
2484 2649 2650 2705 Jobus
2683 2667 2785 2705 non
2828 2652 3099 2721 ingratum
3145 2668 3203 2708 se
3256 2665 3443 2709 osten-

1862 2740 1994 2795 dens
2021 2739 2096 2793 ait
2123 2757 2137 2794 :
2174 2738 2402 2804 Spiritus
2449 2740 2560 2811 (25)
2591 2742 2795 2795 divinus
2828 2745 2918 2813 qui
2940 2743 3059 2812 fecit
3099 2760 3180 2797 me
3201 2785 3216 2808 ,
3244 2745 3440 2800 halitus

1860 2847 1978 2886 vero
2041 2831 2422 2900 Omnipotentis
2465 2833 2653 2888 docens
2704 2852 2803 2888 me.
2852 2835 2915 2888 Et
2954 2835 3096 2890 sicut
3144 2835 3342 2890 Paulus
3385 2837 3437 2891 in

1861 2924 2034 2992 prima
2062 2925 2126 2977 ad
2149 2922 2459 2978 Corinthios
2480 2924 2716 2994 Epistula
2745 2926 2934 2979 scribit
2961 2947 2972 2981 :
3002 2926 3294 2982 Divisiones
3321 2926 3438 2998 (24)

1783 3012 1826 3069 C
1859 3026 2034 3070 autem
2078 3017 2455 3071 charismatum
2486 3026 2640 3085 sunt,
2677 3018 2813 3071 idem
2861 3029 3034 3072 autem
3076 3016 3345 3088 Spiritus;
3388 3029 3438 3074 et

189 3114 441 3169 divisiones
500 3116 915 3169 ministeriorum
963 3124 1116 3179 sunt,
1170 3113 1307 3167 idem
1352 3122 1525 3165 autent
1573 3110 1828 3165 Dominus
1890 3109 2040 3182 ('25);
2107 3119 2156 3165 et
2228 3111 2509 3165 divisiones
2560 3112 2922 3180 Operationum
2964 3121 3115 3176 sunt,
3155 3112 3292 3167 idem
3333 3128 3439 3165 auo

193 3211 276 3259 tem
316 3203 481 3272 Deus,
531 3207 630 3277 qui
681 3216 927 3273 aperatur
971 3206 1148 3258 omnia
1219 3204 1277 3257 in
1348 3201 1607 3256 omnibus.
1658 3201 1812 3255 Modo
1851 3216 1982 3256 vero
2027 3201 2094 3256 de
2143 3203 2349 3257 duabus
2387 3201 2630 3270 personis
2674 3201 2999 3271 loquuntur,
3033 3203 3164 3273 quin
3209 3217 3303 3258 eas
3334 3218 3438 3257 no-

194 3294 374 3348 minent
401 3294 512 3367 (26)
540 3315 555 3352 :
587 3306 647 3350 ιιι
678 3312 799 3351 cum
824 3295 1119 3351 Zacharias
1146 3295 1222 3349 ait
1248 3313 1262 3345 ι
1300 3293 1443 3347 Dixit
1502 3292 1613 3365 (27)
1647 3292 1898 3348 Dominus
1934 3295 2002 3348 ad
2035 3296 2300 3351 diabolum
2329 3312 2347 3352 :
2382 3295 2684 3350 lncreuabit
2748 3296 3007 3351 Dominus
3038 3299 3092 3352 in
3157 3307 3204 3352 te
3225 3338 3241 3364 ,
3306 3297 3438 3354 dia-

197 3382 309 3441 tale.
329 3385 395 3440 Et
418 3398 477 3441 nt
505 3388 761 3458 superius
787 3385 897 3459 (28)
930 3399 1210 3444 ostensum
1236 3399 1319 3444 est
1348 3388 1540 3444 fusius.

258 3625 356 3696 (l5)
402 3625 498 3682 Dei
535 3644 798 3684 nomen...
834 3631 1127 3685 conveniat.
1172 3627 1252 3683 Ad
1295 3629 1521 3684 verbum
1552 3644 1568 3679 :
1599 3636 1653 3680 et
1694 3626 1757 3680 ob

201 3694 451 3769 theologia,
482 3699 919 3768 indifferentiam.
980 3701 1147 3755 Porro
1205 3699 1346 3752 sicut
1378 3696 1755 3769 ίκυριολογεῖν,

204 3776 291 3830 est,
315 3766 585 3839 Dominum
613 3766 816 3835 uocare,
843 3771 922 3823 sic
944 3770 1217 3839 Θεολογεῖν
1235 3779 1338 3833 est,
1364 3766 1529 3822 Deum
1552 3784 1756 3839 cacare,

206 3845 255 3886 ιιι
274 3837 510 3907 omnibus
540 3850 731 3892 notum
762 3849 875 3905 est,
909 3841 977 3895 iis
1018 3837 1289 3900 maxime,
1323 3841 1413 3907 qui
1452 3839 1505 3890 in
1547 3838 1760 3892 Graeco-

208 3918 304 3978 rum
325 3904 533 3962 Patrum
572 3909 805 3963 lecticue
843 3904 1043 3965 versati
1074 3918 1220 3964 sunt.
1253 3904 1438 3978 Itaque
1463 3908 1578 3962 haec
1612 3908 1758 3960 theo-

210 3974 713 4050 logitgintltfferentia
734 4023 748 4044 ,
779 3982 843 4035 de
869 3995 974 4047 qua
1007 3981 1301 4050 Didymus,
1330 3974 1383 4032 ιῑι
1407 3993 1474 4032 eo
1497 3979 1603 4050 sita
1632 3987 1753 4050 est,

212 4054 261 4162 τι
305 4044 390 4097 Dei
430 4044 621 4103 nomen
653 4050 766 4104 sine
794 4044 1338 4104 discrimine'divinis
1378 4048 1626 4119 personis
1657 4048 1756 4102 tri-

239 4124 392 4162 MIII’.
578 4148 581 4149 ν

239 4124 392 4167 satur.

271 4182 368 4258 (16)
413 4184 566 4243 Vicit.
605 4188 706 4243 Job
748 4204 921 4253 xxv",
959 4189 997 4243 2
1021 4200 1075 4243 et
1099 4188 1154 4243 3.
1207 4187 1599 4258 Complutensis
1635 4186 1751 4258 edi-

1865 3627 1939 3681 lbi
1971 3628 2112 3682 enim
2140 3628 2291 3697 prius
2330 3626 2444 3682 inec
2471 3627 2734 3697 dictavit:
2772 3647 2792 3680 ι
2833 3627 2899 3682 Ει
2938 3626 3208 3697 Salvator,
3247 3630 3433 3687 Venie-

1865 3714 2016 3763 mus,
2062 3696 2257 3768 inquit,
2297 3713 2391 3765 ego
2416 3708 2468 3750 et
2509 3696 2672 3751 Pater
2707 3698 2887 3768 (haud
2922 3698 3176 3763 dubium,
3207 3703 3336 3768 quin
3365 3704 3434 3759 ad

1865 3782 1987 3820 eum
2013 3807 2027 3831 ,
2076 3767 2166 3836 qui
2199 3779 2464 3839 praecepta
2497 3768 2624 3839 ejus
2636 3767 2964 3839 servaverit)
2991 3808 3005 3831 ,
3033 3778 3084 3821 et
3109 3767 3435 3827 mansionem

1863 3839 2005 3904 apud
2039 3853 2159 3891 eum
2201 3838 2482 3906 faciemus.
2527 3855 2545 3887 ι
2583 3837 2717 3891 Τυιιι
2752 3838 2905 3906 quasi
2945 3837 3075 3891 eum
3105 3842 3430 3907 pmniteret,
3491 3871 3499 3878 -

1867 3909 2008 3979 quod
2060 3910 2220 3963 verba
2266 3908 2375 3975 ipsa
2423 3909 2677 3979 sermonis
2699 3949 2713 3973 ,
2744 3909 2814 3979 id_
2831 3916 2915 3979 est
2955 3915 3132 3963 textus
3163 3912 3253 3979 (id
3286 3911 3434 3966 enim

1863 3978 2007 4032 valet
2037 3993 2141 4048 non
2170 3993 2291 4032 raro
2318 3992 2417 4032 vox
2445 3978 2601 4047 λόγος
2626 3977 3096 4048 apud_Didymum,
3120 3977 3181 4033 ut
3201 3979 3433 4036 vidimus

1862 4060 2031 4117 segni.
2078 4047 2150 4101 22
2191 4049 2240 4114 b,
2280 4058 2344 4117 (et
2394 4046 2531 4117 apud
2575 4046 2713 4102 alios
2761 4046 3027 4116 Patres),
3079 4050 3194 4104 haec
3246 4058 3433 4106 statim

1858 4116 2170 4185 subjuuxit:
2210 4138 2228 4170 ι
2270 4116 2440 4173 Porro
2484 4120 2562 4173 sic
2607 4134 2789 4172 sermo
2838 4117 2936 4170 iste
2980 4120 3325 4174 contexitur:
3370 4119 3432 4176 Si

1859 4191 1973 4254 quis
1994 4188 2165 4260 diligit
2194 4205 2339 4244 me...
2374 4186 2534 4243 Pater
2560 4204 2703 4243 meus
2733 4187 2913 4257 diliget
2949 4202 3090 4252 eum,
3115 4199 3164 4243 et
3199 4191 3269 4244 ad
3305 4207 3428 4245 eum

217 4236 285 4304 ιῑιί
304 4236 373 4329 ς)ἰᾷ
1014 4236 1294 4313 ᾗοιιιιιιηίιι
1340 4236 1469 4312 Ialia!
1500 4273 1597 4329 pro
1640 4257 1753 4311 Κύ-
1785 4237 1829 4292 ί)
1858 4236 2134 4329 ὖεηίειιιιιῗ,
2171 4278 2188 4309 s
2227 4269 2281 4312 et
2302 4260 2527 4329 reliqua.

219 4335 311 4412 ﬁta;
353 4325 560 4412 habent,
590 4331 619 4382 ὁ
649 4325 833 4412 82.65,;
832 4340 889 4383 et
913 4344 1028 4412 pro.
1056 4330 1107 4412 et
1160 4331 1267 4412 μήν
1296 4325 1513 4412 habent,
1612 4330 1739 4412 μήν.

219 4390 467 4468 Q‘Iinotas
509 4390 776 4468 apposuit
792 4390 1233 4454 Francol'nrtensi
1273 4390 1516 4463 editioni,
1552 4390 1749 4453 lectio-

219 4474 337 4539 ncm,
364 4467 407 4518 el
442 4467 569 4539 μήν,
608 4470 914 4525 mendosam
950 4471 1127 4525 dixit:
1169 4485 1274 4523 non
1310 4470 1750 4539 animadvertens

223 4531 821 4653 (ﬁnissel'benraismum
866 4541 953 4595 hic
995 4540 1198 4604 latere,
1238 4553 1303 4593 ac
1342 4538 1579 4609 jurautis
1628 4552 1748 4593 esse

271 4619 296 4652 ΙΙ
332 4643 345 4653 .
384 4622 407 4653 ε
433 4649 446 4653 -
482 4620 591 4653 ﬁlll,
625 4624 692 4653 82-

224 4608 346 4673 Illud,
384 4608 448 4671 si,
482 4620 596 4673 aut,
625 4610 692 4660 si.

279 4671 374 4745 (Π)
408 4675 540 4743 Ipse.
585 4671 652 4733 ill
714 4676 906 4733 Thess.
947 4694 1007 4745 ιι,
1061 4679 1128 4733 16
1200 4686 1255 4731 et
1328 4677 1417 4731 17.
1487 4675 1748 4730 Nonnulla

226 4743 499 4821 omittuntur
558 4749 898 4821 intenned‘ia.
958 4743 1063 4804 Pro
1127 4747 1499 4821 παρακαλέσει
1565 4745 1750 4821 Graeca

227 4814 361 4889 editio
381 4817 527 4889 habet
547 4857 565 4883 ,
595 4819 1002 4889 παρακαλέσαι,
1035 4821 1176 4875 sicut
1207 4814 1271 4873 ὀι
1312 4820 1567 4887 Vulgatus
1597 4818 1741 4889 legit.

284 4881 378 4951 (18)
416 4881 629 4942 Paulus.
664 4881 841 4945 Colat.
888 4906 925 4955 ι,
964 4891 1014 4943 1.
1060 4889 1247 4944 Cra-ca
1297 4881 1464 4943 editio
1514 4897 1570 4941 et
1619 4881 1750 4941 Vul-

231 4962 327 5017 gata
354 4958 613 5012 translatio
653 4960 850 5013 habent
881 4978 894 5013 :
929 4977 1031 5013 non
1067 4961 1133 5013 ab
1160 4959 1480 5012 hominibus.

285 5021 377 5098 (l9)
410 5026 586 5098 Arnen.
615 5026 797 5098 Segni.
831 5030 904 5083 20
931 5032 981 5083 b.

285 5090 382 5162 (20)
439 5094 640 5153 Gratia.
689 5090 759 5150 ἸΙ
824 5101 952 5154 Cor.
1025 5114 1141 5164 XIII,
1214 5098 1303 5153 15.
1359 5094 1749 5165 Explicationis

236 5169 361 5212 causa
395 5166 535 5239 addit
584 5167 844 5239 Didymus
892 5171 1055 5225 verba
1111 5170 1200 5223 illa
1227 5207 1247 5239 .7
1289 5177 1335 5221 et
1372 5167 1588 5239 Patris,
1623 5181 1751 5239 qua!

236 5240 370 5295 ωιτη.
392 5233 455 5287 20
480 5238 507 5288 b
554 5254 660 5291 non
687 5233 993 5293 'adtliderat
1024 5257 1036 5293 :
1069 5249 1127 5292 ut
1158 5238 1365 5294 scilicet
1393 5237 1590 5290 clarius
1620 5233 1753 5289 indi-

237 5307 334 5376 εειι
346 5301 653 5376 ρει-ιιοιιιίιιε
679 5324 738 5362 se
763 5308 924 5363 Deum
950 5309 1163 5362 Patrem
1199 5308 1517 5376 intelligere.

293 5368 384 5444 tit)
427 5373 707 5434 Veniemus.
734 5377 890 5434 Joan.
926 5394 1036 5444 χιιι,
1061 5380 1154 5443 25,
1187 5379 1274 5432 ubi
1302 5368 1459 5430 verba
1489 5375 1596 5441 illa,
1629 5391 1743 5444 ego,

239 5442 280 5518 fl
299 5437 460 5518 J‘tlter,
482 5462 582 5500 non
608 5460 843 5514 exstant,
874 5450 968 5503 sed
999 5437 1034 5501 ιι
1054 5437 1277 5518 llidymo
1303 5463 1521 5502 sensum
1547 5437 1751 5500 citante

241 5504 312 5596 hic
336 5504 573 5596 adduntur
603 5533 619 5571 :
656 5534 755 5573 nec
791 5504 941 5596 eain
979 5504 1265 5596 Εγαιιδῖειίο
1297 5520 1423 5596 ips?
1457 5517 1604 5596 legil-
1634 5528 1746 5596 Ξ¹”¹¹’

246 5582 290 5627 ιιι
310 5584 475 5654 rectius
511 5587 720 5654 l0quar,
767 5590 869 5643 sibi
907 5606 936 5642 a
967 5592 1079 5643 suis
1125 5582 1261 5643 lecta
1308 5582 1553 5641 manu:
1609 5584 1755 5641 sicut

247 5649 477 5709 "mnifesto
510 5649 730 5728 apparet
759 5674 825 5714 ex
858 5660 993 5715 libro
1019 5659 1093 5713 De
1120 5657 1216 5716 Su.
1243 5671 1443 5726 sancto,
1469 5672 1618 5722 num.
1654 5656 1747 5710 24.

473 5775 736 5840 Panos.
784 5776 903 5840 Gn.
947 5775 1255 5838 XXXIX.

1926 4327 2037 4402 (22)
2081 4329 2195 4402 Quo
2227 4329 2331 4384 ibo.
2363 4327 2506 4402 Psal.
2546 4344 2809 4397 cxxxvnt,
2846 4331 2879 4386 6
2909 4330 3027 4402 (seu
3054 4331 3129 4401 7).

1925 4398 2060 4473 (‘25)
2078 4399 2329 4473 Spiritus.
2380 4397 2482 4454 Job
2511 4404 2785 4473 nstin}.
2836 4397 3237 4473 Coinplutenﬁsis
3261 4400 3429 4457 editio

1852 4480 1972 4541 post
2012 4470 2452 4541 Παποκράτορος
2476 4510 2491 4530 ,
2525 4470 2841 4541 adducam.
2870 4470 3006 4528 Alia:
3035 4472 3305 4527 editiones
3332 4486 3431 4527 vo-

1849 4539 2026 4661 cqllqm
2073 4555 2192 4594 eam
2232 4539 2529 4605 omittunt,
2581 4549 2640 4593 ut
2678 4539 2937 4612 Didymus
2983 4554 3095 4597 tum
3144 4541 3263 4609 hic,
3316 4552 3428 4597 tum

1851 4624 1919 4661 at
1968 4626 2004 4661 ι.

1851 4609 2004 4663 alibi.

1922 4678 2036 4747 (21)
2076 4677 2438 4733 Diuisiones.l
2487 4677 2613 4734 Cor.
2648 4694 2750 4741 xu,
2790 4681 2886 4735 4-6

1921 4748 2032 4818 (25)
2072 4747 2221 4802 Idem
2258 4760 2434 4802 autem
2484 4748 2755 4803 Dominus.
2791 4751 2978 4805 Graeca
3018 4750 3183 4805 editio
3216 4750 3422 4806 habet:

1851 4817 1946 4890 καὶ
1985 4817 2019 4872 ὁ
2053 4818 2217 4881 αὐτὸς
2248 4818 2456 4890 Κύριος
2482 4859 2498 4883 ,
2532 4834 2691 4890 quam
2722 4820 3003 4874 lectionem
3053 4821 3299 4890 sequitur
3336 4820 3429 4875 Di-

1851 4889 2044 4957 dymus
2068 4904 2236 4957 segm.
2268 4889 2339 4942 26
2372 4907 2425 4953 ιι,
2460 4899 2514 4942 et
2538 4889 2608 4943 94
2630 4890 2680 4952 b,
2713 4901 2797 4953 et,
2829 4899 2887 4942 ut
2928 4890 3162 4954 videtur,
3198 4892 3251 4944 in
3279 4890 3425 4948 libro

1851 4957 1928 5010 De
1963 4957 2168 5026 Spiritu
2200 4969 2402 5019 sancto.
2432 4974 2578 5014 num.
2616 4958 2707 5023 22,
2743 4975 2865 5012 cum
2894 4959 2965 5013 ibi
3014 4959 3307 5015 Vaticanus
3333 4977 3427 5016 co-

1850 5032 1989 5096 dex.
2020 5043 2085 5081 ac
2114 5041 2319 5090 noster,
2360 5041 2415 5082 et
2458 5027 2621 5081 Vetus
2663 5028 2830 5082 editio
2876 5029 3152 5084 habeant:
3204 5030 3425 5096 Etipse

1852 5094 2126 5168 Dominus.
2158 5097 2294 5163 Quin
2323 5099 2484 5151 etiam
2518 5098 2707 5168 vocula
2737 5100 2876 5162 ἐστι,
2904 5114 3024 5168 quae
3048 5116 3170 5155 mox
3200 5094 3429 5155 additur

1853 5166 1904 5219 in
1937 5166 2142 5242 (ir-amis
2173 5168 2377 5242 Bibliis,
2414 5168 2484 5220 ibi
2517 5167 2766 5221 similiter
2794 5166 3061 5226 omittitur
3089 5186 3121 5224 a
3165 5169 3416 5242 Didymo,

1852 5244 1911 5289 ut
1954 5238 2055 5290 hoc
2093 5237 2145 5290 in
2181 5241 2317 5291 loco.

1924 5306 2036 5377 (26)
2079 5304 2218 5382 Quin
2241 5324 2332 5382 eas
2348 5307 2633 5382 nominent.
2683 5306 2786 5363 Pro
2816 5308 3116 5382 ἀνωνύμως
3141 5309 3424 5382 legendum

1851 5374 2115 5451 suspicor,
2155 5374 2460 5451 ὁωνρμως
2484 5418 2499 5439 ,
2531 5378 2580 5430 id
2608 5388 2713 5451 est,
2738 5381 2995 5451 ambigue.

1924 5445 2035 5517 (27)
2081 5445 2246 5520 Dixit.
2290 5447 2527 5520 Zacltar.
2551 5463 2632 5512 ιιι,
2660 5449 2715 5503 2.
2748 5445 2934 5507 Οτωᾶιι
2956 5451 3121 5506 editio
3152 5460 3248 5520 pro
3302 5449 3425 5505 ἐπι-

1849 5519 2282 5589 τιμήσει-ὴςιιιθι,
2314 5519 2659 5589 ἐπιτιμῆσαι,
2697 5520 2796 5574 hoc
2829 5533 2913 5574 est
2941 5519 3187 5587 int-repet.

1931 5584 2042 5658 (£3)
2074 5586 2343 5658 Superius.
2380 5584 2538 5644 luiiiu
2568 5591 2725 5661 huius
2748 5592 2961 5662 capitis,
2996 5584 3111 5645 sive
3131 5603 3302 5660 segm.
3334 5584 3425 5649 i9.

2994 5773 3117 5836 ’12
