3708 6304
398 254 498 310 367

1694 260 1851 315 pinv
1862 260 1933 314 Ml
1969 260 2433 320 ALEXANDRINI
3509 285 3587 338 568

393 373 463 428 Et
490 369 748 428 Jeremias
781 371 1026 427 similiter
1063 389 1075 426 :
1106 371 1170 424 Et
1194 389 1294 426 non
1326 372 1436 444 (55)
1467 373 1674 426 dixistis
1703 373 1906 445 (inquit:

2074 375 2374 448 Ἐϐραίους.
2407 381 2436 432 ὁ
2466 379 2565 450 μὲν
2592 381 2828 446 Μωῡσῆς
2859 381 3055 456 Κύριον
3081 376 3237 457 ’λέγει
3283 391 3340 443 ὲν
3383 393 3455 462 τῷ
3485 399 3590 450 Δευο

393 466 493 520 Ubi
528 475 600 520 est
635 465 913 527 Dominus,
950 465 1039 533 qui
1066 465 1280 517 reduxit
1309 481 1400 516 nos
1433 463 1497 517 de
1531 476 1671 517 terra
1711 463 1957 534 .Egypti,

390 559 482 628 qui
521 557 735 610 deduxit
766 573 856 609 nos
875 556 929 607 in
964 555 1166 608 deserto
1196 557 1220 610 Ρ
1255 555 1416 608 Isaias
1467 565 1644 608 autem
1689 570 1718 608 a
1759 555 1956 623 Spiritu

391 661 579 704 sancto
611 647 865 702 deductos
898 646 1065 701 fuisse
1108 646 1238 700 dicit
1269 665 1281 698 :
1315 647 1391 698 ait
1430 647 1573 700 enim
1607 665 1622 700 :
1649 645 1813 700 Duxit
1845 646 1956 718 (54)

392 757 477 794 eos
502 755 592 808 per
623 740 895 806 abyssum,
936 738 1066 789 sicut
1109 753 1292 804 equum
1316 751 1406 803 per
1443 737 1702 789 desertum
1724 777 1738 796 ,
1769 746 1819 790 et
1856 754 1955 790 non

392 832 788 893 laboraverunt;
818 840 866 882 et
908 830 1040 882 sicut
1073 828 1310 897 jumenta
1357 844 1449 896 per
1501 828 1770 894 planitiem
1810 843 1828 880 :
1866 830 1957 882 de-

391 925 591 977 scendit
633 921 856 990 Spiritus
891 939 921 974 a
952 921 1174 974 Domino
1196 960 1209 982 ,
1243 931 1288 972 et
1329 921 1544 972 deduxit
1582 920 1723 974 illos.
1753 920 1954 975 Paulus

391 1023 569 1069 autem
631 1015 760 1082 ipsis
804 1015 993 1068 ducem
1052 1014 1150 1066 via:
1209 1011 1484 1066 Christum
1535 1013 1701 1068 fuisse
1750 1013 1948 1068 docet:

388 1106 638 1160 Bibebant
667 1104 777 1174 (55)
801 1106 957 1168 enim,
988 1104 1181 1173 inquit,
1211 1107 1275 1156 de
1307 1104 1570 1170 spirituali
1593 1113 1834 1174 sequente
1867 1123 1954 1166 pe—

388 1209 507 1262 tra;
536 1207 678 1265 petra
720 1208 891 1247 autem
924 1206 1033 1248 erat
1081 1195 1336 1248 Christus.
1371 1195 1466 1250 Cui
1514 1211 1749 1250 consona
1789 1199 1949 1250 etiam

377 1286 552 1342 .Judas
580 1290 631 1340 in
658 1287 942 1350 catholica,
971 1287 1069 1339 hoc
1099 1296 1178 1340 est
1206 1286 1495 1340 universali
1516 1326 1529 1349 ,
1550 1287 1786 1353 Epistola
1819 1289 1951 1341 scri-

363 1382 464 1435 ςιιὶι
495 1399 508 1435 :
552 1378 655 1444 Qui
687 1380 796 1446 (56)
831 1379 968 1431 enim
1021 1377 1272 1430 Dominus
1319 1377 1475 1430 Jesus
1514 1377 1668 1429 semel
1702 1379 1948 1444 populum

355 1488 448 1524 .ea;
465 1470 694 1540 lEgypto
734 1470 986 1532 salvat-it,
1036 1470 1258 1521 secundo
1303 1485 1424 1532 eos,
1457 1471 1544 1538 qui
1573 1485 1674 1522 non
1715 1471 1951 1522 credide-

373 1571 505 1614 runt
545 1562 677 1630 ipsi,
718 1561 965 1628 perdidit.
1003 1560 1197 1613 Eorum
1223 1560 1333 1629 (57)
1382 1576 1511 1627 ergo
1561 1570 1817 1624 conatus,
1857 1561 1947 1629 qui

383 1652 710 1706 at'lorabilcm
741 1651 965 1711 Filium,
1007 1661 1062 1704 et
1087 1652 1323 1703 divinum
1357 1650 1615 1719 Spiritum
1646 1654 1796 1706 aiunt
1822 1668 1944 1706 esse

383 1755 684 1800 creaturam
710 1785 725 1808 ,
764 1744 971 1797 duobus
1016 1742 1104 1795 hic
1140 1742 1311 1794 modis
1350 1743 1610 1796 evertitur
1650 1761 1663 1795 :
1710 1744 1941 1812 primum

383 1837 586 1890 scilicet
613 1851 677 1890 ex
710 1851 794 1897 eo,
817 1836 958 1904 quod
986 1835 1050 1888 de
1078 1844 1304 1902 utraque
1335 1849 1560 1902 persona
1587 1834 1638 1888 in
1665 1834 1942 1903 Scriptura

381 1929 522 1984 dicta
555 1929 690 1990 sint,
725 1942 845 1995 qua:
874 1941 1030 1979 unam
1081 1927 1338 1978 inﬁnitam
1374 1936 1619 1979 naturam
1653 1927 1940 1988 deuorant;

381 2020 573 2073 deinde
605 2035 669 2073 ex
703 2033 803 2080 eo,
830 2017 974 2086 quod
1023 2017 1254 2068 addatur
1298 2032 1314 2069 :
1357 2014 1478 2068 Non
1521 2026 1629 2068 erat
1675 2032 1790 2069 cum
1838 2016 1941 2069 illis

386 2113 521 2166 Deus
551 2112 780 2176 alienus,
814 2111 864 2163 id
901 2118 982 2164 est
1019 2109 1339 2163 heterousius
1362 2149 1376 2172 ,
1414 2108 1527 2162 sive
1563 2109 1784 2162 alterius
1819 2108 1942 2161 sub-

380 2206 610 2259 snmtim.
659 2203 854 2258 Eadem
906 2206 1114 2256 ratione
1157 2200 1365 2272 Moyses
1405 2202 1617 2269 quidem
1657 2201 1734 2254 ait
1767 2215 1783 2254 :
1819 2201 1940 2255 Non

378 2299 474 2352 erit
500 2297 607 2368 (58)
633 2312 773 2364 pars,
810 2311 968 2363 neque
1003 2311 1115 2347 sors
1154 2293 1340 2348 Levitis
1383 2295 1435 2346 in
1468 2305 1604 2347 terra
1641 2310 1658 2345 :
1688 2286 1939 2346 Dominus

379 2391 486 2458 ipse
514 2399 582 2442 est
604 2405 724 2456 pars
749 2403 946 2441 eorum.
968 2386 1030 2438 Et
1051 2384 1312 2439 Jcremias
1348 2402 1358 2437 :
1383 2386 1484 2450 Qui
1509 2385 1748 2453 formavit
1769 2385 1867 2453 (59
1887 2385 1904 2455 )
1923 2426 1936 2448 .

391 2480 606 2548 inquit,
649 2480 856 2544 omnia,
904 2480 1012 2546 ipse
1055 2486 1128 2530 est
1184 2477 1459 2530 litereditas
1507 2475 1669 2530 Iacob
1698 2492 1718 2530 :
1751 2477 1938 2530 Domi-

377 2588 473 2624 nus
505 2587 687 2623 nomen
721 2569 820 2622 illi.
856 2569 930 2622 Ac
966 2567 1129 2621 David
1185 2568 1236 2622 in
1287 2582 1352 2620 xv
1401 2567 1604 2636 psalmo
1637 2586 1648 2620 :
1687 2567 1937 2622 Dominus

378 2663 487 2734 (60)
530 2679 648 2730 pars
693 2661 1014 2715 ha'reditatis
1052 2676 1212 2723 mete,
1252 2668 1299 2712 et
1336 2659 1514 2712 colicis
1546 2660 1668 2712 mei.
1712 2660 1777 2713 At
1810 2676 1937 2712 vero

375 2753 574 2806 Paulus
608 2751 862 2820 Spiritum
892 2760 1133 2803 sanctum
1171 2751 1534 2802 hzereditatcm
1581 2766 1700 2804 esse
1748 2753 1937 2804 scriliit

377 2844 618 2913 Ephesiis
655 2860 667 2894 :
697 2840 880 2908 Inquo
917 2839 1061 2909 (6|),
1100 2839 1286 2906 inquit,
1324 2840 1584 2892 credentes
1616 2841 1806 2908 signati
1845 2859 1938 2893 su-

375 2952 490 2990 mus
525 2934 722 3003 Spiritu
743 2933 1097 3002 promissionis
1123 2933 1425 3001 sancto,qui
1447 2943 1522 2984 est
1554 2933 1740 3001 pignus
1772 2935 1939 2986 luere-

2060 470 2354 540 τερονομίῳ
2377 487 2389 500 ·
2417 472 2628 537 Κύριος
2653 473 2779 544 γὰρ,
2805 477 2989 544 φησὶν,
3016 479 3202 545 μόνος
3221 477 3356 550 ἦγεν
3378 486 3587 555 αὐτοὺς,

2067 561 2166 616 καὶ
2198 564 2307 615 οὐκ
2338 559 2561 632 ἦνμετ’
2589 564 2786 617 αὐτῶν
2805 567 2940 632 θεὸς
2967 569 3302 638 ἀλλότριος.
3334 575 3438 628 Καὶ
3461 580 3487 629 ό
3518 579 3590 632 Ἱε-

2060 654 2252 723 ρεμίας
2277 654 2535 719 ὡσαύτως
2554 673 2566 685 ·
2593 657 2699 710 Καὶ
2721 659 2828 711 οὐκ
2859 659 3080 725 εἴπατε,
3103 664 3293 732 φησίνο
3318 666 3437 719 Ποῦ
3450 668 3590 723 ἔστιν

2057 742 2272 810 Κύριος
2319 749 2350 798 ό
2404 747 2720 817 ἀναγαγὼν
2777 748 2932 817 ὑμᾶς
2980 753 3047 805 ἐκ
3078 751 3187 822 γῆς
3235 758 3538 824 Αίγύπτου,
3564 766 3589 814 ό

2056 837 2474 906 καθοδηγήσας
2495 837 2649 908 ὑμᾶς
2671 841 2741 893 ἐν
2762 841 2836 910 τῇ
2854 843 3049 912 ἐρήμῳ
3077 861 3096 906 ;
3135 847 3190 898 Ὀ
3206 847 3263 900 δέ
3285 865 3346 915 γε
3374 849 3586 917 Ἡσαΐας,

2053 927 2114 980 τὸ
2155 931 2304 996 ἅγιον
2341 930 2563 1001 Πνεῦμα
2607 932 2943 1004 ὠδηγηκέναι
2991 936 3174 1003 λέγει·
3230 940 3436 1008 Ἠγαγε
3480 943 3586 1015 γὰρ,

2055 1022 2236 1092 φησὶν,
2269 1023 2490 1088 αὐτοὺς
2513 1023 2608 1076 διὰ
2633 1027 2928 1093 ἀϐύσσου,
2959 1030 3038 1093 ὠς
3067 1031 3253 1084 ἵππον
3274 1031 3346 1084 δι’
3375 1033 3586 1100 ἐρήμου,

2051 1112 2148 1164 καὶ
2187 1116 2297 1166 οὐκ
2359 1114 2723 1169 ἐκοπίασανο
2762 1119 2857 1171 καὶ
2912 1121 2992 1184 ὼς
3020 1121 3206 1190 κτήνη
3250 1121 3348 1175 διὰ
3385 1124 3584 1179 πεδίου.

2051 1205 2280 1271 Κατέϐη
2307 1205 2545 1272 Πνεῦμα
2571 1207 2728 1274 παρὰ
2758 1211 3003 1278 Kvpiov,
3034 1213 3128 1265 καὶ
3168 1212 3477 1284 ὡδήγησεν
3502 1221 3590 1272 αὑ-

2051 1296 2208 1359 τούς.
2257 1296 2314 1347 Ὁ
2352 1295 2407 1347 δὲ
2439 1297 2648 1362 Παῦλος
2689 1299 2882 1367 ὁδηγὸν
2907 1303 3087 1356 αὐτῶν
3116 1304 3207 1357 τὸν
3245 1306 3472 1374 Χριστὸν
3505 1325 3584 1376 γε·

2049 1385 2306 1454 γενῆσθαι
2332 1385 2604 1439 διδάσκει·
2639 1389 2882 1443 Ἕπινον
2919 1391 3048 1460 γὰρ,
3089 1394 3270 1464 φησὶν,
3317 1395 3384 1448 ἐκ
3436 1411 3588 1451 arrv-

2049 1475 2298 1543 ματικῆς
2353 1478 2808 1546 ἀκολουθούσης
2842 1481 3090 1550 πέτρας⁶
3117 1487 3154 1552 1)
3186 1485 3253 1538 δὲ
3276 1485 3456 1554 πέτρα
3476 1484 3540 1556 ἦν
3559 1493 3586 1542 ό

2049 1567 2318 1634 Χριστός.
2353 1561 2422 1637 ’ᾯ
2454 1570 2662 1638 συνῳδὰ
2691 1571 2781 1623 καὶ
2821 1571 3015 1636 Ἰούδας
3048 1575 3348 1638 καθολικῶς
3377 1577 3585 1646 γράφει*

2050 1657 2236 1720 Ἀπαξ
2265 1658 2374 1726 γὰρ
2400 1660 2612 1726 Κύριος
2656 1661 2887 1728 Ἰησοῦς
2911 1663 3150 1728 λαὸν-ἐξ
3175 1667 3467 1734 Αἰγύπτου
3489 1670 3588 1721 σώ-

2046 1767 2180 1818 σας,
2209 1752 2488 1820 δεύτερον
2527 1754 2667 1819 τοὺς
2692 1755 2776 1822 μὴ
2831 1758 3274 1824 πιστεύσαντας
3303 1757 3456 1824 αὑτῷ
3488 1762 3587 1814 ἀπ·

2043 1844 2288 1898 ώλεσεν.
2317 1847 2578 1900 Ἐνταῦθα
2602 1844 2694 1901 οὖν
2718 1848 2918 1910 διπλῶς
2950 1848 3244 1919 ἀναιρεῖται
3269 1851 3302 1918 ἡ
3328 1850 3587 1920 ἐπιχείρη-

2046 1952 2130 1997 σις
2163 1935 2270 1988 τῶν
2323 1934 2586 2003 λεγόντων
2635 1937 2836 2008 κτίσμα
2873 1938 2961 1990 τὸν
2996 1938 3190 1992 σεπτὸν
3227 1939 3358 1992 Υἱὸν
3399 1941 3484 1992 καὶ
3533 1942 3587 1992 τὸ

2044 2026 2221 2079 θεῖκὸν
2254 2029 2496 2098 Πνεῦμα,
2521 2030 2629 2082 ἀπό
2659 2047 2715 2081 τε
2763 2032 2855 2083 τοῦ
2892 2032 3019 2101 περὶ
3067 2030 3334 2101 ἑκατέρας
3372 2031 3587 2084 ὑποστά-

2044 2136 2177 2180 σεως
2207 2119 2694 2190 κεχρησμῳδῆσθαι
2754 2120 2820 2172 τὰ
2846 2121 2944 2190 τὴν
2987 2121 3207 2192 ἄπειροι
3275 2121 3396 2192 μίαν
3439 2123 3584 2188 φύσιν

2043 2212 2539 2280 κατασημαίνοντα,
2575 2213 2682 2264 ἀπό
2708 2229 2765 2264 τε
2797 2213 2892 2264 τοῦ
2940 2212 3303 2284 παρακεῖσθαι
3324 2253 3338 2275 ,
3374 2213 3452 2265 ὅτι
3477 2216 3584 2266 Οὐκ

2039 2296 2118 2368 ἦν
2138 2300 2262 2368 μετ’
2297 2300 2493 2353 αὐτῶν
2539 2300 2672 2366 θεὸς
2702 2302 3017 2368 ἀλλότριος
3036 2344 3047 2360 ,
3080 2301 3221 2354 τοῦτ’
3248 2302 3391 2355 ἔστιν
3418 2303 3583 2371 ἑτερο-

2040 2391 2235 2454 ούσιος.
2273 2393 2375 2443 Τὸν
2426 2392 2536 2445 ἴσον
2584 2393 2781 2462 τρόπον
2847 2392 3086 2462 Μωῦσῆς
3126 2395 3221 2463 μὲν
3254 2393 3433 2461 λέγει·
3475 2397 3583 2446 Οὐκ

2037 2485 2206 2537 ἔσται
2227 2483 2414 2552 μερὶς,
2447 2484 2586 2536 οὺδὲ
2616 2483 2842 2552 κλῆρος
2866 2485 2990 2550 τοῖς
3007 2487 3280 2550 Λευΐταις
3295 2487 3392 2539 ἐπὶ
3421 2485 3510 2557 [26
3533 2485 3582 2556 a]

2037 2575 2146 2645 τῆς
2174 2576 2313 2646 γῆς·
2350 2575 2565 2644 Κύριος
2601 2577 2819 2642 αὐτὸς,
2855 2577 3024 2644 μερὶς
3061 2577 3289 2630 αὐτῶν·
3334 2578 3583 2648 Ἱερεμίας

2036 2669 2113 2721 δέ·
2156 2669 2216 2720 '0
2241 2667 2502 2733 πλάσας,
2538 2669 2721 2738 φησὶν,
2756 2669 2826 2723 τὰ
2847 2668 3060 2729 πάντα,
3096 2672 3276 2734 aoch
3308 2675 3584 2736 κληρονο-

2031 2762 2140 2829 μία
2163 2760 2267 2813 τοῦ
2303 2759 2510 2812 Ἰακώϐ
2531 2776 2543 2789 ’
2575 2759 2791 2826 Κύριος
2825 2761 3009 2828 ὄνομα
3061 2759 3248 2825 αὐτῷ’
3273 2760 3430 2814 Δαυῒδ
3460 2760 3513 2812 δὲ
3534 2763 3584 2813 ἐν

2041 2855 2099 2906 ιε’
2133 2853 2365 2924 ψαλμῷ·
2418 2851 2663 2920 Κύριος,
2695 2853 2865 2922 μερὶς
2911 2853 3018 2920 τῆς
3053 2854 3453 2922 κληρονομίας
3477 2869 3584 2921 μου

2039 2945 2267 2998 καὶτοῦ
2293 2945 2578 3013 ποτηρίου
2611 2960 2750 3012 μου.
2787 2943 2843 2997 '0
2881 2945 2936 2997 δέ
2961 2961 3023 3012 γε
3078 2943 3289 3007 Παῦλος
3340 2943 3401 2995 τὸ
3445 2944 3586 3011 ἅγιον

375 3029 555 3083 ditatis
577 3037 783 3080 nostrae.
809 3024 1065 3077 Similiter
1084 3025 1149 3076 ad
1175 3022 1485 3078 Corinthios
1509 3024 1901 3079 scribitl’aulus

2061 3036 2262 3107 Ινεῦμα
2294 3036 2390 3107 τὴν
2418 3035 2777 3106 κληρονομίαν
2813 3033 2949 3089 εἶναι
2991 3036 3254 3105 Ἐφεσίοις
3277 3035 3584 3089 ἐπιστέλλειν

375 3117 787 3184 Divisiones(62)
812 3128 980 3169 autent
1001 3116 1376 3168 charismatum
1409 3127 1552 3176 sunt,
1599 3117 1732 3169 idem
1759 3128 1906 3169 auten

2061 3132 2152 3182 Ἐν
2173 3123 2240 3194 ᾧ,
2269 3129 2450 3198 φησὶν,
2483 3128 2934 3192 πιστεύσαντες,
2989 3129 3474 3196 ἑσφραγίσθημεν
3517 3127 3588 3192 τῷ

375 3214 602 3281 Spiritus
635 3227 654 3267 :
688 3220 736 3264 et
777 3209 1049 3262 divisiones
1105 3209 1508 3260 ministeriorum
1541 3220 1691 3271 sunt,
1727 3218 1774 3261 et
1801 3211 1906 3260 idet

2061 3224 2333 3286 Ἰνεύματι
2362 3217 2462 3285 τῆς
2487 3219 2844 3289 ἐπαγγελίας
2870 3219 2948 3283 τῷ
2970 3219 3130 3288 ἁγίῳ,
3163 3220 3196 3270 ὅ
3231 3220 3400 3272 ἐστιν
3422 3221 3588 3287 ἀρρα-

384 3297 1028 3359 l)ontinus:etdivisiones
1068 3297 1425 3364 operationum
1464 3307 1604 3362 sunt,
1645 3300 1779 3352 idem
1826 3300 1906 3360 (65

2061 3309 2158 3362 ῗὼν
2210 3311 2320 3377 τῆς
2377 3311 2773 3378 κληρονομίας
2831 3309 3018 3378 ἡμῶν.
3105 3311 3334 3380 Ὁμοίως
3391 3311 3588 3372 Παῦλος

374 3407 543 3450 autem
569 3393 727 3455 Deus,
748 3392 835 3460 qui
863 3400 1106 3458 operatur
1125 3389 1367 3441 omniain
1397 3391 1652 3442 omnibus.
1685 3390 1750 3444 Ut
1781 3407 1904 3460 porr

2061 3402 2342 3473 ίορινθίοις
2410 3404 2636 3473 γράψει’
2698 3402 3020 3469 Διαιρέσεις
3077 3402 3146 3455 δὲ
3217 3402 3588 3471 χαρισμάτων

373 3485 585 3542 deitatis
617 3485 720 3555 61
749 3484 1074 3537 identitatem
1101 3480 1364 3544 ostendat,
1390 3497 1490 3535 non
1520 3483 1676 3535 modo
1703 3482 1903 3550 Spiritu

2061 3495 2195 3546 :l'Ilr
2224 3534 2237 3556 ,
2305 3494 2371 3547 τὸ
2445 3493 2512 3546 δὲ
2569 3495 2716 3548 αὐτὸ
2782 3496 3056 3563 Πνεῦμα’
3121 3494 3219 3547 καὶ
3278 3495 3587 3561 διαιρέσεις

369 3578 599 3648 primum
626 3575 866 3629 meminit
896 3571 1069 3626 hocin
1099 3571 1236 3632 loco,
1269 3570 1462 3624 deinde
1516 3571 1658 3636 Filii,
1693 3587 1755 3626 ac
1787 3585 1932 3640 post-

371 3669 584 3723 modum
647 3664 822 3718 Patris
883 3682 896 3717 :
947 3659 1038 3716 sed
1100 3662 1259 3714 etiam
1296 3661 1383 3714 ille
1422 3663 1576 3730 ipse,
1635 3665 1725 3731 qui
1785 3679 1925 3716 tuttic

371 3762 552 3824 dixit,
596 3757 761 3812 Deum
803 3755 976 3808 omnia
1024 3753 1252 3823 operari,
1310 3765 1430 3822 post.
1485 3768 1652 3822 pauca
1708 3756 1924 3812 subdit:

371 3851 500 3905 Haec
522 3862 692 3903 autem
717 3847 824 3918 (64)
848 3848 1022 3900 omnia
1044 3854 1290 3914 operatur
1312 3862 1446 3898 unus
1490 3855 1537 3899 et
1581 3846 1718 3900 idem
1751 3849 1926 3917 Spiri-

368 3953 450 3996 tus
501 3943 730 3994 dividens
778 3953 1008 3993 seorsum
1049 3938 1341 4006 unicuique,
1376 3939 1506 3990 sicut
1533 3937 1638 3990 vult
1667 3956 1685 3992 :
1728 3943 1900 3996 mani-

368 4034 524 4097 feste,
557 4043 610 4086 et
644 4045 898 4100 expresse
926 4029 1234 4093 ostendens,
1273 4029 1532 4096 Spiritum
1581 4045 1699 4084 esse
1765 4035 1925 4089 simul

368 4137 422 4179 et
448 4125 610 4178 Deum
650 4123 819 4187 Patri,
878 4137 939 4175 ac
965 4119 1101 4174 Filio
1130 4120 1666 4183 consubstantialem,
1726 4132 1780 4177 et
1827 4142 1924 4180 sua

367 4214 645 4284 praeditum
695 4213 1016 4266 auctoritate
1046 4251 1060 4274 ,
1103 4227 1165 4264 ac
1200 4221 1484 4280 potestate.
1551 4209 1690 4277 Quin
1725 4216 1925 4272 audire

366 4308 530 4361 etiam
564 4305 688 4359 licet
715 4306 876 4358 Deum
934 4319 998 4358 ac
1029 4303 1242 4356 Patrem
1294 4303 1345 4355 in
1402 4302 1536 4356 Isaia
1585 4306 1853 4361 dicentem
1908 4328 1922 4364 :

367 4399 434 4452 Et
485 4399 704 4470 gloriam
764 4397 876 4468 (65)
927 4413 1094 4450 meam
1145 4396 1297 4448 alteri
1322 4411 1423 4448 non
1446 4395 1708 4451 dabo:et
1749 4395 1918 4452 Joan-

2033 3582 2346 3638 διακονιῶν
2416 3587 2608 3646 εἰσιν,
2668 3584 2765 3636 καὶ
2826 3588 2858 3637 ό
2917 3584 3099 3649 αὐτὸς
3165 3585 3419 3651 Κύριος⁹
3494 3586 3586 3637 καὶ

2032 3674 2349 3744 διαιρέσεις
2402 3673 2814 3743 ἐνεργημάτων
2847 3675 3003 3728 εἰσὶν
3027 3713 3041 3736 ,
3070 3677 3103 3727 ό
3143 3673 3212 3726 δὲ
3231 3675 3415 3740 αὐτὸς
3453 3675 3589 3739 Θεὸς

2033 3771 2066 3820 ὀ
2106 3766 2362 3836 ἐνεργῶν
2411 3768 2482 3819 τὰ
2526 3766 2720 3819 πάντα
2764 3767 2834 3820 ἐν
2861 3765 3065 3820 πᾶσιν.
3117 3768 3342 3831 Δεικνὺς
3390 3768 3447 3820 δὲ
3493 3769 3587 3837 τὴν

2029 3857 2326 3926 ταυτότητα
2370 3855 2468 3925 τῆς
2496 3854 2762 3924 θεότητος,
2797 3856 2856 3908 οὐ
2899 3855 3056 3925 μόνον
3095 3855 3327 3910 ἐνταῦθα
3376 3856 3585 3927 πρώτου

2025 3945 2392 4015 ἐπιμέμνηται
2439 3944 2532 3997 τοῦ
2581 3943 2923 4014 Πνεύματος,
2987 3941 3104 4000 εἶτα
3147 3946 3238 3999 τοῦ
3292 3946 3458 4009 Υίοῦ,
3502 3948 3588 4000 καὶ

2029 4035 2171 4088 οὕτω
2195 4035 2288 4088 τοῦ
2323 4035 2532 4105 Πατρός
2550 4050 2564 4065 ⁸
2605 4033 2739 4087 ἀλλὰ
2769 4036 2862 4087 καὶ
2904 4038 2931 4089 ὁ
2963 4035 3056 4090 νῦν
3087 4036 3320 4109 εἰρηκὼς
3340 4037 3432 4090 τὸν
3462 4037 3586 4091 Θεὸν

2030 4125 2098 4178 τὰ
2146 4125 2321 4178 πάντα
2363 4126 2619 4196 ἐνεργεῖν,
2667 4129 2780 4194 μετ’
2809 4125 2984 4194 ὀλίγον
3031 4127 3257 4195 ἐπάγειο
3292 4128 3484 4181 Ταῦτα
3525 4127 3586 4179 δὲ

2027 4217 2223 4272 πάντα
2276 4217 2502 4288 ἐνεργεῖ
2541 4217 2608 4271 τὸ
2638 4217 2706 4272 ἓν
2735 4220 2828 4272 καὶ
2863 4219 2927 4271 τὸ
2969 4220 3114 4272 αὐτὸ
3143 4220 3404 4289 Πνεῦμα,
3443 4221 3590 4274 6mi-

2021 4310 2175 4377 ροῦν
2209 4309 2329 4377 ὶδίᾳ
2375 4307 2624 4376 ἑκάστῳ,
2671 4309 2860 4374 καθὼς
2894 4311 3208 4374 ,ϐούλεταιο
3264 4311 3450 4380 σαφῶς
3495 4312 3586 4364 καὶ

2025 4401 2318 4472 διαρρήδην
2371 4401 2501 4454 αὐτὸ
2551 4401 2682 4454 Θεὸν
2727 4401 3004 4471 ὁμοούσιον
3046 4402 3124 4472 τῷ
3167 4403 3340 4473 Harp).
3379 4405 3476 4457 καὶ
3515 4405 3586 4474 τῷ

436 4579 548 4655 (55)
590 4577 658 4632 Et
699 4592 836 4655 non._
862 4573 1058 4655 Jerem.
1113 4589 1180 4655 it,
1213 4573 1264 4629 6.
1304 4571 1734 4655 Graspa_editio:
1767 4574 1906 4633 εἶπαε

2061 4577 2289 4655 ιμιιιεηεὶε
2313 4579 2484 4655 editio
2523 4581 2682 4655 habet
2717 4599 2730 4634 :
2763 4581 2875 4655 Οὐκ
2897 4581 3046 4655 ἔσται
3077 4585 3191 4655 τοῖς
3211 4583 3465 4655 Λευῖταις
3498 4602 3589 4655 με-

364 4643 466 4722 pro
493 4643 721 4722 eisrara,
737 4658 788 4700 et
813 4647 958 4722 ῂμᾶς
989 4646 1279 4722 utrobique
1296 4643 1573 4722 [πο-ὑμᾶς.

432 4721 542 4790 (54)
587 4720 763 4790 Duxit.
814 4714 916 4790 l'sa.
947 4731 1108 4790 _t_.uu,
1137 4716 1224 4790 l5,
1261 4716 1346 4768 M.
1377 4714 1521 4768 Edit.
1545 4718 1642 4786 τῆς
1663 4716 1919 4775 ἀϐύσσου.

433 4786 545 4859 (55⁷)
585 4788 858 4842 Bibebant.
891 4787 910 4840 l
939 4786 1064 4839 Cor.
1103 4801 1158 4859 ις,
1187 4787 1241 4859 ιε

435 4853 546 4930 (56)
591 4860 714 4930 Qui.
747 4859 897 4930 .lndze
931 4871 1071 4930 vers.
1218 4853 1400 4930 Grmca
1427 4855 1608 4930 editio
1651 4875 1663 4910 :

362 4925 504 5000 ὑμᾶς
529 4925 690 4995 ’ἅπαξ
727 4928 906 5000 τοῦτο,
937 4927 1017 4978 ὃτι
1049 4927 1077 4978 ὁ
1106 4925 1308 5000 Κύριος
1341 4926 1482 5000 *λαόν
1520 4928 1582 4978 ἐκ
1627 4929 1727 5000 γῇς
1757 4931 1921 4998 Αίγύ-

360 4994 565 5056 sese...
611 4994 684 5070 μὴ
722 4996 1114 5058 πιστεύσαντας
1145 4994 1297 5070 αὐτῷ
1329 4994 1627 5070 ἀπώλεσεν.
1670 4994 1920 5068 Vulgaitts

362 5073 463 5125 llll.
487 5064 905 5136 profD'ominus,
927 5070 1104 5126 habet,
1127 5064 1301 5119 Jesus.
1333 5069 1587 5138 Didymus
1611 5064 1916 5138 nlrunique.

432 5135 544 5210 (57)
589 5137 823 5210 Eorum,
858 5149 962 5210 etc.
1014 5139 1352 5210 Ariamazes,
1385 5138 1498 5189 sive
1547 5135 1908 5210 Eunomianos

362 5205 699 5276 potissimum
759 5206 1020 5273 designat.
1080 5205 1422 5276 Macedonius
1469 5209 1664 5276 etum,
1724 5219 1780 5261 ut
1835 5213 1911 5264 ait

359 5274 520 5332 etiam
568 5277 819 5345 Didymus
853 5290 1020 5342 segni.
1065 5274 1131 5327 l8
1161 5277 1209 5340 b,
1244 5275 1416 5329 solum
1463 5274 1722 5344 Spiritum
1772 5293 1907 5332 san-

353 5359 524 5408 ctmn,
551 5342 728 5400 non'F
737 5347 882 5397 ilium
919 5345 1125 5396 volebat
1154 5359 1275 5398 esse
1299 5342 1622 5400 creaturam.
1672 5347 1808 5411 Quin
1839 5349 1905 5401 de

357 5417 749 5470 Macedonianis
770 5428 977 5482 quoque
996 5414 1324 5481 Augustinus
1347 5415 1395 5465 in
1427 5415 1562 5467 libro
1590 5415 1662 5468 De
1687 5417 1905 5469 Itwresi—

357 5489 473 5549 bus,
503 5488 688 5541 haeresi
710 5483 798 5545 52,
831 5486 904 5536 ait
933 5501 944 5536 :
974 5482 1048 5536 De
1072 5483 1228 5536 Patre
1258 5495 1302 5535 et
1328 5482 1465 5536 Filio
1484 5494 1618 5537 recte
1651 5488 1902 5551 sentiunt,

354 5558 492 5626 quod
518 5557 669 5626 unius
696 5557 796 5609 sint
827 5553 1154 5626 eiusdemque
1179 5553 1484 5626 substantiae
1510 5557 1613 5608 sive
1646 5557 1897 5611 essentite.

428 5627 539 5693 (58)
581 5624 704 5679 Νοη
733 5626 853 5679 erit.
921 5624 1069 5675 Deut.
1109 5639 1161 5681 χ.
1205 5623 1258 5685 9,
1303 5625 1390 5676 ubi
1449 5639 1640 5677 sensus
1686 5627 1898 5692 quidem

355 5692 441 5750 est
484 5696 596 5752 fere
629 5698 789 5763 idem,
836 5695 929 5750 sed
973 5697 1128 5748 Verba
1157 5692 1427 5764 paululum
1465 5695 1699 5750 diversa.
1737 5697 1899 5750 Com-

1715 4858 1922 4923 εἰδότας

2030 4649 2671 4730 ρξςικα“ι“>ελῆροςιπαηρα
2699 4654 2822 4730 ’τοῖς
2855 4652 3098 4730 ἀδελφοῖς
3136 4652 3341 4730 αεὶ-τῶν-
3382 4649 3587 4724 Κύριος

2022 4718 2184 4781 αὐτὸς
2219 4718 2416 4790 κλῆρος
2443 4718 2626 4773 αὐτοῦ.
2657 4721 2710 4773 Id
2733 4733 2850 4774 est:
2886 4718 3006 4774 Non
3035 4724 3130 4774 erit
3168 4723 3354 4776 Levitis
3384 4718 3512 4789 pars
3541 4736 3587 4776 et

2019 4790 2274 4861 possessio
2324 4795 2462 4855 apud
2494 4792 2681 4856 fratres
2714 4801 2855 4843 suos.
2889 4792 3139 4845 Dominus
3178 4796 3285 4861 ipse
3321 4795 3584 4861 possessio

2018 4859 2151 4926 ejus.
2181 4859 2311 4910 Αιὶευ
2340 4861 2601 4914 editiones
2629 4862 2802 4912 aliter.

2089 4927 2201 4998 (59)
2246 4928 2346 4991 Qui
2399 4929 2667 4995 formavit.
2726 4929 2814 4981 Bis
2863 4931 2973 4984 lucc
3025 4930 3240 4997 scripsit
3285 4929 3580 4988 Jeremias.

2017 5012 2137 5070 cap.
2170 5014 2219 5054 κ.
2335 5007 2403 5070 et
2423 5015 2542 5067 cap.
2578 5015 2651 5066 LI,
2681 4999 2766 5052 l9.
2803 4998 3092 5069 Utrobique
3124 5018 3220 5070 pro
3249 5000 3340 5052 τοῦ
3386 5001 3583 5054 Ἰακώὸ

2016 5066 2212 5136 legitur
2239 5066 2427 5123 αὐτοῦ.

2087 5137 2198 5205 (60)
2244 5139 2517 5194 Dominus.
2551 5137 2692 5192 Psal.
2723 5155 2812 5202 xv,
2840 5139 2893 5193 5.

2089 5207 2198 5276 (6|)
2238 5206 2304 5276 In
2355 5225 2477 5274 quo.
2530 5209 2725 5276 Epltes.
2784 5226 2823 5271 t.
2875 5209 3086 5274 15,”.
3138 5208 3324 5264 (Ξῖ-τερα
3353 5210 3525 5264 editio
3571 5228 3586 5262 :

2017 5275 2438 5348 ἐσφραγίσθητε,
2468 5279 2517 5330 id
2545 5275 2622 5332 est
2649 5280 2838 5348 signati
2861 5293 3000 5333 estis.
3039 5281 3096 5332 Et
3125 5283 3282 5346 paulo
3315 5289 3436 5346 post
3467 5296 3482 5330 :
3520 5281 3577 5343 ὃς

2010 5347 2176 5399 ἐστιν.
2212 5349 2393 5411 Segni.
2427 5348 2493 5401 56
2520 5365 2571 5409 a,
2600 5359 2654 5401 et
2684 5347 2732 5400 in
2761 5351 2852 5402 lib.
2884 5349 2955 5402 De
2981 5348 3179 5417 Spiritu
3208 5364 3408 5412 sancto,
3430 5366 3581 5403 num.

2010 5417 2063 5481 5,
2093 5418 2254 5488 etiam
2285 5419 2535 5487 Didymus
2569 5419 2825 5471 dictavit:
2854 5423 3043 5488 signati
3075 5422 3218 5475 estis.

2081 5487 2190 5557 (6:2)
2235 5487 2537 5541 Divisiones.
2574 5488 2740 5541 lCor.
2785 5506 2879 5551 xu,
2905 5487 3029 5542 4-6.

2080 5556 2189 5624 (65)
2231 5557 2396 5627 idem.
2426 5557 2637 5610 Omittit
2666 5561 2906 5611 voculutu
2937 5560 3072 5619 ἐστι,
3108 5570 3164 5612 ut
3211 5574 3380 5627 segni.
3411 5557 3488 5611 24
3524 5577 3578 5612 a.

2079 5628 2191 5690 Hii)
2227 5625 2350 5678 "rec
2381 5638 2574 5679 autem.
2605 5627 2623 5680 Ι
2655 5628 2777 5680 Cor.
2811 5645 2907 5688 xu,
2945 5630 3026 5683 ll.

2081 5698 2194 5766 (65)
2230 5696 2292 5747 Et
2323 5698 2562 5764 gloriam.
2601 5698 2795 5752 Vocula
2823 5699 2914 5750 καί
2945 5702 3091 5753 deest
3121 5701 3169 5752 in
3202 5697 3294 5752 Cr.
3324 5711 3412 5752 ea.
