  <div class='ocr_page' id='page_1' title='image "/cluster/home/n/w/nwhite01/storage/ocr_20150623/39/hvd.32044019207778/197.png"; bbox 0 0 3708 6304; ppageno 0'>
   <div class='ocr_carea' id='block_1_1' title="bbox 416 301 523 359">
    <p class='ocr_par' dir='ltr' id='par_1_1' title="bbox 416 301 523 359">
     <span class='ocr_line' id='line_1_1' title="bbox 416 301 523 359; baseline -0.037 0"><span class='ocrx_word' id='word_1_1' title='bbox 416 301 523 359; x_wconf 75' lang='grc'><strong><em>379</em></strong></span> 
     </span>
    </p>
   </div>
   <div class='ocr_carea' id='block_1_2' title="bbox 1647 291 3590 356">
    <p class='ocr_par' dir='ltr' id='par_1_2' title="bbox 1647 291 3590 356">
     <span class='ocr_line' id='line_1_2' title="bbox 1647 291 3590 356; baseline -0.003 -7"><span class='ocrx_word' id='word_1_2' title='bbox 1647 294 1885 352; x_wconf 71' lang='lat' dir='ltr'><strong><em>DIDYMI</em></strong></span> <span class='ocrx_word' id='word_1_3' title='bbox 1922 291 2399 350; x_wconf 77' lang='lat' dir='ltr'><strong><em>ALEXANDRINI-</em></strong></span> <span class='ocrx_word' id='word_1_4' title='bbox 3512 299 3590 356; x_wconf 55' lang='grc' dir='ltr'><strong><em>τεο</em></strong></span> 
     </span>
    </p>
   </div>
   <div class='ocr_carea' id='block_1_3' title="bbox 416 403 1982 486">
    <p class='ocr_par' dir='ltr' id='par_1_3' title="bbox 416 407 1982 481">
     <span class='ocr_line' id='line_1_3' title="bbox 416 407 1982 481; baseline -0.006 -10"><span class='ocrx_word' id='word_1_5' title='bbox 416 419 510 471; x_wconf 83' lang='lat' dir='ltr'><strong><em>bus</em></strong></span> <span class='ocrx_word' id='word_1_6' title='bbox 533 455 550 481; x_wconf 87' lang='lat'><strong><em>,</em></strong></span> <span class='ocrx_word' id='word_1_7' title='bbox 575 423 626 471; x_wconf 85' lang='lat' dir='ltr'><strong><em>et</em></strong></span> <span class='ocrx_word' id='word_1_8' title='bbox 668 410 1145 480; x_wconf 72' lang='lat' dir='ltr'><strong><em>concupiscentiis;</em></strong></span> <span class='ocrx_word' id='word_1_9' title='bbox 1179 418 1231 466; x_wconf 90' lang='lat' dir='ltr'><strong><em>et</em></strong></span> <span class='ocrx_word' id='word_1_10' title='bbox 1257 410 1324 465; x_wconf 84' lang='lat' dir='ltr'><strong><em>ad</em></strong></span> <span class='ocrx_word' id='word_1_11' title='bbox 1358 407 1671 464; x_wconf 86' lang='lat' dir='ltr'><strong><em>Corinthios</em></strong></span> <span class='ocrx_word' id='word_1_12' title='bbox 1699 426 1713 462; x_wconf 89' lang='lat'><strong>:</strong></span> <span class='ocrx_word' id='word_1_13' title='bbox 1742 408 1982 463; x_wconf 86' lang='lat' dir='ltr'><strong><em>Charitas</em></strong></span> 
     </span>
    </p>
   </div>
   <div class='ocr_carea' id='block_1_4' title="bbox 2098 403 3594 486">
    <p class='ocr_par' dir='ltr' id='par_1_4' title="bbox 2098 403 3594 486">
     <span class='ocr_line' id='line_1_4' title="bbox 2098 403 3594 486; baseline -0.002 -24"><span class='ocrx_word' id='word_1_14' title='bbox 2098 407 2220 474; x_wconf 83' lang='grc' dir='ltr'><em>ταῖς</em></span> <span class='ocrx_word' id='word_1_15' title='bbox 2263 405 2597 475; x_wconf 74' lang='grc' dir='ltr'><strong><em>ἐπιθυμίαις</em></strong></span> <span class='ocrx_word' id='word_1_16' title='bbox 2619 422 2633 436; x_wconf 90' lang='grc'><strong>·</strong></span> <span class='ocrx_word' id='word_1_17' title='bbox 2675 405 2767 459; x_wconf 75' lang='grc' dir='ltr'><strong><em>καὶ</em></strong></span> <span class='ocrx_word' id='word_1_18' title='bbox 2819 403 3120 476; x_wconf 80' lang='grc' dir='ltr'><strong><em>Κορινθίοις</em></strong></span> <span class='ocrx_word' id='word_1_19' title='bbox 3140 420 3153 435; x_wconf 90' lang='grc'><strong>·</strong></span> <span class='ocrx_word' id='word_1_20' title='bbox 3203 405 3260 460; x_wconf 84' lang='grc' dir='ltr'><strong>Ἡ</strong></span> <span class='ocrx_word' id='word_1_21' title='bbox 3293 405 3398 476; x_wconf 76' lang='grc' dir='ltr'><strong><em>γὰρ</em></strong></span> <span class='ocrx_word' id='word_1_22' title='bbox 3435 410 3594 486; x_wconf 69' lang='grc' dir='ltr'><strong><em>ἀγάπη</em></strong></span> 
     </span>
    </p>
   </div>
   <div class='ocr_carea' id='block_1_5' title="bbox 415 496 1989 575">
    <p class='ocr_par' dir='ltr' id='par_1_5' title="bbox 415 496 1989 575">
     <span class='ocr_line' id='line_1_5' title="bbox 415 496 1989 575; baseline -0.005 -18"><span class='ocrx_word' id='word_1_23' title='bbox 415 505 530 575; x_wconf 73' lang='lat'><strong><em>(27)</em></strong></span> <span class='ocrx_word' id='word_1_24' title='bbox 564 503 700 557; x_wconf 90' lang='lat' dir='ltr'><strong><em>enim</em></strong></span> <span class='ocrx_word' id='word_1_25' title='bbox 723 500 917 556; x_wconf 86' lang='lat' dir='ltr'><strong><em>Christi</em></strong></span> <span class='ocrx_word' id='word_1_26' title='bbox 942 498 1142 553; x_wconf 85' lang='lat' dir='ltr'><strong><em>cohibet</em></strong></span> <span class='ocrx_word' id='word_1_27' title='bbox 1171 514 1285 566; x_wconf 89' lang='lat' dir='ltr'><strong><em>nos,</em></strong></span> <span class='ocrx_word' id='word_1_28' title='bbox 1318 498 1414 551; x_wconf 89' lang='lat' dir='ltr'><strong><em>hoc</em></strong></span> <span class='ocrx_word' id='word_1_29' title='bbox 1444 497 1721 565; x_wconf 86' lang='lat' dir='ltr'><strong><em>judicante</em></strong></span> <span class='ocrx_word' id='word_1_30' title='bbox 1746 496 1879 564; x_wconf 75' lang='lat'><strong>(28).</strong></span> <span class='ocrx_word' id='word_1_31' title='bbox 1921 496 1989 549; x_wconf 79' lang='lat' dir='ltr'><strong><em>Et</em></strong></span> 
     </span>
    </p>
   </div>
   <div class='ocr_carea' id='block_1_6' title="bbox 412 582 1991 662">
    <p class='ocr_par' dir='ltr' id='par_1_6' title="bbox 412 582 1991 662">
     <span class='ocr_line' id='line_1_6' title="bbox 412 582 1991 662; baseline -0.006 -15"><span class='ocrx_word' id='word_1_32' title='bbox 412 610 511 662; x_wconf 80' lang='lat' dir='ltr'><strong><em>pro</em></strong></span> <span class='ocrx_word' id='word_1_33' title='bbox 542 592 779 646; x_wconf 89' lang='lat' dir='ltr'><strong><em>omnibus</em></strong></span> <span class='ocrx_word' id='word_1_34' title='bbox 822 599 1061 643; x_wconf 89' lang='lat' dir='ltr'><strong><em>mortuus</em></strong></span> <span class='ocrx_word' id='word_1_35' title='bbox 1099 597 1173 640; x_wconf 85' lang='lat' dir='ltr'><strong><em>est</em></strong></span> <span class='ocrx_word' id='word_1_36' title='bbox 1199 628 1215 652; x_wconf 92' lang='lat'><strong><em>,</em></strong></span> <span class='ocrx_word' id='word_1_37' title='bbox 1266 595 1323 639; x_wconf 88' lang='lat' dir='ltr'><strong><em>ut</em></strong></span> <span class='ocrx_word' id='word_1_38' title='bbox 1345 587 1449 655; x_wconf 82' lang='lat' dir='ltr'><strong><em>,qui</em></strong></span> <span class='ocrx_word' id='word_1_39' title='bbox 1488 586 1698 649; x_wconf 86' lang='lat' dir='ltr'><strong><em>vivunt,</em></strong></span> <span class='ocrx_word' id='word_1_40' title='bbox 1719 582 1837 653; x_wconf 87' lang='lat' dir='ltr'><strong><em>jam</em></strong></span> <span class='ocrx_word' id='word_1_41' title='bbox 1887 600 1991 637; x_wconf 89' lang='lat' dir='ltr'><strong><em>non</em></strong></span> 
     </span>
    </p>
   </div>
   <div class='ocr_carea' id='block_1_7' title="bbox 415 676 1991 749">
    <p class='ocr_par' dir='ltr' id='par_1_7' title="bbox 415 676 1991 749">
     <span class='ocr_line' id='line_1_7' title="bbox 415 676 1991 749; baseline -0.009 -9"><span class='ocrx_word' id='word_1_42' title='bbox 415 686 514 740; x_wconf 91' lang='lat' dir='ltr'><strong><em>sibi</em></strong></span> <span class='ocrx_word' id='word_1_43' title='bbox 536 685 738 746; x_wconf 82' lang='lat' dir='ltr'><strong><em>vivant,</em></strong></span> <span class='ocrx_word' id='word_1_44' title='bbox 763 682 850 735; x_wconf 89' lang='lat' dir='ltr'><strong><em>sed</em></strong></span> <span class='ocrx_word' id='word_1_45' title='bbox 871 681 918 733; x_wconf 91' lang='lat' dir='ltr'><strong><em>ei</em></strong></span> <span class='ocrx_word' id='word_1_46' title='bbox 941 679 1030 749; x_wconf 88' lang='lat' dir='ltr'><strong><em>qui</em></strong></span> <span class='ocrx_word' id='word_1_47' title='bbox 1053 694 1147 746; x_wconf 91' lang='lat' dir='ltr'><strong><em>pro</em></strong></span> <span class='ocrx_word' id='word_1_48' title='bbox 1176 676 1301 745; x_wconf 88' lang='lat' dir='ltr'><strong><em>ipsis</em></strong></span> <span class='ocrx_word' id='word_1_49' title='bbox 1332 687 1569 730; x_wconf 85' lang='lat' dir='ltr'><strong><em>mortuus</em></strong></span> <span class='ocrx_word' id='word_1_50' title='bbox 1598 685 1671 729; x_wconf 91' lang='lat' dir='ltr'><strong><em>est</em></strong></span> <span class='ocrx_word' id='word_1_51' title='bbox 1701 714 1716 739; x_wconf 94' lang='lat'><strong><em>,</em></strong></span> <span class='ocrx_word' id='word_1_52' title='bbox 1745 685 1791 728; x_wconf 91' lang='lat' dir='ltr'><strong><em>et</em></strong></span> <span class='ocrx_word' id='word_1_53' title='bbox 1817 689 1991 728; x_wconf 88' lang='lat' dir='ltr'><strong><em>resur-</em></strong></span> 
     </span>
    </p>
   </div>
   <div class='ocr_carea' id='block_1_8' title="bbox 414 765 1992 840">
    <p class='ocr_par' dir='ltr' id='par_1_8' title="bbox 414 765 1992 840">
     <span class='ocr_line' id='line_1_8' title="bbox 414 765 1992 840; baseline -0.009 -10"><span class='ocrx_word' id='word_1_54' title='bbox 414 775 590 840; x_wconf 69' lang='lat' dir='ltr'><strong><em>rexit;</em></strong></span> <span class='ocrx_word' id='word_1_55' title='bbox 636 782 691 828; x_wconf 88' lang='lat' dir='ltr'><strong><em>et</em></strong></span> <span class='ocrx_word' id='word_1_56' title='bbox 742 786 974 826; x_wconf 82' lang='lat' dir='ltr'><strong><em>rursus:</em></strong></span> <span class='ocrx_word' id='word_1_57' title='bbox 1011 769 1267 822; x_wconf 83' lang='lat' dir='ltr'><strong><em>Animalis</em></strong></span> <span class='ocrx_word' id='word_1_58' title='bbox 1314 766 1426 837; x_wconf 69' lang='lat'><strong>(29)</strong></span> <span class='ocrx_word' id='word_1_59' title='bbox 1472 776 1645 829; x_wconf 83' lang='lat' dir='ltr'><strong><em>autem</em></strong></span> <span class='ocrx_word' id='word_1_60' title='bbox 1696 765 1848 818; x_wconf 89' lang='lat' dir='ltr'><strong><em>homo</em></strong></span> <span class='ocrx_word' id='word_1_61' title='bbox 1890 779 1992 819; x_wconf 87' lang='lat' dir='ltr'><strong><em>non</em></strong></span> 
     </span>
    </p>
   </div>
   <div class='ocr_carea' id='block_1_9' title="bbox 413 855 1989 932">
    <p class='ocr_par' dir='ltr' id='par_1_9' title="bbox 413 855 1989 932">
     <span class='ocr_line' id='line_1_9' title="bbox 413 855 1989 932; baseline -0.005 -13"><span class='ocrx_word' id='word_1_62' title='bbox 413 866 554 930; x_wconf 82' lang='lat' dir='ltr'><strong><em>capit</em></strong></span> <span class='ocrx_word' id='word_1_63' title='bbox 595 879 657 917; x_wconf 90' lang='lat' dir='ltr'><strong><em>ea</em></strong></span> <span class='ocrx_word' id='word_1_64' title='bbox 691 876 807 932; x_wconf 69' lang='lat' dir='ltr'><strong><em>qua:</em></strong></span> <span class='ocrx_word' id='word_1_65' title='bbox 851 868 968 914; x_wconf 89' lang='lat' dir='ltr'><strong><em>sunt</em></strong></span> <span class='ocrx_word' id='word_1_66' title='bbox 1009 857 1236 925; x_wconf 77' lang='lat' dir='ltr'><strong><em>Spiritus</em></strong></span> <span class='ocrx_word' id='word_1_67' title='bbox 1288 855 1416 920; x_wconf 88' lang='lat' dir='ltr'><strong><em>Dei;</em></strong></span> <span class='ocrx_word' id='word_1_68' title='bbox 1442 856 1667 911; x_wconf 86' lang='lat' dir='ltr'><strong><em>stultitia</em></strong></span> <span class='ocrx_word' id='word_1_69' title='bbox 1698 856 1837 909; x_wconf 88' lang='lat' dir='ltr'><strong><em>enim</em></strong></span> <span class='ocrx_word' id='word_1_70' title='bbox 1868 865 1989 911; x_wconf 82' lang='lat' dir='ltr'><strong><em>sunt</em></strong></span> 
     </span>
    </p>
   </div>
   <div class='ocr_carea' id='block_1_10' title="bbox 411 943 1989 1019">
    <p class='ocr_par' dir='ltr' id='par_1_10' title="bbox 411 943 1989 1019">
     <span class='ocr_line' id='line_1_10' title="bbox 411 943 1989 1019; baseline -0.006 -12"><span class='ocrx_word' id='word_1_71' title='bbox 411 953 531 1019; x_wconf 84' lang='lat' dir='ltr'><strong><em>illi;</em></strong></span> <span class='ocrx_word' id='word_1_72' title='bbox 570 960 624 1007; x_wconf 86' lang='lat' dir='ltr'><strong><em>et</em></strong></span> <span class='ocrx_word' id='word_1_73' title='bbox 664 963 893 1005; x_wconf 88' lang='lat' dir='ltr'><strong><em>rursus:</em></strong></span> <span class='ocrx_word' id='word_1_74' title='bbox 926 945 1287 1001; x_wconf 56' lang='lat' dir='ltr'><strong><em>xEmulamini</em></strong></span> <span class='ocrx_word' id='word_1_75' title='bbox 1329 943 1440 1015; x_wconf 77' lang='lat'><strong>(50)</strong></span> <span class='ocrx_word' id='word_1_76' title='bbox 1479 951 1654 996; x_wconf 82' lang='lat' dir='ltr'><strong><em>autem</em></strong></span> <span class='ocrx_word' id='word_1_77' title='bbox 1698 943 1989 1012; x_wconf 70' lang='lat' dir='ltr'><strong><em>spiritalia.</em></strong></span> 
     </span>
    </p>
   </div>
   <div class='ocr_carea' id='block_1_11' title="bbox 413 1034 1993 1113">
    <p class='ocr_par' dir='ltr' id='par_1_11' title="bbox 413 1034 1993 1113">
     <span class='ocr_line' id='line_1_11' title="bbox 413 1034 1993 1113; baseline -0.008 -13"><span class='ocrx_word' id='word_1_78' title='bbox 413 1043 639 1113; x_wconf 82' lang='lat' dir='ltr'><strong><em>Insuper</em></strong></span> <span class='ocrx_word' id='word_1_79' title='bbox 695 1040 991 1095; x_wconf 83' lang='lat' dir='ltr'><strong><em>Ecclesiam</em></strong></span> <span class='ocrx_word' id='word_1_80' title='bbox 1038 1052 1276 1106; x_wconf 83' lang='lat' dir='ltr'><strong><em>quoque,</em></strong></span> <span class='ocrx_word' id='word_1_81' title='bbox 1307 1051 1426 1104; x_wconf 82' lang='lat' dir='ltr'><strong><em>quae</em></strong></span> <span class='ocrx_word' id='word_1_82' title='bbox 1467 1034 1626 1088; x_wconf 86' lang='lat' dir='ltr'><strong><em>simul</em></strong></span> <span class='ocrx_word' id='word_1_83' title='bbox 1665 1049 1789 1090; x_wconf 89' lang='lat' dir='ltr'><strong><em>cum</em></strong></span> <span class='ocrx_word' id='word_1_84' title='bbox 1828 1034 1993 1102; x_wconf 82' lang='lat' dir='ltr'><strong><em>glori-</em></strong></span> 
     </span>
    </p>
   </div>
   <div class='ocr_carea' id='block_1_12' title="bbox 422 1124 1994 1202">
    <p class='ocr_par' dir='ltr' id='par_1_12' title="bbox 422 1124 1994 1202">
     <span class='ocr_line' id='line_1_12' title="bbox 422 1124 1994 1202; baseline -0.008 -12"><span class='ocrx_word' id='word_1_85' title='bbox 422 1137 707 1198; x_wconf 85' lang='lat' dir='ltr'><strong><em>ﬁcatione,</em></strong></span> <span class='ocrx_word' id='word_1_86' title='bbox 754 1147 909 1202; x_wconf 89' lang='lat' dir='ltr'><strong><em>quam</em></strong></span> <span class='ocrx_word' id='word_1_87' title='bbox 946 1131 1054 1184; x_wconf 92' lang='lat' dir='ltr'><strong><em>Deo</em></strong></span> <span class='ocrx_word' id='word_1_88' title='bbox 1085 1129 1322 1192; x_wconf 66' lang='lat' dir='ltr'><strong><em>exhibet,</em></strong></span> <span class='ocrx_word' id='word_1_89' title='bbox 1347 1136 1398 1181; x_wconf 90' lang='lat' dir='ltr'><strong><em>et</em></strong></span> <span class='ocrx_word' id='word_1_90' title='bbox 1443 1141 1565 1181; x_wconf 87' lang='lat' dir='ltr'><strong><em>cum</em></strong></span> <span class='ocrx_word' id='word_1_91' title='bbox 1608 1126 1883 1181; x_wconf 87' lang='lat' dir='ltr'><strong><em>incruenta</em></strong></span> <span class='ocrx_word' id='word_1_92' title='bbox 1913 1124 1994 1178; x_wconf 83' lang='lat' dir='ltr'><strong><em>la-</em></strong></span> 
     </span>
    </p>
   </div>
   <div class='ocr_carea' id='block_1_13' title="bbox 420 1208 1992 1294">
    <p class='ocr_par' dir='ltr' id='par_1_13' title="bbox 420 1208 1992 1294">
     <span class='ocr_line' id='line_1_13' title="bbox 420 1208 1992 1294; baseline -0.007 -14"><span class='ocrx_word' id='word_1_93' title='bbox 420 1227 522 1281; x_wconf 86' lang='lat' dir='ltr'><strong><em>tria</em></strong></span> <span class='ocrx_word' id='word_1_94' title='bbox 547 1226 681 1293; x_wconf 77' lang='grc'>(51),</span> <span class='ocrx_word' id='word_1_95' title='bbox 706 1239 865 1294; x_wconf 88' lang='lat' dir='ltr'><strong><em>quam</em></strong></span> <span class='ocrx_word' id='word_1_96' title='bbox 901 1221 1085 1285; x_wconf 82' lang='lat' dir='ltr'><strong><em>oll&#39;ert,</em></strong></span> <span class='ocrx_word' id='word_1_97' title='bbox 1122 1221 1532 1280; x_wconf 84' lang='lat' dir='ltr'><strong><em>consideratur,</em></strong></span> <span class='ocrx_word' id='word_1_98' title='bbox 1571 1210 1625 1271; x_wconf 89' lang='lat' dir='ltr'><strong><em>in</em></strong></span> <span class='ocrx_word' id='word_1_99' title='bbox 1670 1208 1841 1290; x_wconf 87' lang='lat' dir='ltr'><strong><em>prima</em></strong></span> <span class='ocrx_word' id='word_1_100' title='bbox 1869 1217 1992 1285; x_wconf 86' lang='lat' dir='ltr'><strong><em>qui—</em></strong></span> 
     </span>
    </p>
   </div>
   <div class='ocr_carea' id='block_1_14' title="bbox 418 1307 1994 1383">
    <p class='ocr_par' dir='ltr' id='par_1_14' title="bbox 418 1307 1994 1383">
     <span class='ocr_line' id='line_1_14' title="bbox 418 1307 1994 1383; baseline -0.008 -10"><span class='ocrx_word' id='word_1_101' title='bbox 418 1319 538 1373; x_wconf 88' lang='lat' dir='ltr'><strong><em>dem</em></strong></span> <span class='ocrx_word' id='word_1_102' title='bbox 585 1316 654 1369; x_wconf 85' lang='lat' dir='ltr'><strong><em>ad</em></strong></span> <span class='ocrx_word' id='word_1_103' title='bbox 691 1314 998 1370; x_wconf 73' lang='lat' dir='ltr'><strong><em>Corinthios</em></strong></span> <span class='ocrx_word' id='word_1_104' title='bbox 1021 1311 1116 1366; x_wconf 89' lang='lat' dir='ltr'><strong><em>Dei</em></strong></span> <span class='ocrx_word' id='word_1_105' title='bbox 1137 1313 1249 1383; x_wconf 76' lang='lat'><strong><em>68</em></strong></span> <span class='ocrx_word' id='word_1_106' title='bbox 1279 1328 1390 1366; x_wconf 83' lang='lat' dir='ltr'><strong><em>esse</em></strong></span> <span class='ocrx_word' id='word_1_107' title='bbox 1414 1309 1755 1364; x_wconf 80' lang='lat' dir='ltr'><strong><em>annuntiavit</em></strong></span> <span class='ocrx_word' id='word_1_108' title='bbox 1774 1310 1825 1361; x_wconf 90' lang='lat' dir='ltr'><strong><em>in</em></strong></span> <span class='ocrx_word' id='word_1_109' title='bbox 1851 1307 1994 1361; x_wconf 85' lang='lat' dir='ltr'><strong><em>hunc</em></strong></span> 
     </span>
    </p>
   </div>
   <div class='ocr_carea' id='block_1_15' title="bbox 418 1400 1992 1479">
    <p class='ocr_par' dir='ltr' id='par_1_15' title="bbox 418 1400 1992 1479">
     <span class='ocr_line' id='line_1_15' title="bbox 418 1400 1992 1479; baseline -0.008 -14"><span class='ocrx_word' id='word_1_110' title='bbox 418 1411 637 1466; x_wconf 88' lang='lat' dir='ltr'><strong><em>modum</em></strong></span> <span class='ocrx_word' id='word_1_111' title='bbox 682 1428 695 1463; x_wconf 88' lang='lat'><strong>:</strong></span> <span class='ocrx_word' id='word_1_112' title='bbox 744 1407 869 1464; x_wconf 90' lang='lat' dir='ltr'><strong><em>Sine</em></strong></span> <span class='ocrx_word' id='word_1_113' title='bbox 904 1406 1016 1479; x_wconf 70' lang='lat'><strong>(&#39;52)</strong></span> <span class='ocrx_word' id='word_1_114' title='bbox 1044 1407 1330 1476; x_wconf 76' lang='lat' dir='ltr'><strong><em>oﬂ&#39;ensione</em></strong></span> <span class='ocrx_word' id='word_1_115' title='bbox 1374 1414 1535 1458; x_wconf 91' lang='lat' dir='ltr'><strong><em>estote</em></strong></span> <span class='ocrx_word' id='word_1_116' title='bbox 1576 1413 1622 1457; x_wconf 90' lang='lat' dir='ltr'><strong><em>et</em></strong></span> <span class='ocrx_word' id='word_1_117' title='bbox 1659 1400 1892 1466; x_wconf 66' lang='lat' dir='ltr'><strong><em>Judaeis,</em></strong></span> <span class='ocrx_word' id='word_1_118' title='bbox 1945 1410 1992 1454; x_wconf 85' lang='lat' dir='ltr'><strong><em>et</em></strong></span> 
     </span>
    </p>
   </div>
   <div class='ocr_carea' id='block_1_16' title="bbox 417 1488 1991 1564">
    <p class='ocr_par' dir='ltr' id='par_1_16' title="bbox 417 1488 1991 1564">
     <span class='ocr_line' id='line_1_16' title="bbox 417 1488 1991 1564; baseline -0.008 -7"><span class='ocrx_word' id='word_1_119' title='bbox 417 1502 651 1564; x_wconf 56' lang='grc' dir='ltr'><em>(ἐνατία,</em></span> <span class='ocrx_word' id='word_1_120' title='bbox 693 1510 741 1555; x_wconf 88' lang='lat' dir='ltr'><strong><em>et</em></strong></span> <span class='ocrx_word' id='word_1_121' title='bbox 782 1499 1032 1553; x_wconf 79' lang='lat' dir='ltr'><strong><em>Ecclesia:</em></strong></span> <span class='ocrx_word' id='word_1_122' title='bbox 1074 1497 1207 1561; x_wconf 87' lang='lat' dir='ltr'><strong><em>Dei;</em></strong></span> <span class='ocrx_word' id='word_1_123' title='bbox 1249 1506 1304 1551; x_wconf 88' lang='lat' dir='ltr'><strong><em>et</em></strong></span> <span class='ocrx_word' id='word_1_124' title='bbox 1336 1510 1521 1550; x_wconf 81' lang='lat' dir='ltr'><strong><em>rursus</em></strong></span> <span class='ocrx_word' id='word_1_125' title='bbox 1550 1512 1563 1549; x_wconf 85' lang='lat'><strong>:</strong></span> <span class='ocrx_word' id='word_1_126' title='bbox 1597 1491 1708 1546; x_wconf 86' lang='lat' dir='ltr'><strong><em>Nos</em></strong></span> <span class='ocrx_word' id='word_1_127' title='bbox 1765 1488 1877 1561; x_wconf 76' lang='lat'><strong><em>(3&#39;5)</em></strong></span> <span class='ocrx_word' id='word_1_128' title='bbox 1908 1502 1991 1545; x_wconf 84' lang='lat' dir='ltr'><strong><em>ta-</em></strong></span> 
     </span>
    </p>
   </div>
   <div class='ocr_carea' id='block_1_17' title="bbox 413 1582 1993 1659">
    <p class='ocr_par' dir='ltr' id='par_1_17' title="bbox 413 1582 1993 1659">
     <span class='ocr_line' id='line_1_17' title="bbox 413 1582 1993 1659; baseline -0.006 -14"><span class='ocrx_word' id='word_1_129' title='bbox 413 1593 512 1646; x_wconf 81' lang='lat' dir='ltr'><strong><em>lem</em></strong></span> <span class='ocrx_word' id='word_1_130' title='bbox 561 1591 989 1645; x_wconf 74' lang='lat' dir='ltr'><strong><em>consuetudinem</em></strong></span> <span class='ocrx_word' id='word_1_131' title='bbox 1044 1604 1145 1659; x_wconf 88' lang='lat' dir='ltr'><strong><em>non</em></strong></span> <span class='ocrx_word' id='word_1_132' title='bbox 1199 1588 1485 1650; x_wconf 82' lang='lat' dir='ltr'><strong><em>habemus,</em></strong></span> <span class='ocrx_word' id='word_1_133' title='bbox 1536 1600 1696 1652; x_wconf 86' lang='lat' dir='ltr'><strong><em>neque</em></strong></span> <span class='ocrx_word' id='word_1_134' title='bbox 1745 1582 1993 1636; x_wconf 76' lang='lat' dir='ltr'><strong><em>Ecclesia:</em></strong></span> 
     </span>
    </p>
   </div>
   <div class='ocr_carea' id='block_1_18' title="bbox 417 1674 1992 1750">
    <p class='ocr_par' dir='ltr' id='par_1_18' title="bbox 417 1674 1992 1750">
     <span class='ocr_line' id='line_1_18' title="bbox 417 1674 1992 1750; baseline -0.006 -13"><span class='ocrx_word' id='word_1_135' title='bbox 417 1683 536 1737; x_wconf 85' lang='lat' dir='ltr'><strong><em>Dei.</em></strong></span> <span class='ocrx_word' id='word_1_136' title='bbox 593 1682 673 1736; x_wconf 82' lang='lat' dir='ltr'><strong><em>Ad</em></strong></span> <span class='ocrx_word' id='word_1_137' title='bbox 742 1681 1003 1750; x_wconf 84' lang='lat' dir='ltr'><strong><em>Ephesios</em></strong></span> <span class='ocrx_word' id='word_1_138' title='bbox 1053 1688 1230 1734; x_wconf 85' lang='lat' dir='ltr'><strong><em>autem</em></strong></span> <span class='ocrx_word' id='word_1_139' title='bbox 1282 1679 1560 1741; x_wconf 83' lang='lat' dir='ltr'><strong><em>scribens,</em></strong></span> <span class='ocrx_word' id='word_1_140' title='bbox 1634 1677 1807 1744; x_wconf 80' lang='lat' dir='ltr'><strong><em>ipsam</em></strong></span> <span class='ocrx_word' id='word_1_141' title='bbox 1875 1674 1992 1729; x_wconf 84' lang='lat' dir='ltr'><strong><em>vice</em></strong></span> 
     </span>
    </p>
   </div>
   <div class='ocr_carea' id='block_1_19' title="bbox 2091 493 3595 564">
    <p class='ocr_par' dir='ltr' id='par_1_19' title="bbox 2091 493 3595 564">
     <span class='ocr_line' id='line_1_19' title="bbox 2091 493 3595 564; baseline 0.004 -15"><span class='ocrx_word' id='word_1_142' title='bbox 2091 496 2196 550; x_wconf 89' lang='grc' dir='ltr'><strong><em>τοῦ</em></strong></span> <span class='ocrx_word' id='word_1_143' title='bbox 2230 495 2485 564; x_wconf 84' lang='grc' dir='ltr'><strong><em>Χριστοῦ</em></strong></span> <span class='ocrx_word' id='word_1_144' title='bbox 2536 494 2779 564; x_wconf 84' lang='grc' dir='ltr'><em>συνέχει</em></span> <span class='ocrx_word' id='word_1_145' title='bbox 2825 493 3004 564; x_wconf 77' lang='grc' dir='ltr'><em>ἡμᾶς,</em></span> <span class='ocrx_word' id='word_1_146' title='bbox 3051 495 3357 563; x_wconf 77' lang='grc' dir='ltr'><em>κρίναντος</em></span> <span class='ocrx_word' id='word_1_147' title='bbox 3399 502 3595 559; x_wconf 66' lang='grc' dir='ltr'><em>τούτου*</em></span> 
     </span>
    </p>
   </div>
   <div class='ocr_carea' id='block_1_20' title="bbox 2090 584 3601 661">
    <p class='ocr_par' dir='ltr' id='par_1_20' title="bbox 2090 584 3601 661">
     <span class='ocr_line' id='line_1_20' title="bbox 2090 584 3601 661; baseline -0.002 -20"><span class='ocrx_word' id='word_1_148' title='bbox 2090 586 2188 641; x_wconf 76' lang='grc' dir='ltr'><em>καὶ</em></span> <span class='ocrx_word' id='word_1_149' title='bbox 2221 586 2373 655; x_wconf 80' lang='grc' dir='ltr'><em>ὑπὲρ</em></span> <span class='ocrx_word' id='word_1_150' title='bbox 2397 584 2639 639; x_wconf 82' lang='grc' dir='ltr'><em>πάντων</em></span> <span class='ocrx_word' id='word_1_151' title='bbox 2664 585 2981 649; x_wconf 77' lang='grc' dir='ltr'><em>ἀπέθανεν,</em></span> <span class='ocrx_word' id='word_1_152' title='bbox 3008 588 3108 641; x_wconf 77' lang='lat' dir='ltr'><strong><em>Ira</em></strong></span> <span class='ocrx_word' id='word_1_153' title='bbox 3139 589 3193 639; x_wconf 82' lang='grc' dir='ltr'><strong><em>οι</em></strong></span> <span class='ocrx_word' id='word_1_154' title='bbox 3223 585 3420 656; x_wconf 72' lang='grc' dir='ltr'><em>ζῶντες</em></span> <span class='ocrx_word' id='word_1_155' title='bbox 3454 594 3601 661; x_wconf 51' lang='lat' dir='ltr'><strong><em>mag.</em></strong></span> 
     </span>
    </p>
   </div>
   <div class='ocr_carea' id='block_1_21' title="bbox 2088 673 3601 744">
    <p class='ocr_par' dir='ltr' id='par_1_21' title="bbox 2088 673 3601 744">
     <span class='ocr_line' id='line_1_21' title="bbox 2088 673 3601 744; baseline 0.004 -16"><span class='ocrx_word' id='word_1_156' title='bbox 2088 692 2144 728; x_wconf 88' lang='grc' dir='ltr'><strong><em>τι</em></strong></span> <span class='ocrx_word' id='word_1_157' title='bbox 2166 674 2401 740; x_wconf 72' lang='grc' dir='ltr'><em>ἑαυτοῖς</em></span> <span class='ocrx_word' id='word_1_158' title='bbox 2423 673 2619 738; x_wconf 72' lang='grc' dir='ltr'><em>ζῶσιν,</em></span> <span class='ocrx_word' id='word_1_159' title='bbox 2647 674 2809 729; x_wconf 77' lang='grc' dir='ltr'><em>ἀλλὰ</em></span> <span class='ocrx_word' id='word_1_160' title='bbox 2837 675 2919 741; x_wconf 82' lang='grc' dir='ltr'><em>τῷ</em></span> <span class='ocrx_word' id='word_1_161' title='bbox 2943 676 3096 744; x_wconf 75' lang='grc' dir='ltr'><em>ὑπὲρ</em></span> <span class='ocrx_word' id='word_1_162' title='bbox 3117 675 3314 730; x_wconf 83' lang='grc' dir='ltr'><em>αὐτῶν</em></span> <span class='ocrx_word' id='word_1_163' title='bbox 3330 678 3601 737; x_wconf 67' lang='grc' dir='ltr'><em>ἀποθανὼν.</em></span> 
     </span>
    </p>
   </div>
   <div class='ocr_carea' id='block_1_22' title="bbox 2090 763 3600 841">
    <p class='ocr_par' dir='ltr' id='par_1_22' title="bbox 2090 763 3600 841">
     <span class='ocr_line' id='line_1_22' title="bbox 2090 763 3600 841; baseline 0.003 -21"><span class='ocrx_word' id='word_1_164' title='bbox 2090 784 2145 820; x_wconf 85' lang='grc' dir='ltr'><em>τι</em></span> <span class='ocrx_word' id='word_1_165' title='bbox 2184 764 2281 818; x_wconf 79' lang='grc' dir='ltr'><em>καὶ</em></span> <span class='ocrx_word' id='word_1_166' title='bbox 2307 763 2634 835; x_wconf 73' lang='grc' dir='ltr'><em>ἐγερθέντιο</em></span> <span class='ocrx_word' id='word_1_167' title='bbox 2665 764 2759 819; x_wconf 77' lang='grc' dir='ltr'><strong><em>καὶ</em></strong></span> <span class='ocrx_word' id='word_1_168' title='bbox 2792 766 2952 820; x_wconf 79' lang='grc' dir='ltr'><em>πάλιν</em></span> <span class='ocrx_word' id='word_1_169' title='bbox 2973 783 2989 797; x_wconf 77' lang='grc' dir='ltr'><em>ο</em></span> <span class='ocrx_word' id='word_1_170' title='bbox 3023 767 3286 836; x_wconf 81' lang='grc' dir='ltr'><em>Ψυχικὸς</em></span> <span class='ocrx_word' id='word_1_171' title='bbox 3320 768 3385 821; x_wconf 78' lang='grc' dir='ltr'><em>δὲ</em></span> <span class='ocrx_word' id='word_1_172' title='bbox 3422 771 3600 841; x_wconf 78' lang='grc' dir='ltr'><strong><em>ἅνθρω-</em></strong></span> 
     </span>
    </p>
   </div>
   <div class='ocr_carea' id='block_1_23' title="bbox 2090 854 3602 932">
    <p class='ocr_par' dir='ltr' id='par_1_23' title="bbox 2090 854 3602 932">
     <span class='ocr_line' id='line_1_23' title="bbox 2090 854 3602 932; baseline 0.005 -22"><span class='ocrx_word' id='word_1_173' title='bbox 2090 874 2204 922; x_wconf 82' lang='grc' dir='ltr'><strong><em>πος</em></strong></span> <span class='ocrx_word' id='word_1_174' title='bbox 2243 858 2314 910; x_wconf 90' lang='grc' dir='ltr'><em>οὐ</em></span> <span class='ocrx_word' id='word_1_175' title='bbox 2338 855 2570 926; x_wconf 83' lang='grc' dir='ltr'><em>δέχεται</em></span> <span class='ocrx_word' id='word_1_176' title='bbox 2597 854 2671 910; x_wconf 86' lang='grc' dir='ltr'><em>τὰ</em></span> <span class='ocrx_word' id='word_1_177' title='bbox 2698 857 2805 912; x_wconf 87' lang='grc' dir='ltr'><strong><em>τοῦ</em></strong></span> <span class='ocrx_word' id='word_1_178' title='bbox 2837 859 3180 927; x_wconf 78' lang='grc' dir='ltr'><em>Πνεύματος</em></span> <span class='ocrx_word' id='word_1_179' title='bbox 3202 859 3305 914; x_wconf 90' lang='grc' dir='ltr'><strong><em>τοῦ</em></strong></span> <span class='ocrx_word' id='word_1_180' title='bbox 3331 862 3495 916; x_wconf 86' lang='grc' dir='ltr'><em>Θεοῦ·</em></span> <span class='ocrx_word' id='word_1_181' title='bbox 3517 884 3602 932; x_wconf 75' lang='grc' dir='ltr'><strong><em>μω-</em></strong></span> 
     </span>
    </p>
   </div>
   <div class='ocr_carea' id='block_1_24' title="bbox 2081 943 3604 1017">
    <p class='ocr_par' dir='ltr' id='par_1_24' title="bbox 2081 943 3604 1017">
     <span class='ocr_line' id='line_1_24' title="bbox 2081 943 3604 1017; baseline 0.007 -17"><span class='ocrx_word' id='word_1_182' title='bbox 2081 948 2187 1017; x_wconf 86' lang='grc' dir='ltr'><strong><em>ρία</em></strong></span> <span class='ocrx_word' id='word_1_183' title='bbox 2232 945 2343 1015; x_wconf 75' lang='grc' dir='ltr'><em>γὰρ</em></span> <span class='ocrx_word' id='word_1_184' title='bbox 2386 943 2546 1010; x_wconf 86' lang='grc' dir='ltr'><strong><em>αὐτῷ</em></strong></span> <span class='ocrx_word' id='word_1_185' title='bbox 2584 944 2786 1000; x_wconf 79' lang='grc' dir='ltr'><em>ἐστιν·</em></span> <span class='ocrx_word' id='word_1_186' title='bbox 2823 946 2918 1000; x_wconf 76' lang='grc' dir='ltr'><strong><em>καὶ</em></strong></span> <span class='ocrx_word' id='word_1_187' title='bbox 2962 947 3159 1001; x_wconf 65' lang='grc' dir='ltr'><em>πάλιν·</em></span> <span class='ocrx_word' id='word_1_188' title='bbox 3189 948 3443 1016; x_wconf 83' lang='grc' dir='ltr'><em>Ζηλοῦτε</em></span> <span class='ocrx_word' id='word_1_189' title='bbox 3469 952 3526 1007; x_wconf 77' lang='grc' dir='ltr'><em>δὲ</em></span> <span class='ocrx_word' id='word_1_190' title='bbox 3550 959 3604 1012; x_wconf 82' lang='grc' dir='ltr'><strong><em>τὰ</em></strong></span> 
     </span>
    </p>
   </div>
   <div class='ocr_carea' id='block_1_25' title="bbox 2090 1034 3602 1109">
    <p class='ocr_par' dir='ltr' id='par_1_25' title="bbox 2090 1034 3602 1109">
     <span class='ocr_line' id='line_1_25' title="bbox 2090 1034 3602 1109; baseline 0.003 -18"><span class='ocrx_word' id='word_1_191' title='bbox 2090 1034 2475 1109; x_wconf 77' lang='grc' dir='ltr'><em>πνευματικά.</em></span> <span class='ocrx_word' id='word_1_192' title='bbox 2507 1036 2626 1089; x_wconf 83' lang='grc' dir='ltr'><em>Ἔτι</em></span> <span class='ocrx_word' id='word_1_193' title='bbox 2658 1037 2753 1089; x_wconf 76' lang='grc' dir='ltr'><strong><em>καὶ</em></strong></span> <span class='ocrx_word' id='word_1_194' title='bbox 2784 1035 2880 1107; x_wconf 82' lang='grc' dir='ltr'><em>τὴν</em></span> <span class='ocrx_word' id='word_1_195' title='bbox 2920 1034 3263 1107; x_wconf 82' lang='grc' dir='ltr'><strong><em>Ἐκκλησίαν,</em></strong></span> <span class='ocrx_word' id='word_1_196' title='bbox 3292 1039 3406 1108; x_wconf 75' lang='grc' dir='ltr'><em>ἥτις</em></span> <span class='ocrx_word' id='word_1_197' title='bbox 3446 1046 3602 1097; x_wconf 77' lang='grc' dir='ltr'><strong><em>νοεῖται</em></strong></span> 
     </span>
    </p>
   </div>
   <div class='ocr_carea' id='block_1_26' title="bbox 2094 1113 3605 1205">
    <p class='ocr_par' dir='ltr' id='par_1_26' title="bbox 2094 1113 3605 1205">
     <span class='ocr_line' id='line_1_26' title="bbox 2094 1113 3605 1205; baseline 0.001 -20"><span class='ocrx_word' id='word_1_198' title='bbox 2094 1132 2190 1185; x_wconf 79' lang='grc' dir='ltr'><em>σὺν</em></span> <span class='ocrx_word' id='word_1_199' title='bbox 2246 1133 2313 1202; x_wconf 77' lang='grc' dir='ltr'><em>τῇ</em></span> <span class='ocrx_word' id='word_1_200' title='bbox 2356 1113 2783 1200; x_wconf 61' lang='grc' dir='ltr'><em>ἀναπεμπομένη</em></span> <span class='ocrx_word' id='word_1_201' title='bbox 2832 1129 2889 1181; x_wconf 71' lang='grc' dir='ltr'><em>ἐν</em></span> <span class='ocrx_word' id='word_1_202' title='bbox 2921 1129 3057 1200; x_wconf 79' lang='grc' dir='ltr'><em>αὐτῇ</em></span> <span class='ocrx_word' id='word_1_203' title='bbox 3091 1128 3238 1201; x_wconf 77' lang='grc' dir='ltr'><strong><em>δόξῃ,</em></strong></span> <span class='ocrx_word' id='word_1_204' title='bbox 3269 1131 3359 1183; x_wconf 80' lang='grc' dir='ltr'><strong><em>καὶ</em></strong></span> <span class='ocrx_word' id='word_1_205' title='bbox 3399 1135 3458 1204; x_wconf 78' lang='grc' dir='ltr'><em>τῇ</em></span> <span class='ocrx_word' id='word_1_206' title='bbox 3481 1151 3605 1205; x_wconf 71' lang='grc' dir='ltr'><em>προσ.</em></span> 
     </span>
    </p>
   </div>
   <div class='ocr_carea' id='block_1_27' title="bbox 2092 1220 3606 1295">
    <p class='ocr_par' dir='ltr' id='par_1_27' title="bbox 2092 1220 3606 1295">
     <span class='ocr_line' id='line_1_27' title="bbox 2092 1220 3606 1295; baseline 0.001 -18"><span class='ocrx_word' id='word_1_207' title='bbox 2092 1223 2336 1295; x_wconf 80' lang='grc' dir='ltr'><em>αγομὲνῃ</em></span> <span class='ocrx_word' id='word_1_208' title='bbox 2384 1220 2706 1292; x_wconf 79' lang='grc' dir='ltr'><strong><em>ἀναιμάκτῳ</em></strong></span> <span class='ocrx_word' id='word_1_209' title='bbox 2766 1221 3015 1292; x_wconf 76' lang='grc' dir='ltr'><em>λατρεία,</em></span> <span class='ocrx_word' id='word_1_210' title='bbox 3077 1220 3380 1292; x_wconf 73' lang='grc' dir='ltr'>Κορινθίοις</span> <span class='ocrx_word' id='word_1_211' title='bbox 3439 1225 3524 1294; x_wconf 81' lang='grc' dir='ltr'><em>μὲν</em></span> <span class='ocrx_word' id='word_1_212' title='bbox 3562 1230 3606 1281; x_wconf 73' lang='grc' dir='ltr'>τὸ</span> 
     </span>
    </p>
   </div>
   <div class='ocr_carea' id='block_1_28' title="bbox 2093 1308 3602 1388">
    <p class='ocr_par' dir='ltr' id='par_1_28' title="bbox 2093 1308 3602 1388">
     <span class='ocr_line' id='line_1_28' title="bbox 2093 1308 3602 1388; baseline 0 -18"><span class='ocrx_word' id='word_1_213' title='bbox 2093 1315 2308 1388; x_wconf 83' lang='grc' dir='ltr'><em>πρῶτον</em></span> <span class='ocrx_word' id='word_1_214' title='bbox 2330 1313 2556 1385; x_wconf 82' lang='grc' dir='ltr'><strong><em>γράφων</em></strong></span> <span class='ocrx_word' id='word_1_215' title='bbox 2586 1312 2681 1365; x_wconf 81' lang='grc' dir='ltr'><strong><em>τοῦ</em></strong></span> <span class='ocrx_word' id='word_1_216' title='bbox 2699 1311 2831 1368; x_wconf 76' lang='grc' dir='ltr'><em>Θεοῦ</em></span> <span class='ocrx_word' id='word_1_217' title='bbox 2861 1308 3018 1378; x_wconf 76' lang='grc' dir='ltr'><em>εἶναι,</em></span> <span class='ocrx_word' id='word_1_218' title='bbox 3045 1313 3396 1383; x_wconf 79' lang='grc' dir='ltr'><strong><em>κατήγγειλεν</em></strong></span> <span class='ocrx_word' id='word_1_219' title='bbox 3422 1316 3602 1370; x_wconf 76' lang='grc' dir='ltr'><em>οὑτωσί·</em></span> 
     </span>
    </p>
   </div>
   <div class='ocr_carea' id='block_1_29' title="bbox 2107 1400 3608 1473">
    <p class='ocr_par' dir='ltr' id='par_1_29' title="bbox 2107 1400 3608 1473">
     <span class='ocr_line' id='line_1_29' title="bbox 2107 1400 3608 1473; baseline -0.006 -14"><span class='ocrx_word' id='word_1_220' title='bbox 2107 1405 2493 1473; x_wconf 79' lang='grc' dir='ltr'><em>Ἀπρόσκοποι</em></span> <span class='ocrx_word' id='word_1_221' title='bbox 2520 1401 2641 1473; x_wconf 75' lang='grc' dir='ltr'><strong><em>²καὶ</em></strong></span> <span class='ocrx_word' id='word_1_222' title='bbox 2687 1400 2993 1469; x_wconf 80' lang='grc' dir='ltr'><em>Ἰουδαίοις</em></span> <span class='ocrx_word' id='word_1_223' title='bbox 3045 1403 3305 1472; x_wconf 76' lang='grc' dir='ltr'><em>γίνεσθε,</em></span> <span class='ocrx_word' id='word_1_224' title='bbox 3360 1403 3449 1458; x_wconf 73' lang='grc' dir='ltr'><em>καὶ</em></span> <span class='ocrx_word' id='word_1_225' title='bbox 3500 1406 3608 1460; x_wconf 74' lang='grc' dir='ltr'><strong><em>Ἕλ.</em></strong></span> 
     </span>
    </p>
   </div>
   <div class='ocr_carea' id='block_1_30' title="bbox 2090 1489 3605 1562">
    <p class='ocr_par' dir='ltr' id='par_1_30' title="bbox 2090 1489 3605 1562">
     <span class='ocr_line' id='line_1_30' title="bbox 2090 1489 3605 1562; baseline -0.002 -14"><span class='ocrx_word' id='word_1_226' title='bbox 2090 1496 2276 1562; x_wconf 90' lang='grc' dir='ltr'><em>λησι,</em></span> <span class='ocrx_word' id='word_1_227' title='bbox 2325 1492 2422 1546; x_wconf 75' lang='grc' dir='ltr'><em>καὶ</em></span> <span class='ocrx_word' id='word_1_228' title='bbox 2479 1489 2556 1560; x_wconf 79' lang='grc' dir='ltr'><em>τῇ</em></span> <span class='ocrx_word' id='word_1_229' title='bbox 2589 1491 2916 1558; x_wconf 75' lang='grc' dir='ltr'><em>Ἐκκλησία</em></span> <span class='ocrx_word' id='word_1_230' title='bbox 2954 1490 3059 1544; x_wconf 90' lang='grc' dir='ltr'><strong><em>τοῦ</em></strong></span> <span class='ocrx_word' id='word_1_231' title='bbox 3101 1491 3280 1545; x_wconf 79' lang='grc' dir='ltr'><em>Θεοῦ·</em></span> <span class='ocrx_word' id='word_1_232' title='bbox 3328 1491 3416 1545; x_wconf 77' lang='grc' dir='ltr'><strong><em>καὶ</em></strong></span> <span class='ocrx_word' id='word_1_233' title='bbox 3450 1493 3605 1546; x_wconf 76' lang='grc' dir='ltr'><em>πάλιν·</em></span> 
     </span>
    </p>
   </div>
   <div class='ocr_carea' id='block_1_31' title="bbox 2103 1580 3611 1658">
    <p class='ocr_par' dir='ltr' id='par_1_31' title="bbox 2103 1580 3611 1658">
     <span class='ocr_line' id='line_1_31' title="bbox 2103 1580 3611 1658; baseline -0.001 -18"><span class='ocrx_word' id='word_1_234' title='bbox 2103 1584 2292 1656; x_wconf 81' lang='grc' dir='ltr'><strong><em>Ἡμεῖς</em></strong></span> <span class='ocrx_word' id='word_1_235' title='bbox 2342 1585 2626 1658; x_wconf 81' lang='grc' dir='ltr'><strong><em>τοιαύτην</em></strong></span> <span class='ocrx_word' id='word_1_236' title='bbox 2668 1580 2998 1649; x_wconf 79' lang='grc' dir='ltr'><em>συνήθειαν</em></span> <span class='ocrx_word' id='word_1_237' title='bbox 3026 1585 3135 1637; x_wconf 78' lang='grc' dir='ltr'><em>οὐκ</em></span> <span class='ocrx_word' id='word_1_238' title='bbox 3165 1582 3400 1652; x_wconf 71' lang='grc' dir='ltr'><em>ἔχομεν,</em></span> <span class='ocrx_word' id='word_1_239' title='bbox 3424 1583 3545 1637; x_wconf 80' lang='grc' dir='ltr'><strong><em>οὐδὲ</em></strong></span> <span class='ocrx_word' id='word_1_240' title='bbox 3565 1590 3611 1639; x_wconf 80' lang='lat' dir='ltr'><strong><em>at</em></strong></span> 
     </span>
    </p>
   </div>
   <div class='ocr_carea' id='block_1_32' title="bbox 2105 1674 3610 1744">
    <p class='ocr_par' dir='ltr' id='par_1_32' title="bbox 2105 1674 3610 1744">
     <span class='ocr_line' id='line_1_32' title="bbox 2105 1674 3610 1744; baseline 0 -14"><span class='ocrx_word' id='word_1_241' title='bbox 2105 1677 2452 1743; x_wconf 81' lang='grc' dir='ltr'><em>Ἐκκλησίαι</em></span> <span class='ocrx_word' id='word_1_242' title='bbox 2476 1676 2598 1730; x_wconf 75' lang='grc' dir='ltr'><strong><em>Δτοῦ</em></strong></span> <span class='ocrx_word' id='word_1_243' title='bbox 2635 1674 2803 1729; x_wconf 85' lang='grc' dir='ltr'><strong><em>Θεοῦ.</em></strong></span> <span class='ocrx_word' id='word_1_244' title='bbox 2841 1674 3109 1744; x_wconf 78' lang='grc' dir='ltr'>Ἐφεσίοις</span> <span class='ocrx_word' id='word_1_245' title='bbox 3133 1674 3189 1728; x_wconf 84' lang='grc' dir='ltr'><strong><em>δὲ</em></strong></span> <span class='ocrx_word' id='word_1_246' title='bbox 3222 1674 3383 1728; x_wconf 78' lang='grc' dir='ltr'><em>πάλιν</em></span> <span class='ocrx_word' id='word_1_247' title='bbox 3407 1676 3610 1730; x_wconf 77' lang='grc' dir='ltr'><strong><em>ἐπιστέλ-</em></strong></span> 
     </span>
    </p>
   </div>
   <div class='ocr_carea' id='block_1_33' title="bbox 417 1754 1982 1838">
    <p class='ocr_par' dir='ltr' id='par_1_33' title="bbox 417 1762 1982 1834">
     <span class='ocr_line' id='line_1_33' title="bbox 417 1762 1982 1834; baseline -0.008 -8"><span class='ocrx_word' id='word_1_248' title='bbox 417 1787 573 1828; x_wconf 76' lang='lat' dir='ltr'><strong><em>versa</em></strong></span> <span class='ocrx_word' id='word_1_249' title='bbox 632 1772 813 1826; x_wconf 82' lang='lat' dir='ltr'><strong><em>docuit</em></strong></span> <span class='ocrx_word' id='word_1_250' title='bbox 850 1786 958 1824; x_wconf 88' lang='lat' dir='ltr'><strong><em>esse</em></strong></span> <span class='ocrx_word' id='word_1_251' title='bbox 991 1769 1224 1834; x_wconf 79' lang='lat' dir='ltr'><strong><em>Christi,</em></strong></span> <span class='ocrx_word' id='word_1_252' title='bbox 1276 1784 1397 1823; x_wconf 90' lang='lat' dir='ltr'><strong><em>cum</em></strong></span> <span class='ocrx_word' id='word_1_253' title='bbox 1446 1767 1524 1822; x_wconf 87' lang='lat' dir='ltr'><strong><em>sic</em></strong></span> <span class='ocrx_word' id='word_1_254' title='bbox 1573 1766 1648 1819; x_wconf 89' lang='lat' dir='ltr'><strong><em>ait</em></strong></span> <span class='ocrx_word' id='word_1_255' title='bbox 1687 1762 1804 1819; x_wconf 85' lang='lat' dir='ltr'><strong><em>:Ut</em></strong></span> <span class='ocrx_word' id='word_1_256' title='bbox 1842 1763 1982 1817; x_wconf 78' lang='lat' dir='ltr'><strong><em>exhi-</em></strong></span> 
     </span>
    </p>
   </div>
   <div class='ocr_carea' id='block_1_34' title="bbox 2098 1754 3609 1838">
    <p class='ocr_par' dir='ltr' id='par_1_34' title="bbox 2098 1760 3609 1838">
     <span class='ocr_line' id='line_1_34' title="bbox 2098 1760 3609 1838; baseline -0.003 -12"><span class='ocrx_word' id='word_1_257' title='bbox 2098 1772 2221 1836; x_wconf 88' lang='grc' dir='ltr'><em>λων,</em></span> <span class='ocrx_word' id='word_1_258' title='bbox 2257 1770 2362 1825; x_wconf 89' lang='grc' dir='ltr'><strong><em>τοῦ</em></strong></span> <span class='ocrx_word' id='word_1_259' title='bbox 2391 1768 2647 1838; x_wconf 82' lang='grc' dir='ltr'><strong><em>Χριστοῦ</em></strong></span> <span class='ocrx_word' id='word_1_260' title='bbox 2673 1763 2825 1821; x_wconf 75' lang='grc' dir='ltr'><em>εἶναι</em></span> <span class='ocrx_word' id='word_1_261' title='bbox 2846 1767 3016 1837; x_wconf 78' lang='grc' dir='ltr'><em>αὐτὴν</em></span> <span class='ocrx_word' id='word_1_262' title='bbox 3043 1765 3302 1831; x_wconf 79' lang='grc' dir='ltr'><em>ἐδίδαξεν,</em></span> <span class='ocrx_word' id='word_1_263' title='bbox 3338 1760 3434 1820; x_wconf 82' lang='grc' dir='ltr'><strong><em>ὧδε</em></strong></span> <span class='ocrx_word' id='word_1_264' title='bbox 3459 1768 3609 1821; x_wconf 70' lang='grc' dir='ltr'><em>είπιὶινο</em></span> 
     </span>
    </p>
   </div>
   <div class='ocr_carea' id='block_1_35' title="bbox 418 1856 1988 1934">
    <p class='ocr_par' dir='ltr' id='par_1_35' title="bbox 418 1856 1988 1934">
     <span class='ocr_line' id='line_1_35' title="bbox 418 1856 1988 1934; baseline -0.008 -15"><span class='ocrx_word' id='word_1_265' title='bbox 418 1866 556 1920; x_wconf 85' lang='lat' dir='ltr'><strong><em>beret</em></strong></span> <span class='ocrx_word' id='word_1_266' title='bbox 613 1863 724 1934; x_wconf 69' lang='grc'>(54)</span> <span class='ocrx_word' id='word_1_267' title='bbox 792 1862 890 1915; x_wconf 84' lang='lat' dir='ltr'><strong><em>sibi</em></strong></span> <span class='ocrx_word' id='word_1_268' title='bbox 948 1860 1447 1931; x_wconf 86' lang='lat' dir='ltr'><strong><em>irreprehensibilem</em></strong></span> <span class='ocrx_word' id='word_1_269' title='bbox 1510 1856 1834 1918; x_wconf 82' lang='lat' dir='ltr'><strong><em>Ecclesium,</em></strong></span> <span class='ocrx_word' id='word_1_270' title='bbox 1884 1870 1988 1908; x_wconf 83' lang='lat' dir='ltr'><strong><em>non</em></strong></span> 
     </span>
    </p>
   </div>
   <div class='ocr_carea' id='block_1_36' title="bbox 412 1945 1991 2020">
    <p class='ocr_par' dir='ltr' id='par_1_36' title="bbox 412 1945 1991 2020">
     <span class='ocr_line' id='line_1_36' title="bbox 412 1945 1991 2020; baseline -0.006 -11"><span class='ocrx_word' id='word_1_271' title='bbox 412 1955 686 2010; x_wconf 79' lang='lat' dir='ltr'><strong><em>habentem</em></strong></span> <span class='ocrx_word' id='word_1_272' title='bbox 722 1952 982 2006; x_wconf 79' lang='lat' dir='ltr'><strong><em>maculam</em></strong></span> <span class='ocrx_word' id='word_1_273' title='bbox 1004 1993 1019 2017; x_wconf 93' lang='lat'><strong><em>,</em></strong></span> <span class='ocrx_word' id='word_1_274' title='bbox 1058 1961 1147 2004; x_wconf 88' lang='lat' dir='ltr'><strong><em>aut</em></strong></span> <span class='ocrx_word' id='word_1_275' title='bbox 1188 1967 1409 2020; x_wconf 88' lang='lat' dir='ltr'><strong><em>rugam,</em></strong></span> <span class='ocrx_word' id='word_1_276' title='bbox 1442 1962 1530 2002; x_wconf 87' lang='lat' dir='ltr'><strong><em>aut</em></strong></span> <span class='ocrx_word' id='word_1_277' title='bbox 1571 1948 1771 2018; x_wconf 88' lang='lat' dir='ltr'><strong><em>aliquid</em></strong></span> <span class='ocrx_word' id='word_1_278' title='bbox 1804 1945 1991 2015; x_wconf 83' lang='lat' dir='ltr'><strong><em>hujus-</em></strong></span> 
     </span>
    </p>
   </div>
   <div class='ocr_carea' id='block_1_37' title="bbox 412 2037 1987 2110">
    <p class='ocr_par' dir='ltr' id='par_1_37' title="bbox 412 2037 1987 2110">
     <span class='ocr_line' id='line_1_37' title="bbox 412 2037 1987 2110; baseline -0.008 -9"><span class='ocrx_word' id='word_1_279' title='bbox 412 2046 578 2110; x_wconf 86' lang='lat' dir='ltr'><strong><em>modi,</em></strong></span> <span class='ocrx_word' id='word_1_280' title='bbox 600 2044 688 2098; x_wconf 86' lang='lat' dir='ltr'><strong><em>sed</em></strong></span> <span class='ocrx_word' id='word_1_281' title='bbox 726 2053 778 2095; x_wconf 83' lang='lat' dir='ltr'><strong><em>ut</em></strong></span> <span class='ocrx_word' id='word_1_282' title='bbox 816 2045 1108 2107; x_wconf 78' lang='lat' dir='ltr'><strong><em>sitsnncta,</em></strong></span> <span class='ocrx_word' id='word_1_283' title='bbox 1131 2048 1180 2094; x_wconf 85' lang='lat' dir='ltr'><strong><em>et</em></strong></span> <span class='ocrx_word' id='word_1_284' title='bbox 1212 2038 1570 2093; x_wconf 88' lang='lat' dir='ltr'><strong><em>immaculata.</em></strong></span> <span class='ocrx_word' id='word_1_285' title='bbox 1598 2038 1657 2091; x_wconf 90' lang='lat' dir='ltr'><strong><em>Si</em></strong></span> <span class='ocrx_word' id='word_1_286' title='bbox 1689 2037 1813 2103; x_wconf 86' lang='lat' dir='ltr'><strong><em>quis</em></strong></span> <span class='ocrx_word' id='word_1_287' title='bbox 1845 2038 1987 2089; x_wconf 77' lang='lat' dir='ltr'><strong><em>enim</em></strong></span> 
     </span>
    </p>
   </div>
   <div class='ocr_carea' id='block_1_38' title="bbox 413 2128 1989 2200">
    <p class='ocr_par' dir='ltr' id='par_1_38' title="bbox 413 2128 1989 2200">
     <span class='ocr_line' id='line_1_38' title="bbox 413 2128 1989 2200; baseline -0.006 -11"><span class='ocrx_word' id='word_1_288' title='bbox 413 2134 571 2189; x_wconf 82' lang='lat' dir='ltr'><strong><em>aliter</em></strong></span> <span class='ocrx_word' id='word_1_289' title='bbox 619 2135 814 2198; x_wconf 79' lang='lat' dir='ltr'><strong><em>sentit,</em></strong></span> <span class='ocrx_word' id='word_1_290' title='bbox 880 2134 925 2187; x_wconf 90' lang='lat' dir='ltr'><strong><em>is</em></strong></span> <span class='ocrx_word' id='word_1_291' title='bbox 966 2133 1351 2200; x_wconf 79' lang='lat' dir='ltr'><strong><em>interpretetur</em></strong></span> <span class='ocrx_word' id='word_1_292' title='bbox 1403 2130 1529 2199; x_wconf 88' lang='lat' dir='ltr'><strong><em>quid</em></strong></span> <span class='ocrx_word' id='word_1_293' title='bbox 1576 2129 1677 2183; x_wconf 89' lang='lat' dir='ltr'><strong><em>sihi</em></strong></span> <span class='ocrx_word' id='word_1_294' title='bbox 1735 2128 1861 2182; x_wconf 76' lang='lat' dir='ltr'><strong><em>Velit</em></strong></span> <span class='ocrx_word' id='word_1_295' title='bbox 1885 2128 1989 2196; x_wconf 83' lang='lat' dir='ltr'><strong><em>Ag-</em></strong></span> 
     </span>
    </p>
   </div>
   <div class='ocr_carea' id='block_1_39' title="bbox 413 2219 1987 2296">
    <p class='ocr_par' dir='ltr' id='par_1_39' title="bbox 413 2219 1987 2296">
     <span class='ocr_line' id='line_1_39' title="bbox 413 2219 1987 2296; baseline -0.004 -17"><span class='ocrx_word' id='word_1_296' title='bbox 413 2241 562 2296; x_wconf 66' lang='lat' dir='ltr'><strong><em>gneus</em></strong></span> <span class='ocrx_word' id='word_1_297' title='bbox 595 2225 851 2294; x_wconf 87' lang='lat' dir='ltr'><strong><em>propheta</em></strong></span> <span class='ocrx_word' id='word_1_298' title='bbox 877 2263 893 2289; x_wconf 92' lang='lat'><strong><em>,</em></strong></span> <span class='ocrx_word' id='word_1_299' title='bbox 925 2240 1046 2277; x_wconf 77' lang='lat' dir='ltr'><strong><em>cum</em></strong></span> <span class='ocrx_word' id='word_1_300' title='bbox 1075 2223 1249 2293; x_wconf 82' lang='lat' dir='ltr'><strong><em>inquit</em></strong></span> <span class='ocrx_word' id='word_1_301' title='bbox 1275 2238 1289 2274; x_wconf 91' lang='lat'><strong>:</strong></span> <span class='ocrx_word' id='word_1_302' title='bbox 1320 2221 1513 2290; x_wconf 79' lang='lat' dir='ltr'><strong><em>Magna</em></strong></span> <span class='ocrx_word' id='word_1_303' title='bbox 1543 2219 1661 2292; x_wconf 77' lang='grc'>(55)</span> <span class='ocrx_word' id='word_1_304' title='bbox 1685 2221 1782 2273; x_wconf 88' lang='lat' dir='ltr'><strong><em>erit</em></strong></span> <span class='ocrx_word' id='word_1_305' title='bbox 1816 2220 1987 2288; x_wconf 88' lang='lat' dir='ltr'><strong><em>gloria</em></strong></span> 
     </span>
    </p>
   </div>
   <div class='ocr_carea' id='block_1_40' title="bbox 411 2311 1990 2386">
    <p class='ocr_par' dir='ltr' id='par_1_40' title="bbox 411 2311 1990 2386">
     <span class='ocr_line' id='line_1_40' title="bbox 411 2311 1990 2386; baseline -0.004 -16"><span class='ocrx_word' id='word_1_306' title='bbox 411 2319 596 2370; x_wconf 85' lang='lat' dir='ltr'><strong><em>domus</em></strong></span> <span class='ocrx_word' id='word_1_307' title='bbox 628 2316 815 2386; x_wconf 81' lang='lat' dir='ltr'><strong><em>hujus,</em></strong></span> <span class='ocrx_word' id='word_1_308' title='bbox 858 2316 1138 2368; x_wconf 84' lang='lat' dir='ltr'><strong><em>novissima</em></strong></span> <span class='ocrx_word' id='word_1_309' title='bbox 1175 2329 1332 2381; x_wconf 84' lang='lat' dir='ltr'><strong><em>super</em></strong></span> <span class='ocrx_word' id='word_1_310' title='bbox 1374 2314 1632 2380; x_wconf 85' lang='lat' dir='ltr'><strong><em>primam;</em></strong></span> <span class='ocrx_word' id='word_1_311' title='bbox 1673 2312 1725 2366; x_wconf 89' lang='lat' dir='ltr'><strong><em>id</em></strong></span> <span class='ocrx_word' id='word_1_312' title='bbox 1750 2318 1865 2375; x_wconf 84' lang='lat' dir='ltr'><strong><em>est,</em></strong></span> <span class='ocrx_word' id='word_1_313' title='bbox 1892 2311 1990 2364; x_wconf 84' lang='lat' dir='ltr'><strong><em>Ec-</em></strong></span> 
     </span>
    </p>
   </div>
   <div class='ocr_carea' id='block_1_41' title="bbox 410 2402 1988 2475">
    <p class='ocr_par' dir='ltr' id='par_1_41' title="bbox 410 2402 1988 2475">
     <span class='ocr_line' id='line_1_41' title="bbox 410 2402 1988 2475; baseline -0.004 -12"><span class='ocrx_word' id='word_1_314' title='bbox 410 2409 593 2463; x_wconf 67' lang='lat' dir='ltr'><strong><em>clesiae</em></strong></span> <span class='ocrx_word' id='word_1_315' title='bbox 629 2407 865 2472; x_wconf 79' lang='lat' dir='ltr'><strong><em>Christi,</em></strong></span> <span class='ocrx_word' id='word_1_316' title='bbox 900 2416 954 2460; x_wconf 89' lang='lat' dir='ltr'><strong><em>et</em></strong></span> <span class='ocrx_word' id='word_1_317' title='bbox 983 2405 1423 2475; x_wconf 81' lang='lat' dir='ltr'><strong><em>gloriﬁcationis,</em></strong></span> <span class='ocrx_word' id='word_1_318' title='bbox 1452 2418 1574 2473; x_wconf 68' lang='lat' dir='ltr'><strong><em>quae</em></strong></span> <span class='ocrx_word' id='word_1_319' title='bbox 1610 2405 1660 2457; x_wconf 92' lang='lat' dir='ltr'><strong><em>in</em></strong></span> <span class='ocrx_word' id='word_1_320' title='bbox 1708 2404 1821 2473; x_wconf 87' lang='lat' dir='ltr'><strong><em>ipsa</em></strong></span> <span class='ocrx_word' id='word_1_321' title='bbox 1866 2402 1988 2456; x_wconf 88' lang='lat' dir='ltr'><strong><em>red-</em></strong></span> 
     </span>
    </p>
   </div>
   <div class='ocr_carea' id='block_1_42' title="bbox 410 2493 1987 2568">
    <p class='ocr_par' dir='ltr' id='par_1_42' title="bbox 410 2493 1987 2568">
     <span class='ocr_line' id='line_1_42' title="bbox 410 2493 1987 2568; baseline 0 -16"><span class='ocrx_word' id='word_1_322' title='bbox 410 2499 574 2561; x_wconf 87' lang='lat' dir='ltr'><strong><em>ditur,</em></strong></span> <span class='ocrx_word' id='word_1_323' title='bbox 613 2513 725 2567; x_wconf 77' lang='lat' dir='ltr'><strong><em>pra:</em></strong></span> <span class='ocrx_word' id='word_1_324' title='bbox 763 2497 1043 2568; x_wconf 82' lang='lat' dir='ltr'><strong><em>Synagoga</em></strong></span> <span class='ocrx_word' id='word_1_325' title='bbox 1068 2496 1374 2551; x_wconf 68' lang='lat' dir='ltr'><strong><em>Judazornm</em></strong></span> <span class='ocrx_word' id='word_1_326' title='bbox 1402 2536 1417 2560; x_wconf 92' lang='lat'><strong><em>,</em></strong></span> <span class='ocrx_word' id='word_1_327' title='bbox 1443 2495 1495 2550; x_wconf 90' lang='lat' dir='ltr'><strong><em>in</em></strong></span> <span class='ocrx_word' id='word_1_328' title='bbox 1531 2510 1637 2564; x_wconf 88' lang='lat' dir='ltr'><strong><em>qua</em></strong></span> <span class='ocrx_word' id='word_1_329' title='bbox 1667 2495 1818 2549; x_wconf 91' lang='lat' dir='ltr'><strong><em>solus</em></strong></span> <span class='ocrx_word' id='word_1_330' title='bbox 1845 2493 1987 2552; x_wconf 81' lang='lat' dir='ltr'><strong><em>Deus</em></strong></span> 
     </span>
    </p>
   </div>
   <div class='ocr_carea' id='block_1_43' title="bbox 408 2586 1987 2655">
    <p class='ocr_par' dir='ltr' id='par_1_43' title="bbox 408 2586 1987 2655">
     <span class='ocr_line' id='line_1_43' title="bbox 408 2586 1987 2655; baseline -0.003 -11"><span class='ocrx_word' id='word_1_331' title='bbox 408 2586 576 2645; x_wconf 86' lang='lat' dir='ltr'><strong><em>Pater</em></strong></span> <span class='ocrx_word' id='word_1_332' title='bbox 613 2591 911 2644; x_wconf 73' lang='lat' dir='ltr'><strong><em>vocabatur</em></strong></span> <span class='ocrx_word' id='word_1_333' title='bbox 951 2591 1088 2642; x_wconf 83' lang='lat' dir='ltr'><strong><em>Deus</em></strong></span> <span class='ocrx_word' id='word_1_334' title='bbox 1108 2627 1126 2653; x_wconf 91' lang='lat'><strong><em>,</em></strong></span> <span class='ocrx_word' id='word_1_335' title='bbox 1163 2600 1218 2642; x_wconf 83' lang='lat' dir='ltr'><strong><em>et</em></strong></span> <span class='ocrx_word' id='word_1_336' title='bbox 1249 2586 1677 2655; x_wconf 79' lang='lat' dir='ltr'><strong><em>gloriﬁcahatur.</em></strong></span> <span class='ocrx_word' id='word_1_337' title='bbox 1708 2586 1800 2639; x_wconf 92' lang='lat' dir='ltr'><strong><em>llis</em></strong></span> <span class='ocrx_word' id='word_1_338' title='bbox 1826 2599 1987 2655; x_wconf 88' lang='lat' dir='ltr'><strong><em>porro</em></strong></span> 
     </span>
    </p>
   </div>
   <div class='ocr_carea' id='block_1_44' title="bbox 410 2678 1989 2750">
    <p class='ocr_par' dir='ltr' id='par_1_44' title="bbox 410 2678 1989 2750">
     <span class='ocr_line' id='line_1_44' title="bbox 410 2678 1989 2750; baseline -0.002 -16"><span class='ocrx_word' id='word_1_339' title='bbox 410 2690 767 2737; x_wconf 76' lang='lat' dir='ltr'><strong><em>consentanea</em></strong></span> <span class='ocrx_word' id='word_1_340' title='bbox 804 2691 933 2737; x_wconf 88' lang='lat' dir='ltr'><strong><em>sunt</em></strong></span> <span class='ocrx_word' id='word_1_341' title='bbox 967 2697 1087 2750; x_wconf 63' lang='lat' dir='ltr'><strong><em>quae</em></strong></span> <span class='ocrx_word' id='word_1_342' title='bbox 1126 2680 1194 2735; x_wconf 88' lang='lat' dir='ltr'><strong><em>de</em></strong></span> <span class='ocrx_word' id='word_1_343' title='bbox 1220 2678 1509 2750; x_wconf 80' lang='lat' dir='ltr'><strong><em>Evangelia</em></strong></span> <span class='ocrx_word' id='word_1_344' title='bbox 1553 2694 1767 2749; x_wconf 86' lang='lat' dir='ltr'><strong><em>quoque</em></strong></span> <span class='ocrx_word' id='word_1_345' title='bbox 1801 2678 1989 2733; x_wconf 88' lang='lat' dir='ltr'><strong><em>scribit</em></strong></span> 
     </span>
    </p>
   </div>
   <div class='ocr_carea' id='block_1_45' title="bbox 409 2768 1987 2833">
    <p class='ocr_par' dir='ltr' id='par_1_45' title="bbox 409 2768 1987 2833">
     <span class='ocr_line' id='line_1_45' title="bbox 409 2768 1987 2833; baseline -0.004 -6"><span class='ocrx_word' id='word_1_346' title='bbox 409 2771 630 2827; x_wconf 78' lang='lat' dir='ltr'><strong><em>Paulus.</em></strong></span> <span class='ocrx_word' id='word_1_347' title='bbox 667 2771 799 2825; x_wconf 78' lang='lat' dir='ltr'><strong><em>Nam</em></strong></span> <span class='ocrx_word' id='word_1_348' title='bbox 845 2771 973 2825; x_wconf 81' lang='lat' dir='ltr'><strong><em>illud</em></strong></span> <span class='ocrx_word' id='word_1_349' title='bbox 1012 2769 1169 2824; x_wconf 88' lang='lat' dir='ltr'><strong><em>modo</em></strong></span> <span class='ocrx_word' id='word_1_350' title='bbox 1214 2770 1343 2824; x_wconf 82' lang='lat' dir='ltr'><strong><em>dicit</em></strong></span> <span class='ocrx_word' id='word_1_351' title='bbox 1369 2783 1491 2823; x_wconf 71' lang='lat' dir='ltr'><strong><em>esse</em></strong></span> <span class='ocrx_word' id='word_1_352' title='bbox 1530 2769 1621 2823; x_wconf 88' lang='lat' dir='ltr'><strong><em>Dei</em></strong></span> <span class='ocrx_word' id='word_1_353' title='bbox 1656 2768 1867 2833; x_wconf 82' lang='lat' dir='ltr'><strong><em>Patris,</em></strong></span> <span class='ocrx_word' id='word_1_354' title='bbox 1906 2769 1987 2822; x_wconf 92' lang='lat' dir='ltr'><strong><em>ni-</em></strong></span> 
     </span>
    </p>
   </div>
   <div class='ocr_carea' id='block_1_46' title="bbox 410 2856 1986 2929">
    <p class='ocr_par' dir='ltr' id='par_1_46' title="bbox 410 2856 1986 2929">
     <span class='ocr_line' id='line_1_46' title="bbox 410 2856 1986 2929; baseline -0.003 -12"><span class='ocrx_word' id='word_1_355' title='bbox 410 2864 607 2917; x_wconf 86' lang='lat' dir='ltr'><strong><em>mirum</em></strong></span> <span class='ocrx_word' id='word_1_356' title='bbox 648 2863 893 2917; x_wconf 87' lang='lat' dir='ltr'><strong><em>scribens</em></strong></span> <span class='ocrx_word' id='word_1_357' title='bbox 937 2862 1002 2915; x_wconf 84' lang='lat' dir='ltr'><strong><em>ad</em></strong></span> <span class='ocrx_word' id='word_1_358' title='bbox 1051 2861 1325 2915; x_wconf 83' lang='lat' dir='ltr'><strong><em>Romanos</em></strong></span> <span class='ocrx_word' id='word_1_359' title='bbox 1358 2876 1372 2912; x_wconf 87' lang='lat'><strong>:</strong></span> <span class='ocrx_word' id='word_1_360' title='bbox 1412 2858 1615 2912; x_wconf 79' lang='lat' dir='ltr'><strong><em>Paulus</em></strong></span> <span class='ocrx_word' id='word_1_361' title='bbox 1659 2858 1770 2929; x_wconf 78' lang='lat'><strong><em>(36)</em></strong></span> <span class='ocrx_word' id='word_1_362' title='bbox 1810 2856 1986 2913; x_wconf 84' lang='lat' dir='ltr'><strong><em>servus</em></strong></span> 
     </span>
    </p>
   </div>
   <div class='ocr_carea' id='block_1_47' title="bbox 409 2947 1988 3018">
    <p class='ocr_par' dir='ltr' id='par_1_47' title="bbox 409 2947 1988 3018">
     <span class='ocr_line' id='line_1_47' title="bbox 409 2947 1988 3018; baseline -0.002 -12"><span class='ocrx_word' id='word_1_363' title='bbox 409 2952 537 3007; x_wconf 86' lang='lat' dir='ltr'><strong><em>.lesu</em></strong></span> <span class='ocrx_word' id='word_1_364' title='bbox 566 2953 781 3013; x_wconf 85' lang='lat' dir='ltr'><strong><em>Christi,</em></strong></span> <span class='ocrx_word' id='word_1_365' title='bbox 811 2963 1019 3005; x_wconf 83' lang='lat' dir='ltr'><strong><em>vocatus</em></strong></span> <span class='ocrx_word' id='word_1_366' title='bbox 1049 2951 1328 3018; x_wconf 78' lang='lat' dir='ltr'><strong><em>Apostolus</em></strong></span> <span class='ocrx_word' id='word_1_367' title='bbox 1348 2991 1362 3015; x_wconf 94' lang='lat'><strong><em>,</em></strong></span> <span class='ocrx_word' id='word_1_368' title='bbox 1388 2960 1687 3018; x_wconf 87' lang='lat' dir='ltr'><strong><em>segregatus</em></strong></span> <span class='ocrx_word' id='word_1_369' title='bbox 1724 2949 1777 3001; x_wconf 90' lang='lat' dir='ltr'><strong><em>in</em></strong></span> <span class='ocrx_word' id='word_1_370' title='bbox 1812 2947 1988 3003; x_wconf 64' lang='lat' dir='ltr'><strong><em>Evan-</em></strong></span> 
     </span>
    </p>
   </div>
   <div class='ocr_carea' id='block_1_48' title="bbox 411 3028 1984 3114">
    <p class='ocr_par' dir='ltr' id='par_1_48' title="bbox 411 3028 1984 3114">
     <span class='ocr_line' id='line_1_48' title="bbox 411 3028 1984 3114; baseline -0.002 -16"><span class='ocrx_word' id='word_1_371' title='bbox 411 3046 603 3114; x_wconf 73' lang='lat' dir='ltr'><strong><em>gebinm</em></strong></span> <span class='ocrx_word' id='word_1_372' title='bbox 657 3043 788 3107; x_wconf 89' lang='lat' dir='ltr'><strong><em>Dei;</em></strong></span> <span class='ocrx_word' id='word_1_373' title='bbox 830 3054 884 3097; x_wconf 87' lang='lat' dir='ltr'><strong><em>et</em></strong></span> <span class='ocrx_word' id='word_1_374' title='bbox 930 3057 1117 3098; x_wconf 86' lang='lat' dir='ltr'><strong><em>rursus</em></strong></span> <span class='ocrx_word' id='word_1_375' title='bbox 1154 3061 1166 3097; x_wconf 92' lang='lat'><strong>:</strong></span> <span class='ocrx_word' id='word_1_376' title='bbox 1214 3040 1335 3095; x_wconf 86' lang='lat' dir='ltr'><strong><em>Non</em></strong></span> <span class='ocrx_word' id='word_1_377' title='bbox 1386 3043 1521 3095; x_wconf 91' lang='lat' dir='ltr'><strong><em>enim</em></strong></span> <span class='ocrx_word' id='word_1_378' title='bbox 1567 3028 1701 3110; x_wconf 80' lang='grc'>(57)</span> <span class='ocrx_word' id='word_1_379' title='bbox 1742 3041 1984 3095; x_wconf 82' lang='lat' dir='ltr'><strong><em>erubesco</em></strong></span> 
     </span>
    </p>
   </div>
   <div class='ocr_carea' id='block_1_49' title="bbox 2096 1856 3613 1929">
    <p class='ocr_par' dir='ltr' id='par_1_49' title="bbox 2096 1856 3613 1929">
     <span class='ocr_line' id='line_1_49' title="bbox 2096 1856 3613 1929; baseline -0.003 -11"><span class='ocrx_word' id='word_1_380' title='bbox 2096 1864 2228 1918; x_wconf 86' lang='grc' dir='ltr'><strong><em>Ἵνα</em></strong></span> <span class='ocrx_word' id='word_1_381' title='bbox 2259 1859 2626 1929; x_wconf 78' lang='grc' dir='ltr'><em>παραστήσῃ</em></span> <span class='ocrx_word' id='word_1_382' title='bbox 2670 1857 2860 1924; x_wconf 84' lang='grc' dir='ltr'><em>ἐαυτῷ</em></span> <span class='ocrx_word' id='word_1_383' title='bbox 2904 1856 3206 1927; x_wconf 77' lang='grc' dir='ltr'><strong><em>ἄμεμπτον</em></strong></span> <span class='ocrx_word' id='word_1_384' title='bbox 3260 1856 3375 1926; x_wconf 80' lang='grc' dir='ltr'><em>τὴν</em></span> <span class='ocrx_word' id='word_1_385' title='bbox 3415 1858 3613 1927; x_wconf 80' lang='grc' dir='ltr'><em>Ἐκκλη-</em></span> 
     </span>
    </p>
   </div>
   <div class='ocr_carea' id='block_1_50' title="bbox 2090 1949 3613 2022">
    <p class='ocr_par' dir='ltr' id='par_1_50' title="bbox 2090 1949 3613 2022">
     <span class='ocr_line' id='line_1_50' title="bbox 2090 1949 3613 2022; baseline -0.003 -12"><span class='ocrx_word' id='word_1_386' title='bbox 2090 1955 2258 2017; x_wconf 88' lang='grc' dir='ltr'><em>σίαν,</em></span> <span class='ocrx_word' id='word_1_387' title='bbox 2304 1953 2386 2022; x_wconf 82' lang='grc' dir='ltr'><em>μὴ</em></span> <span class='ocrx_word' id='word_1_388' title='bbox 2432 1954 2700 2022; x_wconf 72' lang='grc' dir='ltr'><em>ἔχουσαν</em></span> <span class='ocrx_word' id='word_1_389' title='bbox 2728 1949 2969 2013; x_wconf 85' lang='grc' dir='ltr'><em>σπῖλον,</em></span> <span class='ocrx_word' id='word_1_390' title='bbox 3017 1950 3055 2017; x_wconf 77' lang='grc' dir='ltr'>ἢ</span> <span class='ocrx_word' id='word_1_391' title='bbox 3084 1950 3325 2018; x_wconf 80' lang='grc' dir='ltr'><strong><em>ῥυτίδα,</em></strong></span> <span class='ocrx_word' id='word_1_392' title='bbox 3369 1949 3408 2018; x_wconf 79' lang='grc' dir='ltr'><strong><em>ἦ</em></strong></span> <span class='ocrx_word' id='word_1_393' title='bbox 3451 1968 3498 2004; x_wconf 87' lang='grc' dir='ltr'><strong><em>τι</em></strong></span> <span class='ocrx_word' id='word_1_394' title='bbox 3525 1951 3613 2005; x_wconf 72' lang='grc' dir='ltr'><em>τῶν</em></span> 
     </span>
    </p>
   </div>
   <div class='ocr_carea' id='block_1_51' title="bbox 2089 2035 3613 2113">
    <p class='ocr_par' dir='ltr' id='par_1_51' title="bbox 2089 2035 3613 2113">
     <span class='ocr_line' id='line_1_51' title="bbox 2089 2035 3613 2113; baseline -0.003 -14"><span class='ocrx_word' id='word_1_395' title='bbox 2089 2045 2389 2099; x_wconf 82' lang='grc' dir='ltr'><em>τοιούτων’</em></span> <span class='ocrx_word' id='word_1_396' title='bbox 2405 2043 2540 2097; x_wconf 84' lang='grc' dir='ltr'><em>ἀλλ’</em></span> <span class='ocrx_word' id='word_1_397' title='bbox 2558 2043 2658 2096; x_wconf 80' lang='grc' dir='ltr'><em>ἵνα</em></span> <span class='ocrx_word' id='word_1_398' title='bbox 2681 2037 2722 2113; x_wconf 83' lang='grc' dir='ltr'><em>ᾖ</em></span> <span class='ocrx_word' id='word_1_399' title='bbox 2732 2041 2868 2111; x_wconf 74' lang='grc' dir='ltr'><em>ἁγία</em></span> <span class='ocrx_word' id='word_1_400' title='bbox 2888 2040 3250 2110; x_wconf 81' lang='grc' dir='ltr'><em>καὶάμωμος.</em></span> <span class='ocrx_word' id='word_1_401' title='bbox 3272 2042 3335 2093; x_wconf 81' lang='lat' dir='ltr'><strong><em>Ei</em></strong></span> <span class='ocrx_word' id='word_1_402' title='bbox 3346 2041 3446 2113; x_wconf 80' lang='grc' dir='ltr'>γὰρ</span> <span class='ocrx_word' id='word_1_403' title='bbox 3459 2042 3522 2111; x_wconf 80' lang='grc' dir='ltr'><em>μὴ</em></span> <span class='ocrx_word' id='word_1_404' title='bbox 3537 2035 3613 2095; x_wconf 76' lang='grc' dir='ltr'><strong><em>ὦδε</em></strong></span> 
     </span>
    </p>
   </div>
   <div class='ocr_carea' id='block_1_52' title="bbox 2089 2129 3613 2205">
    <p class='ocr_par' dir='ltr' id='par_1_52' title="bbox 2089 2129 3613 2205">
     <span class='ocr_line' id='line_1_52' title="bbox 2089 2129 3613 2205; baseline -0.003 -17"><span class='ocrx_word' id='word_1_405' title='bbox 2089 2133 2242 2205; x_wconf 80' lang='grc' dir='ltr'><strong><em>αὑτῷ</em></strong></span> <span class='ocrx_word' id='word_1_406' title='bbox 2264 2132 2458 2196; x_wconf 78' lang='grc' dir='ltr'><strong><em>ἐδόκει,</em></strong></span> <span class='ocrx_word' id='word_1_407' title='bbox 2486 2132 2815 2205; x_wconf 79' lang='grc' dir='ltr'><strong><em>ἑρμηνεύσει</em></strong></span> <span class='ocrx_word' id='word_1_408' title='bbox 2831 2148 2935 2196; x_wconf 85' lang='grc' dir='ltr'><em>τις,</em></span> <span class='ocrx_word' id='word_1_409' title='bbox 2959 2130 3012 2184; x_wconf 82' lang='grc' dir='ltr'><em>τί</em></span> <span class='ocrx_word' id='word_1_410' title='bbox 3037 2129 3285 2201; x_wconf 82' lang='grc' dir='ltr'><strong><em>βούλεται</em></strong></span> <span class='ocrx_word' id='word_1_411' title='bbox 3311 2130 3561 2203; x_wconf 63' lang='grc' dir='ltr'><em>είπὼνβθ</em></span> <span class='ocrx_word' id='word_1_412' title='bbox 3574 2132 3613 2204; x_wconf 70' lang='lat' dir='ltr'><strong><em>li}</em></strong></span> 
     </span>
    </p>
   </div>
   <div class='ocr_carea' id='block_1_53' title="bbox 2089 2223 3615 2299">
    <p class='ocr_par' dir='ltr' id='par_1_53' title="bbox 2089 2223 3615 2299">
     <span class='ocr_line' id='line_1_53' title="bbox 2089 2223 3615 2299; baseline -0.003 -16"><span class='ocrx_word' id='word_1_413' title='bbox 2089 2230 2118 2283; x_wconf 86' lang='grc' dir='ltr'><strong>ὁ</strong></span> <span class='ocrx_word' id='word_1_414' title='bbox 2141 2229 2424 2299; x_wconf 81' lang='grc' dir='ltr'><strong><em>προφήτης</em></strong></span> <span class='ocrx_word' id='word_1_415' title='bbox 2461 2227 2732 2295; x_wconf 81' lang='grc' dir='ltr'><strong><em>Ἀγγαῖος,</em></strong></span> <span class='ocrx_word' id='word_1_416' title='bbox 2759 2224 2839 2277; x_wconf 85' lang='grc' dir='ltr'><strong><em>ὅτι</em></strong></span> <span class='ocrx_word' id='word_1_417' title='bbox 2868 2223 3106 2295; x_wconf 80' lang='grc' dir='ltr'><strong><em>Μεγάλη</em></strong></span> <span class='ocrx_word' id='word_1_418' title='bbox 3128 2224 3302 2278; x_wconf 84' lang='grc' dir='ltr'><em>ἐσται</em></span> <span class='ocrx_word' id='word_1_419' title='bbox 3325 2225 3363 2290; x_wconf 77' lang='grc' dir='ltr'>ἡ</span> <span class='ocrx_word' id='word_1_420' title='bbox 3384 2223 3516 2287; x_wconf 73' lang='grc' dir='ltr'><em>δόξα</em></span> <span class='ocrx_word' id='word_1_421' title='bbox 3536 2224 3615 2278; x_wconf 88' lang='grc' dir='ltr'><strong><em>τοῦ</em></strong></span> 
     </span>
    </p>
   </div>
   <div class='ocr_carea' id='block_1_54' title="bbox 2090 2312 3615 2383">
    <p class='ocr_par' dir='ltr' id='par_1_54' title="bbox 2090 2312 3615 2383">
     <span class='ocr_line' id='line_1_54' title="bbox 2090 2312 3615 2383; baseline -0.004 -10"><span class='ocrx_word' id='word_1_422' title='bbox 2090 2320 2261 2373; x_wconf 78' lang='grc' dir='ltr'><em>οἷκου</em></span> <span class='ocrx_word' id='word_1_423' title='bbox 2295 2318 2530 2379; x_wconf 89' lang='grc' dir='ltr'><em>τούτου,</em></span> <span class='ocrx_word' id='word_1_424' title='bbox 2560 2317 2596 2383; x_wconf 77' lang='lat'><strong>1)</strong></span> <span class='ocrx_word' id='word_1_425' title='bbox 2629 2313 2855 2383; x_wconf 80' lang='grc' dir='ltr'><em>ἐσχάτη</em></span> <span class='ocrx_word' id='word_1_426' title='bbox 2886 2313 3037 2381; x_wconf 83' lang='grc' dir='ltr'><em>ὑπὲρ</em></span> <span class='ocrx_word' id='word_1_427' title='bbox 3073 2313 3186 2381; x_wconf 83' lang='grc' dir='ltr'><em>τὴν</em></span> <span class='ocrx_word' id='word_1_428' title='bbox 3208 2312 3445 2381; x_wconf 83' lang='grc' dir='ltr'><em>πρώτην</em></span> <span class='ocrx_word' id='word_1_429' title='bbox 3465 2330 3477 2343; x_wconf 89' lang='grc'><strong>·</strong></span> <span class='ocrx_word' id='word_1_430' title='bbox 3503 2313 3615 2367; x_wconf 81' lang='grc' dir='ltr'><em>τοῦτ’</em></span> 
     </span>
    </p>
   </div>
   <div class='ocr_carea' id='block_1_55' title="bbox 2089 2402 3617 2478">
    <p class='ocr_par' dir='ltr' id='par_1_55' title="bbox 2089 2402 3617 2478">
     <span class='ocr_line' id='line_1_55' title="bbox 2089 2402 3617 2478; baseline -0.004 -17"><span class='ocrx_word' id='word_1_431' title='bbox 2089 2408 2258 2471; x_wconf 79' lang='grc' dir='ltr'><em>ἐστιν,</em></span> <span class='ocrx_word' id='word_1_432' title='bbox 2288 2407 2387 2478; x_wconf 79' lang='grc' dir='ltr'><strong><em>τῆς</em></strong></span> <span class='ocrx_word' id='word_1_433' title='bbox 2412 2405 2507 2459; x_wconf 85' lang='grc' dir='ltr'><strong><em>τοῦ</em></strong></span> <span class='ocrx_word' id='word_1_434' title='bbox 2538 2403 2775 2477; x_wconf 80' lang='grc' dir='ltr'><em>Χριστοῦ</em></span> <span class='ocrx_word' id='word_1_435' title='bbox 2810 2402 3154 2471; x_wconf 80' lang='grc' dir='ltr'><em>Ἑκκλησίας,</em></span> <span class='ocrx_word' id='word_1_436' title='bbox 3182 2403 3279 2455; x_wconf 77' lang='grc' dir='ltr'><strong><em>καὶ</em></strong></span> <span class='ocrx_word' id='word_1_437' title='bbox 3314 2403 3410 2471; x_wconf 85' lang='grc' dir='ltr'><strong><em>τῆς</em></strong></span> <span class='ocrx_word' id='word_1_438' title='bbox 3434 2405 3485 2455; x_wconf 79' lang='grc' dir='ltr'><em>ὲν</em></span> <span class='ocrx_word' id='word_1_439' title='bbox 3510 2404 3617 2473; x_wconf 69' lang='grc' dir='ltr'><em>αὐτῇ</em></span> 
     </span>
    </p>
   </div>
   <div class='ocr_carea' id='block_1_56' title="bbox 2088 2487 3619 2568">
    <p class='ocr_par' dir='ltr' id='par_1_56' title="bbox 2088 2487 3619 2568">
     <span class='ocr_line' id='line_1_56' title="bbox 2088 2487 3619 2568; baseline -0.007 -15"><span class='ocrx_word' id='word_1_440' title='bbox 2088 2498 2414 2568; x_wconf 82' lang='grc' dir='ltr'><em>δοξολογίας,</em></span> <span class='ocrx_word' id='word_1_441' title='bbox 2449 2495 2599 2566; x_wconf 75' lang='grc' dir='ltr'><em>παρὰ</em></span> <span class='ocrx_word' id='word_1_442' title='bbox 2622 2494 2733 2566; x_wconf 82' lang='grc' dir='ltr'><strong><em>τὴν</em></strong></span> <span class='ocrx_word' id='word_1_443' title='bbox 2754 2492 3070 2564; x_wconf 82' lang='grc' dir='ltr'><em>συναγωγὴν</em></span> <span class='ocrx_word' id='word_1_444' title='bbox 3099 2492 3389 2556; x_wconf 82' lang='grc' dir='ltr'><strong><em>Ἰουδαίων,</em></strong></span> <span class='ocrx_word' id='word_1_445' title='bbox 3420 2493 3473 2544; x_wconf 79' lang='grc' dir='ltr'><em>ἐν</em></span> <span class='ocrx_word' id='word_1_446' title='bbox 3552 2492 3619 2564; x_wconf 81' lang='grc' dir='ltr'><strong><em>μό-</em></strong></span> 
     </span>
    </p>
   </div>
   <div class='ocr_carea' id='block_1_57' title="bbox 2089 2584 3616 2657">
    <p class='ocr_par' dir='ltr' id='par_1_57' title="bbox 2089 2584 3616 2657">
     <span class='ocr_line' id='line_1_57' title="bbox 2089 2584 3616 2657; baseline -0.004 -13"><span class='ocrx_word' id='word_1_447' title='bbox 2089 2608 2178 2654; x_wconf 84' lang='grc' dir='ltr'><strong><em>νος</em></strong></span> <span class='ocrx_word' id='word_1_448' title='bbox 2217 2592 2246 2644; x_wconf 84' lang='grc' dir='ltr'>ὁ</span> <span class='ocrx_word' id='word_1_449' title='bbox 2286 2589 2419 2653; x_wconf 85' lang='grc' dir='ltr'><strong><em>Θεὸς</em></strong></span> <span class='ocrx_word' id='word_1_450' title='bbox 2464 2588 2559 2641; x_wconf 76' lang='grc' dir='ltr'><strong><em>καὶ</em></strong></span> <span class='ocrx_word' id='word_1_451' title='bbox 2610 2585 2796 2657; x_wconf 80' lang='grc' dir='ltr'><em>Πατὴρ</em></span> <span class='ocrx_word' id='word_1_452' title='bbox 2838 2584 3169 2653; x_wconf 83' lang='grc' dir='ltr'><strong><em>ὲθεολογεῖτο</em></strong></span> <span class='ocrx_word' id='word_1_453' title='bbox 3223 2585 3324 2637; x_wconf 75' lang='grc' dir='ltr'><strong><em>καὶ</em></strong></span> <span class='ocrx_word' id='word_1_454' title='bbox 3364 2585 3616 2650; x_wconf 72' lang='grc' dir='ltr'><strong><em>ἐδοξάζετο.</em></strong></span> 
     </span>
    </p>
   </div>
   <div class='ocr_carea' id='block_1_58' title="bbox 2100 2676 3618 2752">
    <p class='ocr_par' dir='ltr' id='par_1_58' title="bbox 2100 2676 3618 2752">
     <span class='ocr_line' id='line_1_58' title="bbox 2100 2676 3618 2752; baseline -0.005 -16"><span class='ocrx_word' id='word_1_455' title='bbox 2100 2682 2414 2752; x_wconf 80' lang='grc' dir='ltr'><em>Ἐπομένως</em></span> <span class='ocrx_word' id='word_1_456' title='bbox 2439 2680 2614 2734; x_wconf 80' lang='grc' dir='ltr'><em>τοίνυν</em></span> <span class='ocrx_word' id='word_1_457' title='bbox 2656 2680 2750 2732; x_wconf 77' lang='grc' dir='ltr'><strong><em>καὶ</em></strong></span> <span class='ocrx_word' id='word_1_458' title='bbox 2786 2678 2845 2731; x_wconf 85' lang='grc' dir='ltr'>τὸ</span> <span class='ocrx_word' id='word_1_459' title='bbox 2870 2677 3199 2745; x_wconf 78' lang='grc' dir='ltr'><strong><em>Εὐαγγέλιον</em></strong></span> <span class='ocrx_word' id='word_1_460' title='bbox 3259 2677 3356 2729; x_wconf 89' lang='grc' dir='ltr'><strong><em>νῦν</em></strong></span> <span class='ocrx_word' id='word_1_461' title='bbox 3399 2677 3487 2746; x_wconf 76' lang='grc' dir='ltr'><em>μὲν</em></span> <span class='ocrx_word' id='word_1_462' title='bbox 3514 2676 3618 2729; x_wconf 79' lang='grc' dir='ltr'><em>Θεοῦ</em></span> 
     </span>
    </p>
   </div>
   <div class='ocr_carea' id='block_1_59' title="bbox 2088 2763 3620 2842">
    <p class='ocr_par' dir='ltr' id='par_1_59' title="bbox 2088 2763 3620 2842">
     <span class='ocr_line' id='line_1_59' title="bbox 2088 2763 3620 2842; baseline -0.005 -15"><span class='ocrx_word' id='word_1_463' title='bbox 2088 2771 2182 2827; x_wconf 84' lang='grc' dir='ltr'><em>τοῦ</em></span> <span class='ocrx_word' id='word_1_464' title='bbox 2220 2770 2431 2842; x_wconf 75' lang='grc' dir='ltr'><em>Πατρὸς</em></span> <span class='ocrx_word' id='word_1_465' title='bbox 2461 2763 2604 2821; x_wconf 86' lang='grc' dir='ltr'><em>εἶναι</em></span> <span class='ocrx_word' id='word_1_466' title='bbox 2637 2768 2805 2837; x_wconf 82' lang='grc' dir='ltr'><strong><em>λέγει,</em></strong></span> <span class='ocrx_word' id='word_1_467' title='bbox 2858 2768 3083 2838; x_wconf 67' lang='grc' dir='ltr'><strong><em>γράφων</em></strong></span> <span class='ocrx_word' id='word_1_468' title='bbox 3137 2766 3452 2838; x_wconf 78' lang='grc' dir='ltr'><em>Ῥωμαίοις·</em></span> <span class='ocrx_word' id='word_1_469' title='bbox 3493 2768 3620 2820; x_wconf 81' lang='grc' dir='ltr'><em>Παῦ-</em></span> 
     </span>
    </p>
   </div>
   <div class='ocr_carea' id='block_1_60' title="bbox 2087 2856 3619 2927">
    <p class='ocr_par' dir='ltr' id='par_1_60' title="bbox 2087 2856 3619 2927">
     <span class='ocr_line' id='line_1_60' title="bbox 2087 2856 3619 2927; baseline -0.005 -12"><span class='ocrx_word' id='word_1_470' title='bbox 2087 2865 2217 2926; x_wconf 84' lang='grc' dir='ltr'><em>λος,</em></span> <span class='ocrx_word' id='word_1_471' title='bbox 2252 2858 2471 2922; x_wconf 86' lang='grc' dir='ltr'><em>δοῦλος</em></span> <span class='ocrx_word' id='word_1_472' title='bbox 2515 2856 2717 2926; x_wconf 83' lang='grc' dir='ltr'><em>Ἰησοῦ</em></span> <span class='ocrx_word' id='word_1_473' title='bbox 2750 2857 3027 2927; x_wconf 77' lang='grc' dir='ltr'><em>Χριστοῦ,</em></span> <span class='ocrx_word' id='word_1_474' title='bbox 3061 2857 3276 2924; x_wconf 78' lang='grc' dir='ltr'><em>κλητὸς</em></span> <span class='ocrx_word' id='word_1_475' title='bbox 3303 2856 3619 2921; x_wconf 79' lang='grc' dir='ltr'><em>ἀπόστολος,</em></span> 
     </span>
    </p>
   </div>
   <div class='ocr_carea' id='block_1_61' title="bbox 2086 2950 3623 3022">
    <p class='ocr_par' dir='ltr' id='par_1_61' title="bbox 2086 2950 3623 3022">
     <span class='ocr_line' id='line_1_61' title="bbox 2086 2950 3623 3022; baseline -0.004 -14"><span class='ocrx_word' id='word_1_476' title='bbox 2086 2950 2503 3022; x_wconf 68' lang='grc' dir='ltr'><em>ἀφωρισμένος</em></span> <span class='ocrx_word' id='word_1_477' title='bbox 2529 2954 2616 3016; x_wconf 83' lang='grc' dir='ltr'><em>εὶς</em></span> <span class='ocrx_word' id='word_1_478' title='bbox 2646 2950 3009 3020; x_wconf 72' lang='grc' dir='ltr'><em>Εὺαγγέλιον</em></span> <span class='ocrx_word' id='word_1_479' title='bbox 3032 2950 3179 3005; x_wconf 85' lang='grc' dir='ltr'><strong><em>Θεοῦ</em></strong></span> <span class='ocrx_word' id='word_1_480' title='bbox 3197 2965 3214 2981; x_wconf 84' lang='grc'>⁶</span> <span class='ocrx_word' id='word_1_481' title='bbox 3245 2950 3344 3004; x_wconf 73' lang='grc' dir='ltr'><strong><em>καὶ</em></strong></span> <span class='ocrx_word' id='word_1_482' title='bbox 3365 2951 3537 3003; x_wconf 69' lang='grc' dir='ltr'><em>πάλιν·</em></span> <span class='ocrx_word' id='word_1_483' title='bbox 3558 2953 3623 3003; x_wconf 80' lang='grc' dir='ltr'><strong><em>Οὐ</em></strong></span> 
     </span>
    </p>
   </div>
   <div class='ocr_carea' id='block_1_62' title="bbox 2092 3040 3623 3115">
    <p class='ocr_par' dir='ltr' id='par_1_62' title="bbox 2092 3040 3623 3115">
     <span class='ocr_line' id='line_1_62' title="bbox 2092 3040 3623 3115; baseline -0.001 -19"><span class='ocrx_word' id='word_1_484' title='bbox 2092 3045 2203 3115; x_wconf 78' lang='grc' dir='ltr'><strong><em>γὰρ</em></strong></span> <span class='ocrx_word' id='word_1_485' title='bbox 2250 3044 2685 3112; x_wconf 80' lang='grc' dir='ltr'><em>ἐπαισχύνομαι</em></span> <span class='ocrx_word' id='word_1_486' title='bbox 2726 3041 2789 3095; x_wconf 85' lang='grc' dir='ltr'><strong><em>τὸ</em></strong></span> <span class='ocrx_word' id='word_1_487' title='bbox 2836 3040 3219 3112; x_wconf 78' lang='grc' dir='ltr'><strong><em>Εὺαγγέλιον.</em></strong></span> <span class='ocrx_word' id='word_1_488' title='bbox 3250 3043 3499 3111; x_wconf 81' lang='grc' dir='ltr'><em>Δύναμις</em></span> <span class='ocrx_word' id='word_1_489' title='bbox 3536 3041 3623 3109; x_wconf 74' lang='grc' dir='ltr'><strong><em>γὰρ</em></strong></span> 
     </span>
    </p>
   </div>
   <div class='ocr_carea' id='block_1_63' title="bbox 412 3123 1982 3204">
    <p class='ocr_par' dir='ltr' id='par_1_63' title="bbox 412 3132 1982 3204">
     <span class='ocr_line' id='line_1_63' title="bbox 412 3132 1982 3204; baseline -0.003 -14"><span class='ocrx_word' id='word_1_490' title='bbox 412 3135 756 3204; x_wconf 83' lang='lat' dir='ltr'><strong><em>Evangelium</em></strong></span> <span class='ocrx_word' id='word_1_491' title='bbox 793 3149 811 3188; x_wconf 84' lang='lat'><strong><em>.&#39;</em></strong></span> <span class='ocrx_word' id='word_1_492' title='bbox 852 3135 1194 3188; x_wconf 62' lang='lat' dir='ltr'><strong><em>virtus&#39;enim</em></strong></span> <span class='ocrx_word' id='word_1_493' title='bbox 1241 3132 1333 3186; x_wconf 86' lang='lat' dir='ltr'><strong><em>Dei</em></strong></span> <span class='ocrx_word' id='word_1_494' title='bbox 1371 3145 1444 3187; x_wconf 85' lang='lat' dir='ltr'><strong><em>est</em></strong></span> <span class='ocrx_word' id='word_1_495' title='bbox 1487 3134 1540 3186; x_wconf 88' lang='lat' dir='ltr'><strong><em>in</em></strong></span> <span class='ocrx_word' id='word_1_496' title='bbox 1574 3133 1795 3185; x_wconf 81' lang='lat' dir='ltr'><strong><em>salutem</em></strong></span> <span class='ocrx_word' id='word_1_497' title='bbox 1843 3134 1982 3185; x_wconf 84' lang='lat' dir='ltr'><strong><em>omni</em></strong></span> 
     </span>
    </p>
   </div>
   <div class='ocr_carea' id='block_1_64' title="bbox 2098 3123 3621 3204">
    <p class='ocr_par' dir='ltr' id='par_1_64' title="bbox 2098 3132 3621 3202">
     <span class='ocr_line' id='line_1_64' title="bbox 2098 3132 3621 3202; baseline -0.005 -11"><span class='ocrx_word' id='word_1_498' title='bbox 2098 3136 2241 3192; x_wconf 84' lang='grc' dir='ltr'><strong><em>Θεοῦ</em></strong></span> <span class='ocrx_word' id='word_1_499' title='bbox 2276 3136 2464 3201; x_wconf 77' lang='grc' dir='ltr'><em>ἐστιν,</em></span> <span class='ocrx_word' id='word_1_500' title='bbox 2514 3137 2602 3200; x_wconf 72' lang='grc' dir='ltr'><em>εἰς</em></span> <span class='ocrx_word' id='word_1_501' title='bbox 2630 3134 2946 3202; x_wconf 61' lang='grc' dir='ltr'><em>κσωτηρίαν</em></span> <span class='ocrx_word' id='word_1_502' title='bbox 2981 3133 3158 3186; x_wconf 75' lang='grc' dir='ltr'><em>παντὶ</em></span> <span class='ocrx_word' id='word_1_503' title='bbox 3190 3132 3271 3199; x_wconf 84' lang='grc' dir='ltr'><em>τῷ</em></span> <span class='ocrx_word' id='word_1_504' title='bbox 3300 3134 3621 3195; x_wconf 78' lang='grc' dir='ltr'><em>πιστεύοντι,</em></span> 
     </span>
    </p>
   </div>
   <div class='ocr_carea' id='block_1_65' title="bbox 409 3221 1985 3292">
    <p class='ocr_par' dir='ltr' id='par_1_65' title="bbox 409 3221 1985 3292">
     <span class='ocr_line' id='line_1_65' title="bbox 409 3221 1985 3292; baseline -0.004 -11"><span class='ocrx_word' id='word_1_505' title='bbox 409 3227 713 3290; x_wconf 79' lang='lat' dir='ltr'><strong><em>credetui,et</em></strong></span> <span class='ocrx_word' id='word_1_506' title='bbox 738 3225 928 3279; x_wconf 71' lang='lat' dir='ltr'><strong><em>Iudico</em></strong></span> <span class='ocrx_word' id='word_1_507' title='bbox 948 3226 1194 3292; x_wconf 81' lang='lat' dir='ltr'><strong><em>primum,</em></strong></span> <span class='ocrx_word' id='word_1_508' title='bbox 1209 3235 1253 3277; x_wconf 90' lang='lat' dir='ltr'><strong><em>et</em></strong></span> <span class='ocrx_word' id='word_1_509' title='bbox 1274 3221 1454 3277; x_wconf 74' lang='lat' dir='ltr'><strong><em>Grtvco&#39;</em></strong></span> <span class='ocrx_word' id='word_1_510' title='bbox 1473 3222 1713 3292; x_wconf 87' lang='lat' dir='ltr'><strong><em>:justitia</em></strong></span> <span class='ocrx_word' id='word_1_511' title='bbox 1736 3222 1871 3275; x_wconf 87' lang='lat' dir='ltr'><strong><em>enim</em></strong></span> <span class='ocrx_word' id='word_1_512' title='bbox 1888 3221 1985 3275; x_wconf 82' lang='lat' dir='ltr'><strong><em>Dei</em></strong></span> 
     </span>
    </p>
   </div>
   <div class='ocr_carea' id='block_1_66' title="bbox 409 3310 1986 3387">
    <p class='ocr_par' dir='ltr' id='par_1_66' title="bbox 409 3310 1986 3387">
     <span class='ocr_line' id='line_1_66' title="bbox 409 3310 1986 3387; baseline -0.003 -17"><span class='ocrx_word' id='word_1_513' title='bbox 409 3320 464 3370; x_wconf 88' lang='lat' dir='ltr'><strong><em>in</em></strong></span> <span class='ocrx_word' id='word_1_514' title='bbox 484 3334 544 3370; x_wconf 89' lang='lat' dir='ltr'><strong><em>eo</em></strong></span> <span class='ocrx_word' id='word_1_515' title='bbox 573 3315 950 3387; x_wconf 79' lang='lat' dir='ltr'><strong><em>revelatur(38)</em></strong></span> <span class='ocrx_word' id='word_1_516' title='bbox 977 3316 1184 3385; x_wconf 85' lang='lat' dir='ltr'><strong><em>:jnstus</em></strong></span> <span class='ocrx_word' id='word_1_517' title='bbox 1206 3324 1379 3367; x_wconf 89' lang='lat' dir='ltr'><strong><em>autem</em></strong></span> <span class='ocrx_word' id='word_1_518' title='bbox 1400 3329 1465 3367; x_wconf 76' lang='lat' dir='ltr'><strong><em>ea;</em></strong></span> <span class='ocrx_word' id='word_1_519' title='bbox 1480 3313 1582 3380; x_wconf 81' lang='lat' dir='ltr'><strong><em>ﬁde</em></strong></span> <span class='ocrx_word' id='word_1_520' title='bbox 1601 3316 1759 3376; x_wconf 81' lang='lat' dir='ltr'><strong><em>vivet;</em></strong></span> <span class='ocrx_word' id='word_1_521' title='bbox 1782 3321 1834 3366; x_wconf 90' lang='lat' dir='ltr'><strong><em>et</em></strong></span> <span class='ocrx_word' id='word_1_522' title='bbox 1861 3313 1911 3365; x_wconf 91' lang='lat' dir='ltr'><strong><em>in</em></strong></span> <span class='ocrx_word' id='word_1_523' title='bbox 1944 3310 1986 3366; x_wconf 93' lang='lat' dir='ltr'><strong><em>ll</em></strong></span> 
     </span>
    </p>
   </div>
   <div class='ocr_carea' id='block_1_67' title="bbox 408 3403 1983 3476">
    <p class='ocr_par' dir='ltr' id='par_1_67' title="bbox 408 3403 1983 3476">
     <span class='ocr_line' id='line_1_67' title="bbox 408 3403 1983 3476; baseline -0.004 -14"><span class='ocrx_word' id='word_1_524' title='bbox 408 3408 479 3463; x_wconf 80' lang='lat' dir='ltr'><strong><em>ad</em></strong></span> <span class='ocrx_word' id='word_1_525' title='bbox 533 3408 889 3462; x_wconf 80' lang='lat' dir='ltr'><strong><em>Corinthios:</em></strong></span> <span class='ocrx_word' id='word_1_526' title='bbox 943 3407 1203 3472; x_wconf 84' lang='lat' dir='ltr'><strong><em>Quoniam</em></strong></span> <span class='ocrx_word' id='word_1_527' title='bbox 1247 3405 1385 3476; x_wconf 84' lang='lat'><strong><em>(&#39;59)</em></strong></span> <span class='ocrx_word' id='word_1_528' title='bbox 1434 3406 1597 3475; x_wconf 89' lang='lat' dir='ltr'><strong><em>gratis</em></strong></span> <span class='ocrx_word' id='word_1_529' title='bbox 1643 3403 1983 3473; x_wconf 80' lang='lat' dir='ltr'><strong><em>Evangelium</em></strong></span> 
     </span>
    </p>
   </div>
   <div class='ocr_carea' id='block_1_68' title="bbox 411 3496 1983 3567">
    <p class='ocr_par' dir='ltr' id='par_1_68' title="bbox 411 3496 1983 3567">
     <span class='ocr_line' id='line_1_68' title="bbox 411 3496 1983 3567; baseline -0.001 -15"><span class='ocrx_word' id='word_1_530' title='bbox 411 3498 510 3552; x_wconf 88' lang='lat' dir='ltr'><strong><em>Dei</em></strong></span> <span class='ocrx_word' id='word_1_531' title='bbox 547 3498 899 3567; x_wconf 79' lang='lat' dir='ltr'><strong><em>erangelizavi</em></strong></span> <span class='ocrx_word' id='word_1_532' title='bbox 942 3498 1099 3551; x_wconf 85' lang='lat' dir='ltr'><strong><em>vobis.</em></strong></span> <span class='ocrx_word' id='word_1_533' title='bbox 1151 3497 1307 3552; x_wconf 83' lang='lat' dir='ltr'><strong><em>Modo</em></strong></span> <span class='ocrx_word' id='word_1_534' title='bbox 1345 3509 1525 3552; x_wconf 88' lang='lat' dir='ltr'><strong><em>autem</em></strong></span> <span class='ocrx_word' id='word_1_535' title='bbox 1568 3497 1663 3551; x_wconf 88' lang='lat' dir='ltr'><strong><em>Dei</em></strong></span> <span class='ocrx_word' id='word_1_536' title='bbox 1714 3496 1983 3567; x_wconf 78' lang='lat' dir='ltr'><strong><em>Unigeniti</em></strong></span> 
     </span>
    </p>
   </div>
   <div class='ocr_carea' id='block_1_69' title="bbox 410 3588 1986 3659">
    <p class='ocr_par' dir='ltr' id='par_1_69' title="bbox 410 3588 1986 3659">
     <span class='ocr_line' id='line_1_69' title="bbox 410 3588 1986 3659; baseline -0.001 -16"><span class='ocrx_word' id='word_1_537' title='bbox 410 3588 538 3643; x_wconf 88' lang='lat' dir='ltr'><strong><em>illud</em></strong></span> <span class='ocrx_word' id='word_1_538' title='bbox 573 3604 693 3644; x_wconf 83' lang='lat' dir='ltr'><strong><em>esse</em></strong></span> <span class='ocrx_word' id='word_1_539' title='bbox 726 3588 1022 3645; x_wconf 87' lang='lat' dir='ltr'><strong><em>Corinthiis</em></strong></span> <span class='ocrx_word' id='word_1_540' title='bbox 1047 3590 1236 3643; x_wconf 80' lang='lat' dir='ltr'><strong><em>scribit</em></strong></span> <span class='ocrx_word' id='word_1_541' title='bbox 1266 3609 1279 3644; x_wconf 87' lang='lat'><strong>:</strong></span> <span class='ocrx_word' id='word_1_542' title='bbox 1316 3590 1365 3643; x_wconf 91' lang='lat' dir='ltr'><strong><em>iu</em></strong></span> <span class='ocrx_word' id='word_1_543' title='bbox 1401 3592 1574 3659; x_wconf 79' lang='lat' dir='ltr'><strong><em>prima</em></strong></span> <span class='ocrx_word' id='word_1_544' title='bbox 1610 3590 1825 3658; x_wconf 80' lang='lat' dir='ltr'><strong><em>quidem</em></strong></span> <span class='ocrx_word' id='word_1_545' title='bbox 1863 3588 1986 3658; x_wconf 78' lang='lat' dir='ltr'><strong><em>Epi-</em></strong></span> 
     </span>
    </p>
   </div>
   <div class='ocr_carea' id='block_1_70' title="bbox 408 3683 1986 3753">
    <p class='ocr_par' dir='ltr' id='par_1_70' title="bbox 408 3683 1986 3753">
     <span class='ocr_line' id='line_1_70' title="bbox 408 3683 1986 3753; baseline -0.001 -15"><span class='ocrx_word' id='word_1_546' title='bbox 408 3683 549 3738; x_wconf 80' lang='lat' dir='ltr'><strong><em>Stola</em></strong></span> <span class='ocrx_word' id='word_1_547' title='bbox 598 3701 611 3735; x_wconf 92' lang='lat'><strong>:</strong></span> <span class='ocrx_word' id='word_1_548' title='bbox 665 3683 773 3738; x_wconf 79' lang='lat' dir='ltr'><strong><em>Sed</em></strong></span> <span class='ocrx_word' id='word_1_549' title='bbox 823 3700 924 3736; x_wconf 90' lang='lat' dir='ltr'><strong><em>non</em></strong></span> <span class='ocrx_word' id='word_1_550' title='bbox 954 3683 1064 3753; x_wconf 74' lang='grc'>(40)</span> <span class='ocrx_word' id='word_1_551' title='bbox 1110 3685 1189 3735; x_wconf 85' lang='lat' dir='ltr'><strong><em>usi</em></strong></span> <span class='ocrx_word' id='word_1_552' title='bbox 1225 3700 1402 3737; x_wconf 89' lang='lat' dir='ltr'><strong><em>sumus</em></strong></span> <span class='ocrx_word' id='word_1_553' title='bbox 1440 3684 1537 3737; x_wconf 87' lang='lat' dir='ltr'><strong><em>hac</em></strong></span> <span class='ocrx_word' id='word_1_554' title='bbox 1585 3694 1861 3750; x_wconf 87' lang='lat' dir='ltr'><strong><em>potestate,</em></strong></span> <span class='ocrx_word' id='word_1_555' title='bbox 1895 3683 1986 3737; x_wconf 83' lang='lat' dir='ltr'><strong><em>sed</em></strong></span> 
     </span>
    </p>
   </div>
   <div class='ocr_carea' id='block_1_71' title="bbox 409 3773 1988 3846">
    <p class='ocr_par' dir='ltr' id='par_1_71' title="bbox 409 3773 1988 3846">
     <span class='ocr_line' id='line_1_71' title="bbox 409 3773 1988 3846; baseline 0 -18"><span class='ocrx_word' id='word_1_556' title='bbox 409 3778 585 3829; x_wconf 85' lang='lat' dir='ltr'><strong><em>omnia</em></strong></span> <span class='ocrx_word' id='word_1_557' title='bbox 618 3777 933 3830; x_wconf 87' lang='lat' dir='ltr'><strong><em>sustinemus</em></strong></span> <span class='ocrx_word' id='word_1_558' title='bbox 953 3819 967 3843; x_wconf 87' lang='lat'><strong><em>,</em></strong></span> <span class='ocrx_word' id='word_1_559' title='bbox 998 3791 1060 3829; x_wconf 91' lang='lat' dir='ltr'><strong><em>ne</em></strong></span> <span class='ocrx_word' id='word_1_560' title='bbox 1087 3792 1243 3846; x_wconf 85' lang='lat' dir='ltr'><strong><em>quam</em></strong></span> <span class='ocrx_word' id='word_1_561' title='bbox 1272 3775 1583 3829; x_wconf 78' lang='lat' dir='ltr'><strong><em>excisionem</em></strong></span> <span class='ocrx_word' id='word_1_562' title='bbox 1605 3776 1785 3828; x_wconf 87' lang='lat' dir='ltr'><strong><em>demus</em></strong></span> <span class='ocrx_word' id='word_1_563' title='bbox 1813 3773 1988 3828; x_wconf 80' lang='lat' dir='ltr'><strong><em>Evan-</em></strong></span> 
     </span>
    </p>
   </div>
   <div class='ocr_carea' id='block_1_72' title="bbox 408 3864 1986 3942">
    <p class='ocr_par' dir='ltr' id='par_1_72' title="bbox 408 3864 1986 3942">
     <span class='ocr_line' id='line_1_72' title="bbox 408 3864 1986 3942; baseline 0 -23"><span class='ocrx_word' id='word_1_564' title='bbox 408 3865 547 3937; x_wconf 87' lang='lat' dir='ltr'><strong><em>gelia</em></strong></span> <span class='ocrx_word' id='word_1_565' title='bbox 574 3866 805 3935; x_wconf 79' lang='lat' dir='ltr'><strong><em>Christi;</em></strong></span> <span class='ocrx_word' id='word_1_566' title='bbox 832 3867 883 3920; x_wconf 91' lang='lat' dir='ltr'><strong><em>in</em></strong></span> <span class='ocrx_word' id='word_1_567' title='bbox 927 3870 1161 3921; x_wconf 84' lang='lat' dir='ltr'><strong><em>secunda</em></strong></span> <span class='ocrx_word' id='word_1_568' title='bbox 1190 3882 1317 3920; x_wconf 70' lang='lat' dir='ltr'><strong><em>vero</em></strong></span> <span class='ocrx_word' id='word_1_569' title='bbox 1347 3884 1360 3919; x_wconf 90' lang='lat'><strong>:</strong></span> <span class='ocrx_word' id='word_1_570' title='bbox 1391 3864 1521 3919; x_wconf 89' lang='lat' dir='ltr'><strong><em>Cum</em></strong></span> <span class='ocrx_word' id='word_1_571' title='bbox 1568 3866 1819 3918; x_wconf 84' lang='lat' dir='ltr'><strong><em>venissem</em></strong></span> <span class='ocrx_word' id='word_1_572' title='bbox 1873 3864 1986 3942; x_wconf 65' lang='grc'>(41)</span> 
     </span>
    </p>
   </div>
   <div class='ocr_carea' id='block_1_73' title="bbox 409 3955 1986 4028">
    <p class='ocr_par' dir='ltr' id='par_1_73' title="bbox 409 3955 1986 4028">
     <span class='ocr_line' id='line_1_73' title="bbox 409 3955 1986 4028; baseline 0.001 -18"><span class='ocrx_word' id='word_1_573' title='bbox 409 3964 584 4011; x_wconf 82' lang='lat' dir='ltr'><strong><em>autem</em></strong></span> <span class='ocrx_word' id='word_1_574' title='bbox 620 3955 875 4011; x_wconf 88' lang='lat' dir='ltr'><strong><em>Troadem</em></strong></span> <span class='ocrx_word' id='word_1_575' title='bbox 901 3966 1112 4026; x_wconf 84' lang='lat' dir='ltr'><strong><em>propter</em></strong></span> <span class='ocrx_word' id='word_1_576' title='bbox 1154 3956 1494 4028; x_wconf 76' lang='lat' dir='ltr'><strong><em>Euangelium</em></strong></span> <span class='ocrx_word' id='word_1_577' title='bbox 1522 3956 1756 4024; x_wconf 83' lang='lat' dir='ltr'><strong><em>Christi;</em></strong></span> <span class='ocrx_word' id='word_1_578' title='bbox 1783 3967 1837 4013; x_wconf 88' lang='lat' dir='ltr'><strong><em>et</em></strong></span> <span class='ocrx_word' id='word_1_579' title='bbox 1864 3973 1986 4012; x_wconf 86' lang='lat' dir='ltr'><strong><em>rur-</em></strong></span> 
     </span>
    </p>
   </div>
   <div class='ocr_carea' id='block_1_74' title="bbox 480 4068 1531 4140">
    <p class='ocr_par' dir='ltr' id='par_1_74' title="bbox 480 4068 1531 4140">
     <span class='ocr_line' id='line_1_74' title="bbox 480 4068 1531 4140; baseline 0.006 -19"><span class='ocrx_word' id='word_1_580' title='bbox 480 4068 594 4140; x_wconf 69' lang='lat'><strong>(27)</strong></span> <span class='ocrx_word' id='word_1_581' title='bbox 627 4068 891 4140; x_wconf 74' lang='lat' dir='ltr'><strong><em>Charitas.</em></strong></span> <span class='ocrx_word' id='word_1_582' title='bbox 937 4072 978 4126; x_wconf 94' lang='lat' dir='ltr'><strong><em>ll</em></strong></span> <span class='ocrx_word' id='word_1_583' title='bbox 1009 4073 1133 4127; x_wconf 88' lang='lat' dir='ltr'><strong><em>Cor.</em></strong></span> <span class='ocrx_word' id='word_1_584' title='bbox 1172 4086 1222 4135; x_wconf 78' lang='grc' dir='ltr'><strong><em>ν,</em></strong></span> <span class='ocrx_word' id='word_1_585' title='bbox 1258 4070 1323 4125; x_wconf 69' lang='grc'><strong>14</strong></span> <span class='ocrx_word' id='word_1_586' title='bbox 1357 4080 1412 4123; x_wconf 87' lang='lat' dir='ltr'><strong><em>et</em></strong></span> <span class='ocrx_word' id='word_1_587' title='bbox 1443 4071 1531 4127; x_wconf 83' lang='grc'><strong><em>15.</em></strong></span> 
     </span>
    </p>
   </div>
   <div class='ocr_carea' id='block_1_75' title="bbox 486 4138 1982 4209">
    <p class='ocr_par' dir='ltr' id='par_1_75' title="bbox 486 4138 1982 4209">
     <span class='ocr_line' id='line_1_75' title="bbox 486 4138 1982 4209; baseline 0.001 -19"><span class='ocrx_word' id='word_1_588' title='bbox 486 4138 597 4209; x_wconf 70' lang='lat'><strong><em>(9.8)</em></strong></span> <span class='ocrx_word' id='word_1_589' title='bbox 633 4138 753 4209; x_wconf 16' lang='lat' dir='ltr'><strong><em>Alloc</em></strong></span> <span class='ocrx_word' id='word_1_590' title='bbox 801 4141 1095 4209; x_wconf 85' lang='lat' dir='ltr'><strong><em>jutlicnnle.</em></strong></span> <span class='ocrx_word' id='word_1_591' title='bbox 1159 4141 1345 4209; x_wconf 59' lang='lat' dir='ltr'><strong><em>erca</em></strong></span> <span class='ocrx_word' id='word_1_592' title='bbox 1395 4141 1560 4194; x_wconf 86' lang='lat' dir='ltr'><strong><em>editio</em></strong></span> <span class='ocrx_word' id='word_1_593' title='bbox 1613 4159 1626 4195; x_wconf 89' lang='lat'><strong><em>:</em></strong></span> <span class='ocrx_word' id='word_1_594' title='bbox 1689 4140 1982 4209; x_wconf 81' lang='grc' dir='ltr'><em>κρίναντας</em></span> 
     </span>
    </p>
   </div>
   <div class='ocr_carea' id='block_1_76' title="bbox 409 4207 1983 4278">
    <p class='ocr_par' dir='ltr' id='par_1_76' title="bbox 409 4207 1983 4278">
     <span class='ocr_line' id='line_1_76' title="bbox 409 4207 1983 4278; baseline 0.002 -16"><span class='ocrx_word' id='word_1_595' title='bbox 409 4208 589 4273; x_wconf 77' lang='grc' dir='ltr'><em>τοῦτο,</em></span> <span class='ocrx_word' id='word_1_596' title='bbox 632 4207 682 4262; x_wconf 91' lang='lat' dir='ltr'><strong><em>id</em></strong></span> <span class='ocrx_word' id='word_1_597' title='bbox 714 4207 817 4273; x_wconf 74' lang='lat' dir='ltr'><strong><em>est,</em></strong></span> <span class='ocrx_word' id='word_1_598' title='bbox 848 4210 1148 4278; x_wconf 85' lang='lat' dir='ltr'><strong><em>judicantes</em></strong></span> <span class='ocrx_word' id='word_1_599' title='bbox 1175 4213 1292 4263; x_wconf 90' lang='lat' dir='ltr'><strong><em>hoc.</em></strong></span> <span class='ocrx_word' id='word_1_600' title='bbox 1329 4208 1456 4263; x_wconf 88' lang='lat' dir='ltr'><strong><em>Post</em></strong></span> <span class='ocrx_word' id='word_1_601' title='bbox 1495 4226 1614 4278; x_wconf 64' lang='lat' dir='ltr'><strong><em>qua:</em></strong></span> <span class='ocrx_word' id='word_1_602' title='bbox 1656 4207 1818 4275; x_wconf 76' lang='lat' dir='ltr'><strong><em>verba</em></strong></span> <span class='ocrx_word' id='word_1_603' title='bbox 1847 4228 1983 4265; x_wconf 91' lang='lat' dir='ltr'><strong><em>uou-</em></strong></span> 
     </span>
    </p>
   </div>
   <div class='ocr_carea' id='block_1_77' title="bbox 414 4278 1626 4350">
    <p class='ocr_par' dir='ltr' id='par_1_77' title="bbox 414 4278 1626 4350">
     <span class='ocr_line' id='line_1_77' title="bbox 414 4278 1626 4350; baseline 0 -18"><span class='ocrx_word' id='word_1_604' title='bbox 414 4278 567 4350; x_wconf 78' lang='lat' dir='ltr'><strong><em>nulla</em></strong></span> <span class='ocrx_word' id='word_1_605' title='bbox 586 4288 918 4350; x_wconf 81' lang='lat' dir='ltr'><strong><em>sequuntur,</em></strong></span> <span class='ocrx_word' id='word_1_606' title='bbox 950 4286 1068 4350; x_wconf 65' lang='lat' dir='ltr'><strong><em>Quae</em></strong></span> <span class='ocrx_word' id='word_1_607' title='bbox 1112 4280 1626 4350; x_wconf 15' lang='lat' dir='ltr'><strong><em>omittitrDidymus.</em></strong></span> 
     </span>
    </p>
   </div>
   <div class='ocr_carea' id='block_1_78' title="bbox 507 4348 1366 4413">
    <p class='ocr_par' dir='ltr' id='par_1_78' title="bbox 507 4348 1366 4413">
     <span class='ocr_line' id='line_1_78' title="bbox 507 4348 1366 4413; baseline 0 -11"><span class='ocrx_word' id='word_1_608' title='bbox 507 4348 599 4413; x_wconf 62' lang='lat'><strong>29)</strong></span> <span class='ocrx_word' id='word_1_609' title='bbox 639 4348 921 4402; x_wconf 83' lang='lat' dir='ltr'><strong><em>Animalis.</em></strong></span> <span class='ocrx_word' id='word_1_610' title='bbox 966 4348 982 4404; x_wconf 90' lang='lat' dir='ltr'><strong><em>l</em></strong></span> <span class='ocrx_word' id='word_1_611' title='bbox 1023 4348 1149 4404; x_wconf 84' lang='lat' dir='ltr'><strong><em>Cor.</em></strong></span> <span class='ocrx_word' id='word_1_612' title='bbox 1186 4366 1247 4412; x_wconf 90' lang='grc' dir='ltr'><strong><em>ιι,</em></strong></span> <span class='ocrx_word' id='word_1_613' title='bbox 1279 4349 1366 4403; x_wconf 73' lang='grc'><strong>14.</strong></span> 
     </span>
    </p>
   </div>
   <div class='ocr_carea' id='block_1_79' title="bbox 507 4416 1787 4486">
    <p class='ocr_par' dir='ltr' id='par_1_79' title="bbox 507 4416 1787 4486">
     <span class='ocr_line' id='line_1_79' title="bbox 507 4416 1787 4486; baseline -0.001 -14"><span class='ocrx_word' id='word_1_614' title='bbox 507 4417 598 4482; x_wconf 77' lang='grc'><strong><em>50)</em></strong></span> <span class='ocrx_word' id='word_1_615' title='bbox 635 4416 1011 4474; x_wconf 71' lang='grc' dir='ltr'><em>ιΕηιιιΙαηιὲιιὶ.</em></span> <span class='ocrx_word' id='word_1_616' title='bbox 1039 4420 1054 4472; x_wconf 91' lang='grc' dir='ltr'><strong>Ι</strong></span> <span class='ocrx_word' id='word_1_617' title='bbox 1079 4420 1204 4475; x_wconf 87' lang='lat' dir='ltr'><strong><em>Cor.</em></strong></span> <span class='ocrx_word' id='word_1_618' title='bbox 1238 4434 1347 4486; x_wconf 79' lang='lat' dir='ltr'><strong><em>xlv,</em></strong></span> <span class='ocrx_word' id='word_1_619' title='bbox 1379 4419 1430 4472; x_wconf 86' lang='lat'><strong><em>1.</em></strong></span> <span class='ocrx_word' id='word_1_620' title='bbox 1784 4454 1787 4457; x_wconf 52' lang='grc' dir='ltr'>λ</span> 
     </span>
    </p>
   </div>
   <div class='ocr_carea' id='block_1_80' title="bbox 486 4486 1982 4558">
    <p class='ocr_par' dir='ltr' id='par_1_80' title="bbox 486 4486 1982 4558">
     <span class='ocr_line' id='line_1_80' title="bbox 486 4486 1982 4558; baseline -0.001 -17"><span class='ocrx_word' id='word_1_621' title='bbox 486 4486 599 4558; x_wconf 80' lang='grc'>(51)</span> <span class='ocrx_word' id='word_1_622' title='bbox 646 4486 851 4558; x_wconf 75' lang='lat' dir='ltr'><strong><em>Latfia.</em></strong></span> <span class='ocrx_word' id='word_1_623' title='bbox 894 4487 1339 4557; x_wconf 81' lang='lat' dir='ltr'><strong><em>Gloriﬁcationem</em></strong></span> <span class='ocrx_word' id='word_1_624' title='bbox 1392 4489 1523 4544; x_wconf 88' lang='lat' dir='ltr'><strong><em>dicit</em></strong></span> <span class='ocrx_word' id='word_1_625' title='bbox 1571 4488 1837 4558; x_wconf 62' lang='lat' dir='ltr'><strong><em>praecipue</em></strong></span> <span class='ocrx_word' id='word_1_626' title='bbox 1884 4488 1982 4558; x_wconf 84' lang='lat' dir='ltr'><strong><em>Ity-</em></strong></span> 
     </span>
    </p>
   </div>
   <div class='ocr_carea' id='block_1_81' title="bbox 414 4556 1982 4627">
    <p class='ocr_par' dir='ltr' id='par_1_81' title="bbox 414 4556 1982 4627">
     <span class='ocr_line' id='line_1_81' title="bbox 414 4556 1982 4627; baseline 0 -16"><span class='ocrx_word' id='word_1_627' title='bbox 414 4556 622 4622; x_wconf 86' lang='lat' dir='ltr'><strong><em>mnum,</em></strong></span> <span class='ocrx_word' id='word_1_628' title='bbox 666 4556 849 4611; x_wconf 82' lang='lat' dir='ltr'><strong><em>Gloria</em></strong></span> <span class='ocrx_word' id='word_1_629' title='bbox 882 4556 1057 4625; x_wconf 85' lang='lat' dir='ltr'><strong><em>Patri,</em></strong></span> <span class='ocrx_word' id='word_1_630' title='bbox 1096 4571 1149 4614; x_wconf 86' lang='lat' dir='ltr'><strong><em>et</em></strong></span> <span class='ocrx_word' id='word_1_631' title='bbox 1200 4560 1426 4627; x_wconf 83' lang='lat' dir='ltr'><strong><em>reliqua.</em></strong></span> <span class='ocrx_word' id='word_1_632' title='bbox 1478 4556 1814 4612; x_wconf 76' lang='lat' dir='ltr'><strong><em>Incruentam</em></strong></span> <span class='ocrx_word' id='word_1_633' title='bbox 1853 4556 1982 4611; x_wconf 81' lang='lat' dir='ltr'><strong><em>vero</em></strong></span> 
     </span>
    </p>
   </div>
   <div class='ocr_carea' id='block_1_82' title="bbox 412 4628 1981 4698">
    <p class='ocr_par' dir='ltr' id='par_1_82' title="bbox 412 4628 1981 4698">
     <span class='ocr_line' id='line_1_82' title="bbox 412 4628 1981 4698; baseline 0 -17"><span class='ocrx_word' id='word_1_634' title='bbox 412 4629 646 4694; x_wconf 83' lang='lat' dir='ltr'><strong><em>latriam,</em></strong></span> <span class='ocrx_word' id='word_1_635' title='bbox 679 4643 770 4680; x_wconf 90' lang='lat' dir='ltr'><strong><em>seu</em></strong></span> <span class='ocrx_word' id='word_1_636' title='bbox 798 4628 1025 4693; x_wconf 88' lang='lat' dir='ltr'><strong><em>cultum,</em></strong></span> <span class='ocrx_word' id='word_1_637' title='bbox 1071 4638 1469 4684; x_wconf 82' lang='lat' dir='ltr'><strong><em>sacrosanctam</em></strong></span> <span class='ocrx_word' id='word_1_638' title='bbox 1503 4629 1775 4698; x_wconf 87' lang='lat' dir='ltr'><strong><em>liturgiam</em></strong></span> <span class='ocrx_word' id='word_1_639' title='bbox 1812 4629 1981 4698; x_wconf 82' lang='lat' dir='ltr'><strong><em>inter-</em></strong></span> 
     </span>
    </p>
   </div>
   <div class='ocr_carea' id='block_1_83' title="bbox 411 4695 1981 4769">
    <p class='ocr_par' dir='ltr' id='par_1_83' title="bbox 411 4695 1981 4769">
     <span class='ocr_line' id='line_1_83' title="bbox 411 4695 1981 4769; baseline 0 -18"><span class='ocrx_word' id='word_1_640' title='bbox 411 4708 599 4769; x_wconf 84' lang='lat' dir='ltr'><strong><em>pretor</em></strong></span> <span class='ocrx_word' id='word_1_641' title='bbox 629 4716 644 4752; x_wconf 91' lang='lat'><strong>:</strong></span> <span class='ocrx_word' id='word_1_642' title='bbox 681 4699 757 4752; x_wconf 88' lang='lat' dir='ltr'><strong><em>sic</em></strong></span> <span class='ocrx_word' id='word_1_643' title='bbox 784 4698 928 4751; x_wconf 87' lang='lat' dir='ltr'><strong><em>enim</em></strong></span> <span class='ocrx_word' id='word_1_644' title='bbox 963 4715 1083 4754; x_wconf 90' lang='lat' dir='ltr'><strong><em>eam</em></strong></span> <span class='ocrx_word' id='word_1_645' title='bbox 1126 4709 1282 4755; x_wconf 79' lang='lat' dir='ltr'><strong><em>vocat</em></strong></span> <span class='ocrx_word' id='word_1_646' title='bbox 1312 4698 1545 4769; x_wconf 81' lang='lat' dir='ltr'><strong><em>Cyrillus</em></strong></span> <span class='ocrx_word' id='word_1_647' title='bbox 1582 4695 1795 4766; x_wconf 75' lang='lat' dir='ltr'><strong><em>quoque</em></strong></span> <span class='ocrx_word' id='word_1_648' title='bbox 1821 4695 1981 4769; x_wconf 58' lang='lat' dir='ltr'><strong><em>dero-</em></strong></span> 
     </span>
    </p>
   </div>
   <div class='ocr_carea' id='block_1_84' title="bbox 412 4766 1982 4839">
    <p class='ocr_par' dir='ltr' id='par_1_84' title="bbox 412 4766 1982 4839">
     <span class='ocr_line' id='line_1_84' title="bbox 412 4766 1982 4839; baseline -0.002 -18"><span class='ocrx_word' id='word_1_649' title='bbox 412 4766 765 4839; x_wconf 59' lang='lat' dir='ltr'><strong><em>Solymitanus</em></strong></span> <span class='ocrx_word' id='word_1_650' title='bbox 791 4769 1000 4839; x_wconf 79' lang='lat' dir='ltr'><strong><em>cateeh.</em></strong></span> <span class='ocrx_word' id='word_1_651' title='bbox 1028 4784 1185 4833; x_wconf 67' lang='grc' dir='ltr'><em>χχιιι,</em></span> <span class='ocrx_word' id='word_1_652' title='bbox 1216 4766 1441 4839; x_wconf 68' lang='grc' dir='ltr'><strong><em>ηιιιιιξδ.</em></strong></span> <span class='ocrx_word' id='word_1_653' title='bbox 1475 4769 1589 4839; x_wconf 87' lang='lat' dir='ltr'><strong><em>Ipse</em></strong></span> <span class='ocrx_word' id='word_1_654' title='bbox 1611 4781 1788 4839; x_wconf 84' lang='lat' dir='ltr'><strong><em>autem</em></strong></span> <span class='ocrx_word' id='word_1_655' title='bbox 1820 4766 1982 4837; x_wconf 58' lang='lat' dir='ltr'><strong><em>Didy.</em></strong></span> 
     </span>
    </p>
   </div>
   <div class='ocr_carea' id='block_1_85' title="bbox 413 4837 1978 4907">
    <p class='ocr_par' dir='ltr' id='par_1_85' title="bbox 413 4837 1978 4907">
     <span class='ocr_line' id='line_1_85' title="bbox 413 4837 1978 4907; baseline 0.001 -20"><span class='ocrx_word' id='word_1_656' title='bbox 413 4837 534 4907; x_wconf 76' lang='lat' dir='ltr'><strong><em>mus</em></strong></span> <span class='ocrx_word' id='word_1_657' title='bbox 564 4849 841 4905; x_wconf 79' lang='lat' dir='ltr'><strong><em>segmento</em></strong></span> <span class='ocrx_word' id='word_1_658' title='bbox 872 4837 940 4892; x_wconf 64' lang='lat'><strong><em>99</em></strong></span> <span class='ocrx_word' id='word_1_659' title='bbox 967 4857 1022 4903; x_wconf 91' lang='lat' dir='ltr'><strong><em>a,</em></strong></span> <span class='ocrx_word' id='word_1_660' title='bbox 1055 4850 1126 4904; x_wconf 91' lang='lat' dir='ltr'><strong><em>et,</em></strong></span> <span class='ocrx_word' id='word_1_661' title='bbox 1159 4841 1299 4907; x_wconf 89' lang='lat' dir='ltr'><strong><em>quod</em></strong></span> <span class='ocrx_word' id='word_1_662' title='bbox 1346 4837 1512 4907; x_wconf 84' lang='lat' dir='ltr'><strong><em>pluris</em></strong></span> <span class='ocrx_word' id='word_1_663' title='bbox 1538 4838 1842 4891; x_wconf 77' lang='lat' dir='ltr'><strong><em>faciendqu</em></strong></span> <span class='ocrx_word' id='word_1_664' title='bbox 1873 4846 1978 4900; x_wconf 88' lang='lat' dir='ltr'><strong><em>est,</em></strong></span> 
     </span>
    </p>
   </div>
   <div class='ocr_carea' id='block_1_86' title="bbox 412 4905 1982 4976">
    <p class='ocr_par' dir='ltr' id='par_1_86' title="bbox 412 4905 1982 4976">
     <span class='ocr_line' id='line_1_86' title="bbox 412 4905 1982 4976; baseline 0.001 -17"><span class='ocrx_word' id='word_1_665' title='bbox 412 4905 677 4975; x_wconf 85' lang='lat' dir='ltr'><strong><em>Ephesina</em></strong></span> <span class='ocrx_word' id='word_1_666' title='bbox 727 4908 961 4976; x_wconf 85' lang='lat' dir='ltr'><strong><em>synodus</em></strong></span> <span class='ocrx_word' id='word_1_667' title='bbox 991 4905 1320 4963; x_wconf 72' lang='lat' dir='ltr'><strong><em>meumenica</em></strong></span> <span class='ocrx_word' id='word_1_668' title='bbox 1348 4905 1539 4961; x_wconf 36' lang='lat' dir='ltr'><strong><em>&#39;anath.</em></strong></span> <span class='ocrx_word' id='word_1_669' title='bbox 1571 4923 1647 4968; x_wconf 69' lang='lat' dir='ltr'><strong><em>XI,</em></strong></span> <span class='ocrx_word' id='word_1_670' title='bbox 1676 4922 1791 4961; x_wconf 86' lang='lat' dir='ltr'><strong><em>eam</em></strong></span> <span class='ocrx_word' id='word_1_671' title='bbox 1827 4916 1982 4960; x_wconf 85' lang='lat' dir='ltr'><strong><em>vocat</em></strong></span> 
     </span>
    </p>
   </div>
   <div class='ocr_carea' id='block_1_87' title="bbox 411 4976 1977 5051">
    <p class='ocr_par' dir='ltr' id='par_1_87' title="bbox 411 4976 1977 5051">
     <span class='ocr_line' id='line_1_87' title="bbox 411 4976 1977 5051; baseline 0 -23"><span class='ocrx_word' id='word_1_672' title='bbox 411 4977 745 5051; x_wconf 61' lang='grc' dir='ltr'><em>αναίμακτον</em></span> <span class='ocrx_word' id='word_1_673' title='bbox 774 4976 985 5051; x_wconf 65' lang='grc' dir='ltr'><em>θῦσίαν,</em></span> <span class='ocrx_word' id='word_1_674' title='bbox 1033 4978 1085 5032; x_wconf 91' lang='lat' dir='ltr'><strong><em>id</em></strong></span> <span class='ocrx_word' id='word_1_675' title='bbox 1124 4979 1591 5051; x_wconf 71' lang='lat' dir='ltr'><strong><em>est,_incruentum</em></strong></span> <span class='ocrx_word' id='word_1_676' title='bbox 1635 4976 1977 5051; x_wconf 76' lang='lat' dir='ltr'><strong><em>sacriﬁcium.</em></strong></span> 
     </span>
    </p>
   </div>
   <div class='ocr_carea' id='block_1_88' title="bbox 412 5048 1976 5113">
    <p class='ocr_par' dir='ltr' id='par_1_88' title="bbox 412 5048 1976 5113">
     <span class='ocr_line' id='line_1_88' title="bbox 412 5048 1976 5113; baseline -0.001 -15"><span class='ocrx_word' id='word_1_677' title='bbox 412 5048 613 5098; x_wconf 60' lang='lat' dir='ltr'><strong><em>Latria:</em></strong></span> <span class='ocrx_word' id='word_1_678' title='bbox 634 5061 782 5109; x_wconf 81' lang='lat' dir='ltr'><strong><em>vero,</em></strong></span> <span class='ocrx_word' id='word_1_679' title='bbox 821 5048 872 5100; x_wconf 89' lang='lat' dir='ltr'><strong><em>id</em></strong></span> <span class='ocrx_word' id='word_1_680' title='bbox 891 5059 993 5111; x_wconf 86' lang='lat' dir='ltr'><strong><em>est,</em></strong></span> <span class='ocrx_word' id='word_1_681' title='bbox 1020 5049 1302 5113; x_wconf 85' lang='lat' dir='ltr'><strong><em>servitutis,</em></strong></span> <span class='ocrx_word' id='word_1_682' title='bbox 1330 5059 1423 5099; x_wconf 88' lang='lat' dir='ltr'><strong><em>aut</em></strong></span> <span class='ocrx_word' id='word_1_683' title='bbox 1451 5051 1620 5099; x_wconf 86' lang='lat' dir='ltr'><strong><em>cultus</em></strong></span> <span class='ocrx_word' id='word_1_684' title='bbox 1649 5050 1863 5099; x_wconf 81' lang='lat' dir='ltr'><strong><em>nomine</em></strong></span> <span class='ocrx_word' id='word_1_685' title='bbox 1891 5063 1976 5097; x_wconf 86' lang='lat' dir='ltr'><strong><em>sa-</em></strong></span> 
     </span>
    </p>
   </div>
   <div class='ocr_carea' id='block_1_89' title="bbox 411 5114 1979 5187">
    <p class='ocr_par' dir='ltr' id='par_1_89' title="bbox 411 5114 1979 5187">
     <span class='ocr_line' id='line_1_89' title="bbox 411 5114 1979 5187; baseline 0 -20"><span class='ocrx_word' id='word_1_686' title='bbox 411 5115 668 5179; x_wconf 82' lang='lat' dir='ltr'><strong><em>criﬁcium</em></strong></span> <span class='ocrx_word' id='word_1_687' title='bbox 692 5118 855 5187; x_wconf 81' lang='lat' dir='ltr'><strong><em>etiam</em></strong></span> <span class='ocrx_word' id='word_1_688' title='bbox 885 5120 1151 5187; x_wconf 82' lang='lat' dir='ltr'><strong><em>designari</em></strong></span> <span class='ocrx_word' id='word_1_689' title='bbox 1180 5134 1302 5172; x_wconf 89' lang='lat' dir='ltr'><strong><em>eum</em></strong></span> <span class='ocrx_word' id='word_1_690' title='bbox 1336 5119 1387 5171; x_wconf 89' lang='lat' dir='ltr'><strong><em>in</em></strong></span> <span class='ocrx_word' id='word_1_691' title='bbox 1417 5115 1622 5177; x_wconf 86' lang='lat' dir='ltr'><strong><em>Bthiis.</em></strong></span> <span class='ocrx_word' id='word_1_692' title='bbox 1654 5127 1762 5169; x_wconf 92' lang='lat' dir='ltr'><strong><em>tum</em></strong></span> <span class='ocrx_word' id='word_1_693' title='bbox 1790 5117 1839 5187; x_wconf 88' lang='lat' dir='ltr'><strong><em>in</em></strong></span> <span class='ocrx_word' id='word_1_694' title='bbox 1873 5114 1979 5167; x_wconf 79' lang='lat' dir='ltr'><strong><em>Pa-</em></strong></span> 
     </span>
    </p>
   </div>
   <div class='ocr_carea' id='block_1_90' title="bbox 419 5185 1977 5257">
    <p class='ocr_par' dir='ltr' id='par_1_90' title="bbox 419 5185 1977 5257">
     <span class='ocr_line' id='line_1_90' title="bbox 419 5185 1977 5257; baseline 0.001 -21"><span class='ocrx_word' id='word_1_695' title='bbox 419 5185 836 5257; x_wconf 33' lang='lat' dir='ltr'><strong><em>trum‘seriptis,</em></strong></span> <span class='ocrx_word' id='word_1_696' title='bbox 871 5185 1066 5241; x_wconf 73' lang='lat' dir='ltr'><strong><em>norunt</em></strong></span> <span class='ocrx_word' id='word_1_697' title='bbox 1096 5187 1351 5257; x_wconf 77' lang='lat' dir='ltr'><strong><em>theologi.</em></strong></span> <span class='ocrx_word' id='word_1_698' title='bbox 1398 5188 1512 5253; x_wconf 82' lang='lat' dir='ltr'><strong><em>Qua</em></strong></span> <span class='ocrx_word' id='word_1_699' title='bbox 1548 5189 1611 5240; x_wconf 87' lang='lat' dir='ltr'><strong><em>de</em></strong></span> <span class='ocrx_word' id='word_1_700' title='bbox 1634 5201 1797 5240; x_wconf 85' lang='lat' dir='ltr'><strong><em>causa</em></strong></span> <span class='ocrx_word' id='word_1_701' title='bbox 1834 5186 1977 5257; x_wconf 86' lang='lat' dir='ltr'><strong><em>ipso-</em></strong></span> 
     </span>
    </p>
   </div>
   <div class='ocr_carea' id='block_1_91' title="bbox 413 5252 1978 5327">
    <p class='ocr_par' dir='ltr' id='par_1_91' title="bbox 413 5252 1978 5327">
     <span class='ocr_line' id='line_1_91' title="bbox 413 5252 1978 5327; baseline -0.002 -19"><span class='ocrx_word' id='word_1_702' title='bbox 413 5267 534 5327; x_wconf 74' lang='lat' dir='ltr'><strong><em>rum</em></strong></span> <span class='ocrx_word' id='word_1_703' title='bbox 571 5252 787 5327; x_wconf 56' lang='lat' dir='ltr'><strong><em>Patrum</em></strong></span> <span class='ocrx_word' id='word_1_704' title='bbox 826 5258 1063 5310; x_wconf 88' lang='lat' dir='ltr'><strong><em>nonnulli</em></strong></span> <span class='ocrx_word' id='word_1_705' title='bbox 1100 5252 1333 5321; x_wconf 69' lang='lat' dir='ltr'><strong><em>Jutlteos,</em></strong></span> <span class='ocrx_word' id='word_1_706' title='bbox 1360 5252 1470 5325; x_wconf 83' lang='lat' dir='ltr'><strong><em>jam</em></strong></span> <span class='ocrx_word' id='word_1_707' title='bbox 1502 5258 1638 5327; x_wconf 82' lang='grc' dir='ltr'><em>μήτε</em></span> <span class='ocrx_word' id='word_1_708' title='bbox 1671 5256 1978 5327; x_wconf 77' lang='grc' dir='ltr'><em>προφήτας,</em></span> 
     </span>
    </p>
   </div>
   <div class='ocr_carea' id='block_1_92' title="bbox 415 5322 1980 5403">
    <p class='ocr_par' dir='ltr' id='par_1_92' title="bbox 415 5322 1980 5403">
     <span class='ocr_line' id='line_1_92' title="bbox 415 5322 1980 5403; baseline 0.001 -28"><span class='ocrx_word' id='word_1_709' title='bbox 415 5324 553 5403; x_wconf 69' lang='grc' dir='ltr'><em>μήτε</em></span> <span class='ocrx_word' id='word_1_710' title='bbox 590 5322 865 5395; x_wconf 81' lang='grc' dir='ltr'><em>λατρείαν,</em></span> <span class='ocrx_word' id='word_1_711' title='bbox 910 5327 1108 5403; x_wconf 68' lang='lat' dir='ltr'><strong><em>idest,</em></strong></span> <span class='ocrx_word' id='word_1_712' title='bbox 1156 5343 1316 5403; x_wconf 78' lang='lat' dir='ltr'><strong><em>neque</em></strong></span> <span class='ocrx_word' id='word_1_713' title='bbox 1344 5322 1621 5403; x_wconf 61' lang='lat' dir='ltr'><strong><em>prophetas</em></strong></span> <span class='ocrx_word' id='word_1_714' title='bbox 1643 5365 1657 5388; x_wconf 89' lang='lat'><strong><em>,</em></strong></span> <span class='ocrx_word' id='word_1_715' title='bbox 1706 5322 1867 5403; x_wconf 41' lang='lat' dir='ltr'><strong><em>atque</em></strong></span> <span class='ocrx_word' id='word_1_716' title='bbox 1899 5325 1980 5376; x_wconf 81' lang='lat' dir='ltr'><strong><em>la-</em></strong></span> 
     </span>
    </p>
   </div>
   <div class='ocr_carea' id='block_1_93' title="bbox 412 5395 1977 5463">
    <p class='ocr_par' dir='ltr' id='par_1_93' title="bbox 412 5395 1977 5463">
     <span class='ocr_line' id='line_1_93' title="bbox 412 5395 1977 5463; baseline -0.001 -16"><span class='ocrx_word' id='word_1_717' title='bbox 412 5395 595 5458; x_wconf 78' lang='lat' dir='ltr'><strong><em>triam,</em></strong></span> <span class='ocrx_word' id='word_1_718' title='bbox 633 5410 824 5459; x_wconf 84' lang='lat' dir='ltr'><strong><em>nempe</em></strong></span> <span class='ocrx_word' id='word_1_719' title='bbox 850 5396 1190 5463; x_wconf 82' lang='lat' dir='ltr'><strong><em>sacri/icium,</em></strong></span> <span class='ocrx_word' id='word_1_720' title='bbox 1218 5398 1406 5449; x_wconf 88' lang='lat' dir='ltr'><strong><em>habere</em></strong></span> <span class='ocrx_word' id='word_1_721' title='bbox 1433 5396 1724 5449; x_wconf 86' lang='lat' dir='ltr'><strong><em>allirtuant.</em></strong></span> <span class='ocrx_word' id='word_1_722' title='bbox 1760 5395 1977 5448; x_wconf 86' lang='lat' dir='ltr'><strong><em>Utram-</em></strong></span> 
     </span>
    </p>
   </div>
   <div class='ocr_carea' id='block_1_94' title="bbox 411 5465 1974 5585">
    <p class='ocr_par' dir='ltr' id='par_1_94' title="bbox 411 5465 1974 5585">
     <span class='ocr_line' id='line_1_94' title="bbox 411 5465 1974 5585; baseline -0.001 -68"><span class='ocrx_word' id='word_1_723' title='bbox 411 5477 701 5585; x_wconf 59' lang='lat' dir='ltr'><strong><em>queiiorro</em></strong></span> <span class='ocrx_word' id='word_1_724' title='bbox 724 5465 883 5518; x_wconf 89' lang='lat' dir='ltr'><strong><em>simul</em></strong></span> <span class='ocrx_word' id='word_1_725' title='bbox 912 5467 1322 5533; x_wconf 78' lang='lat' dir='ltr'><strong><em>appellationem</em></strong></span> <span class='ocrx_word' id='word_1_726' title='bbox 1346 5467 1578 5536; x_wconf 72' lang='lat' dir='ltr'><strong><em>iungens</em></strong></span> <span class='ocrx_word' id='word_1_727' title='bbox 1603 5467 1974 5532; x_wconf 82' lang='lat' dir='ltr'><strong><em>Athenagoras</em></strong></span> 
     </span>
     <span class='ocr_line' id='line_1_95' title="bbox 411 5531 1974 5585; baseline 0 0"><span class='ocrx_word' id='word_1_728' title='bbox 411 5531 467 5585; x_wconf 85' lang='lat' dir='ltr'><strong><em>in</em></strong></span> <span class='ocrx_word' id='word_1_729' title='bbox 561 5534 816 5585; x_wconf 74' lang='lat' dir='ltr'><strong><em>cautione.</em></strong></span> <span class='ocrx_word' id='word_1_730' title='bbox 863 5551 1010 5585; x_wconf 89' lang='lat' dir='ltr'><strong><em>uum.</em></strong></span> <span class='ocrx_word' id='word_1_731' title='bbox 1044 5536 1152 5585; x_wconf 76' lang='lat'><strong><em>15:</em></strong></span> <span class='ocrx_word' id='word_1_732' title='bbox 1192 5535 1528 5585; x_wconf 77' lang='lat' dir='ltr'><strong><em>[lnoccoéo&#39;ew</em></strong></span> <span class='ocrx_word' id='word_1_733' title='bbox 1565 5536 1680 5585; x_wconf 79' lang='grc' dir='ltr'><em>δέον</em></span> <span class='ocrx_word' id='word_1_734' title='bbox 1720 5532 1974 5585; x_wconf 80' lang='lat' dir='ltr'><strong><em>(induit)</em></strong></span> 
     </span>
    </p>
   </div>
   <div class='ocr_carea' id='block_1_95' title="bbox 410 5531 1975 5605">
    <p class='ocr_par' dir='ltr' id='par_1_95' title="bbox 410 5531 1975 5605">
     <span class='ocr_line' id='line_1_96' title="bbox 410 5531 1975 5605; baseline -0.002 -18"><span class='ocrx_word' id='word_1_735' title='bbox 410 5531 467 5605; x_wconf 71' lang='lat' dir='ltr'><strong><em>in</em></strong></span> <span class='ocrx_word' id='word_1_736' title='bbox 515 5531 816 5605; x_wconf 67' lang='lat' dir='ltr'><strong><em>Legatione,</em></strong></span> <span class='ocrx_word' id='word_1_737' title='bbox 863 5531 1010 5605; x_wconf 83' lang='lat' dir='ltr'><strong><em>unm.</em></strong></span> <span class='ocrx_word' id='word_1_738' title='bbox 1044 5536 1152 5590; x_wconf 76' lang='lat'><strong><em>15:</em></strong></span> <span class='ocrx_word' id='word_1_739' title='bbox 1192 5531 1528 5605; x_wconf 72' lang='lat' dir='ltr'><strong><em>Ilpoccpép&#39;éw</em></strong></span> <span class='ocrx_word' id='word_1_740' title='bbox 1565 5536 1680 5589; x_wconf 79' lang='grc' dir='ltr'><strong><em>δέον</em></strong></span> <span class='ocrx_word' id='word_1_741' title='bbox 1720 5531 1975 5605; x_wconf 74' lang='lat' dir='ltr'><strong><em>(inquit)</em></strong></span> 
     </span>
    </p>
   </div>
   <div class='ocr_carea' id='block_1_96' title="bbox 411 5596 1978 5676">
    <p class='ocr_par' dir='ltr' id='par_1_96' title="bbox 411 5596 1978 5676">
     <span class='ocr_line' id='line_1_97' title="bbox 411 5596 1978 5676; baseline -0.001 -20"><span class='ocrx_word' id='word_1_742' title='bbox 411 5596 747 5676; x_wconf 74' lang='grc' dir='ltr'><em>ἀναίμακτον</em></span> <span class='ocrx_word' id='word_1_743' title='bbox 774 5596 984 5668; x_wconf 77' lang='grc' dir='ltr'><em>θυσίαν,</em></span> <span class='ocrx_word' id='word_1_744' title='bbox 1022 5606 1117 5659; x_wconf 69' lang='grc' dir='ltr'><strong><em>καὶ</em></strong></span> <span class='ocrx_word' id='word_1_745' title='bbox 1144 5596 1259 5675; x_wconf 71' lang='grc' dir='ltr'><em>τῆν’</em></span> <span class='ocrx_word' id='word_1_746' title='bbox 1282 5596 1504 5675; x_wconf 63' lang='grc' dir='ltr'>λογιᾶιὴν</span> <span class='ocrx_word' id='word_1_747' title='bbox 1549 5596 1849 5676; x_wconf 71' lang='grc' dir='ltr'><em>προσάγειν</em></span> <span class='ocrx_word' id='word_1_748' title='bbox 1885 5596 1978 5655; x_wconf 58' lang='grc' dir='ltr'>λαέ</span> 
     </span>
    </p>
   </div>
   <div class='ocr_carea' id='block_1_97' title="bbox 410 5671 1977 5741">
    <p class='ocr_par' dir='ltr' id='par_1_97' title="bbox 410 5671 1977 5741">
     <span class='ocr_line' id='line_1_98' title="bbox 410 5671 1977 5741; baseline -0.001 -15"><span class='ocrx_word' id='word_1_749' title='bbox 410 5671 618 5741; x_wconf 59' lang='lat' dir='ltr'><strong><em>ipsimi,</em></strong></span> <span class='ocrx_word' id='word_1_750' title='bbox 647 5675 698 5730; x_wconf 84' lang='lat' dir='ltr'><strong><em>id</em></strong></span> <span class='ocrx_word' id='word_1_751' title='bbox 723 5683 831 5740; x_wconf 82' lang='lat' dir='ltr'><strong><em>est,</em></strong></span> <span class='ocrx_word' id='word_1_752' title='bbox 860 5690 977 5728; x_wconf 85' lang='lat' dir='ltr'><strong><em>cum</em></strong></span> <span class='ocrx_word' id='word_1_753' title='bbox 1009 5671 1337 5729; x_wconf 80' lang='lat' dir='ltr'><strong><em>incruentam</em></strong></span> <span class='ocrx_word' id='word_1_754' title='bbox 1364 5671 1641 5737; x_wconf 80' lang='lat' dir='ltr'><strong><em>victimam,</em></strong></span> <span class='ocrx_word' id='word_1_755' title='bbox 1672 5686 1717 5727; x_wconf 82' lang='lat' dir='ltr'><strong><em>ct</em></strong></span> <span class='ocrx_word' id='word_1_756' title='bbox 1742 5671 1977 5727; x_wconf 83' lang='lat' dir='ltr'><strong><em>rationa-</em></strong></span> 
     </span>
    </p>
   </div>
   <div class='ocr_carea' id='block_1_98' title="bbox 415 5741 1972 5819">
    <p class='ocr_par' dir='ltr' id='par_1_98' title="bbox 415 5741 1972 5819">
     <span class='ocr_line' id='line_1_99' title="bbox 415 5741 1972 5819; baseline 0.001 -24"><span class='ocrx_word' id='word_1_757' title='bbox 415 5741 517 5797; x_wconf 82' lang='lat' dir='ltr'><strong><em>lem</em></strong></span> <span class='ocrx_word' id='word_1_758' title='bbox 550 5742 791 5819; x_wconf 70' lang='lat' dir='ltr'><strong><em>laniant,</em></strong></span> <span class='ocrx_word' id='word_1_759' title='bbox 817 5761 905 5802; x_wconf 81' lang='lat' dir='ltr'><strong><em>seu</em></strong></span> <span class='ocrx_word' id='word_1_760' title='bbox 946 5745 1140 5802; x_wconf 83' lang='lat' dir='ltr'><strong><em>cultum</em></strong></span> <span class='ocrx_word' id='word_1_761' title='bbox 1177 5746 1369 5816; x_wconf 60' lang='lat' dir='ltr'><strong><em>vierre</em></strong></span> <span class='ocrx_word' id='word_1_762' title='bbox 1397 5754 1648 5814; x_wconf 76' lang='lat' dir='ltr'><strong><em>Oporteat.</em></strong></span> <span class='ocrx_word' id='word_1_763' title='bbox 1681 5744 1852 5813; x_wconf 76' lang='lat' dir='ltr'><strong><em>Quum</em></strong></span> <span class='ocrx_word' id='word_1_764' title='bbox 1887 5743 1972 5797; x_wconf 88' lang='lat' dir='ltr'><strong><em>iu-</em></strong></span> 
     </span>
    </p>
   </div>
   <div class='ocr_carea' id='block_1_99' title="bbox 2105 3224 3623 3295">
    <p class='ocr_par' dir='ltr' id='par_1_99' title="bbox 2105 3224 3623 3295">
     <span class='ocr_line' id='line_1_100' title="bbox 2105 3224 3623 3295; baseline -0.003 -12"><span class='ocrx_word' id='word_1_765' title='bbox 2105 3227 2368 3293; x_wconf 84' lang='grc' dir='ltr'><em>Ἰουδαίῳ</em></span> <span class='ocrx_word' id='word_1_766' title='bbox 2417 3244 2481 3281; x_wconf 89' lang='grc' dir='ltr'><strong><em>τε</em></strong></span> <span class='ocrx_word' id='word_1_767' title='bbox 2524 3224 2777 3295; x_wconf 84' lang='grc' dir='ltr'><em>πρῶτον,</em></span> <span class='ocrx_word' id='word_1_768' title='bbox 2823 3227 2921 3280; x_wconf 79' lang='grc' dir='ltr'><em>καὶ</em></span> <span class='ocrx_word' id='word_1_769' title='bbox 2970 3227 3248 3294; x_wconf 60' lang='lat' dir='ltr'><strong><em>&quot;Ellum.</em></strong></span> <span class='ocrx_word' id='word_1_770' title='bbox 3305 3226 3623 3291; x_wconf 82' lang='grc' dir='ltr'><em>Δικαιοσύνη</em></span> 
     </span>
    </p>
   </div>
   <div class='ocr_carea' id='block_1_100' title="bbox 2089 3316 3626 3389">
    <p class='ocr_par' dir='ltr' id='par_1_100' title="bbox 2089 3316 3626 3389">
     <span class='ocr_line' id='line_1_101' title="bbox 2089 3316 3626 3389; baseline -0.003 -16"><span class='ocrx_word' id='word_1_771' title='bbox 2089 3321 2201 3389; x_wconf 80' lang='grc' dir='ltr'><strong><em>τὰρ</em></strong></span> <span class='ocrx_word' id='word_1_772' title='bbox 2233 3319 2379 3373; x_wconf 89' lang='grc' dir='ltr'><em>Θεοῦ</em></span> <span class='ocrx_word' id='word_1_773' title='bbox 2417 3319 2485 3372; x_wconf 82' lang='grc' dir='ltr'><em>ἐν</em></span> <span class='ocrx_word' id='word_1_774' title='bbox 2524 3316 2685 3383; x_wconf 85' lang='grc' dir='ltr'><em>αύτῷ</em></span> <span class='ocrx_word' id='word_1_775' title='bbox 2712 3319 3189 3373; x_wconf 77' lang='grc' dir='ltr'><em>ἀποκαλύπτεται</em></span> <span class='ocrx_word' id='word_1_776' title='bbox 3210 3333 3223 3347; x_wconf 91' lang='grc'><strong>·</strong></span> <span class='ocrx_word' id='word_1_777' title='bbox 3259 3321 3295 3371; x_wconf 81' lang='grc' dir='ltr'>ό</span> <span class='ocrx_word' id='word_1_778' title='bbox 3336 3317 3404 3371; x_wconf 79' lang='grc' dir='ltr'><strong><em>δὲ</em></strong></span> <span class='ocrx_word' id='word_1_779' title='bbox 3436 3316 3626 3382; x_wconf 79' lang='grc' dir='ltr'><em>δίκαιος</em></span> 
     </span>
    </p>
   </div>
   <div class='ocr_carea' id='block_1_101' title="bbox 2090 3405 3623 3478">
    <p class='ocr_par' dir='ltr' id='par_1_101' title="bbox 2090 3405 3623 3478">
     <span class='ocr_line' id='line_1_102' title="bbox 2090 3405 3623 3478; baseline -0.005 -15"><span class='ocrx_word' id='word_1_780' title='bbox 2090 3411 2158 3463; x_wconf 80' lang='grc' dir='ltr'><strong><em>ἐκ</em></strong></span> <span class='ocrx_word' id='word_1_781' title='bbox 2205 3410 2462 3475; x_wconf 84' lang='grc' dir='ltr'><em>πίστεως</em></span> <span class='ocrx_word' id='word_1_782' title='bbox 2501 3405 2775 3476; x_wconf 78' lang='grc' dir='ltr'><em>ζήσεται·</em></span> <span class='ocrx_word' id='word_1_783' title='bbox 2810 3410 2903 3462; x_wconf 82' lang='grc' dir='ltr'><strong><em>καὶ</em></strong></span> <span class='ocrx_word' id='word_1_784' title='bbox 2934 3407 3238 3478; x_wconf 81' lang='grc' dir='ltr'><em>Κορινθίοις</em></span> <span class='ocrx_word' id='word_1_785' title='bbox 3282 3408 3343 3460; x_wconf 81' lang='grc' dir='ltr'><em>τὸ</em></span> <span class='ocrx_word' id='word_1_786' title='bbox 3386 3405 3623 3477; x_wconf 63' lang='grc' dir='ltr'><em>δεύτερον</em></span> 
     </span>
    </p>
   </div>
   <div class='ocr_carea' id='block_1_102' title="bbox 2093 3494 3629 3568">
    <p class='ocr_par' dir='ltr' id='par_1_102' title="bbox 2093 3494 3629 3568">
     <span class='ocr_line' id='line_1_103' title="bbox 2093 3494 3629 3568; baseline -0.003 -14"><span class='ocrx_word' id='word_1_787' title='bbox 2093 3501 2221 3554; x_wconf 82' lang='grc' dir='ltr'><em>Ὀτι</em></span> <span class='ocrx_word' id='word_1_788' title='bbox 2242 3499 2469 3567; x_wconf 80' lang='grc' dir='ltr'><em>δωρεὰν</em></span> <span class='ocrx_word' id='word_1_789' title='bbox 2495 3499 2560 3551; x_wconf 81' lang='grc' dir='ltr'><em>τὸ</em></span> <span class='ocrx_word' id='word_1_790' title='bbox 2580 3498 2684 3552; x_wconf 89' lang='grc' dir='ltr'><strong><em>τοῦ</em></strong></span> <span class='ocrx_word' id='word_1_791' title='bbox 2710 3499 2857 3552; x_wconf 88' lang='grc' dir='ltr'><em>Θεοῦ</em></span> <span class='ocrx_word' id='word_1_792' title='bbox 2888 3496 3250 3568; x_wconf 52' lang='lat' dir='ltr'><strong><em>Eiram-exmi-</em></strong></span> <span class='ocrx_word' id='word_1_793' title='bbox 3278 3494 3629 3567; x_wconf 70' lang='grc' dir='ltr'><em>εὐηγγελισά-</em></span> 
     </span>
    </p>
   </div>
   <div class='ocr_carea' id='block_1_103' title="bbox 2085 3586 3627 3667">
    <p class='ocr_par' dir='ltr' id='par_1_103' title="bbox 2085 3586 3627 3667">
     <span class='ocr_line' id='line_1_104' title="bbox 2085 3586 3627 3667; baseline -0.005 -21"><span class='ocrx_word' id='word_1_794' title='bbox 2085 3609 2211 3664; x_wconf 86' lang='grc' dir='ltr'><em>μην</em></span> <span class='ocrx_word' id='word_1_795' title='bbox 2244 3592 2405 3667; x_wconf 73' lang='grc' dir='ltr'><em>ὑμῖν.</em></span> <span class='ocrx_word' id='word_1_796' title='bbox 2431 3588 2544 3644; x_wconf 88' lang='grc' dir='ltr'><em>Νῦν</em></span> <span class='ocrx_word' id='word_1_797' title='bbox 2574 3588 2630 3643; x_wconf 78' lang='grc' dir='ltr'>δὲ</span> <span class='ocrx_word' id='word_1_798' title='bbox 2662 3589 2793 3643; x_wconf 87' lang='grc' dir='ltr'><em>Θεοῦ</em></span> <span class='ocrx_word' id='word_1_799' title='bbox 2822 3588 2914 3642; x_wconf 90' lang='grc' dir='ltr'><strong><em>τοῦ</em></strong></span> <span class='ocrx_word' id='word_1_800' title='bbox 2946 3588 3262 3660; x_wconf 68' lang='grc' dir='ltr'><em>μονογενοῦς</em></span> <span class='ocrx_word' id='word_1_801' title='bbox 3297 3590 3428 3643; x_wconf 79' lang='grc' dir='ltr'><strong><em>αὐτὸ</em></strong></span> <span class='ocrx_word' id='word_1_802' title='bbox 3459 3586 3627 3658; x_wconf 57' lang='lat' dir='ltr'><strong><em>sunti-</em></strong></span> 
     </span>
    </p>
   </div>
   <div class='ocr_carea' id='block_1_104' title="bbox 2091 3679 3628 3759">
    <p class='ocr_par' dir='ltr' id='par_1_104' title="bbox 2091 3679 3628 3759">
     <span class='ocr_line' id='line_1_105' title="bbox 2091 3679 3628 3759; baseline -0.007 -20"><span class='ocrx_word' id='word_1_803' title='bbox 2091 3701 2201 3738; x_wconf 87' lang='grc' dir='ltr'><em>νειν</em></span> <span class='ocrx_word' id='word_1_804' title='bbox 2242 3682 2546 3736; x_wconf 76' lang='grc' dir='ltr'><em>ἐπιστέλλει</em></span> <span class='ocrx_word' id='word_1_805' title='bbox 2580 3681 2906 3759; x_wconf 64' lang='grc' dir='ltr'><em>Κορινθίοις,</em></span> <span class='ocrx_word' id='word_1_806' title='bbox 2946 3680 3007 3732; x_wconf 85' lang='grc' dir='ltr'><em>τὸ</em></span> <span class='ocrx_word' id='word_1_807' title='bbox 3050 3681 3148 3751; x_wconf 80' lang='grc' dir='ltr'><em>μὲν</em></span> <span class='ocrx_word' id='word_1_808' title='bbox 3194 3688 3241 3734; x_wconf 82' lang='grc' dir='ltr'><em>α’</em></span> <span class='ocrx_word' id='word_1_809' title='bbox 3267 3698 3282 3711; x_wconf 91' lang='grc'><strong>·</strong></span> <span class='ocrx_word' id='word_1_810' title='bbox 3345 3679 3499 3734; x_wconf 80' lang='grc' dir='ltr'><em>Ἀλλ’</em></span> <span class='ocrx_word' id='word_1_811' title='bbox 3540 3680 3628 3731; x_wconf 80' lang='grc' dir='ltr'><strong><em>οὐκ</em></strong></span> 
     </span>
    </p>
   </div>
   <div class='ocr_carea' id='block_1_105' title="bbox 2091 3773 3630 3848">
    <p class='ocr_par' dir='ltr' id='par_1_105' title="bbox 2091 3773 3630 3848">
     <span class='ocr_line' id='line_1_106' title="bbox 2091 3773 3630 3848; baseline -0.004 -16"><span class='ocrx_word' id='word_1_812' title='bbox 2091 3776 2469 3848; x_wconf 82' lang='grc' dir='ltr'><em>ἐχρησάμεθα</em></span> <span class='ocrx_word' id='word_1_813' title='bbox 2502 3773 2575 3845; x_wconf 76' lang='grc' dir='ltr'><em>τῇ</em></span> <span class='ocrx_word' id='word_1_814' title='bbox 2598 3776 2847 3844; x_wconf 78' lang='grc' dir='ltr'><em>ἐξουσίᾳ</em></span> <span class='ocrx_word' id='word_1_815' title='bbox 2866 3777 3048 3846; x_wconf 78' lang='grc' dir='ltr'><em>ταύτῃ</em></span> <span class='ocrx_word' id='word_1_816' title='bbox 3076 3793 3089 3808; x_wconf 90' lang='grc'><strong>·</strong></span> <span class='ocrx_word' id='word_1_817' title='bbox 3120 3775 3283 3831; x_wconf 80' lang='grc' dir='ltr'><em>ἀλλὰ</em></span> <span class='ocrx_word' id='word_1_818' title='bbox 3311 3776 3499 3830; x_wconf 84' lang='grc' dir='ltr'><em>πάντα</em></span> <span class='ocrx_word' id='word_1_819' title='bbox 3523 3773 3630 3827; x_wconf 79' lang='grc' dir='ltr'><em>στέ-</em></span> 
     </span>
    </p>
   </div>
   <div class='ocr_carea' id='block_1_106' title="bbox 2092 3865 3631 3940">
    <p class='ocr_par' dir='ltr' id='par_1_106' title="bbox 2092 3865 3631 3940">
     <span class='ocr_line' id='line_1_107' title="bbox 2092 3865 3631 3940; baseline -0.003 -18"><span class='ocrx_word' id='word_1_820' title='bbox 2092 3885 2293 3940; x_wconf 75' lang='grc' dir='ltr'><em>γομεν,</em></span> <span class='ocrx_word' id='word_1_821' title='bbox 2328 3869 2429 3921; x_wconf 79' lang='grc' dir='ltr'><em>ἵνα</em></span> <span class='ocrx_word' id='word_1_822' title='bbox 2468 3865 2553 3936; x_wconf 82' lang='grc' dir='ltr'><em>μὴ</em></span> <span class='ocrx_word' id='word_1_823' title='bbox 2592 3865 2859 3931; x_wconf 75' lang='grc' dir='ltr'><em>ἐκκοπὴν</em></span> <span class='ocrx_word' id='word_1_824' title='bbox 2890 3883 3023 3920; x_wconf 86' lang='grc' dir='ltr'><em>τινα</em></span> <span class='ocrx_word' id='word_1_825' title='bbox 3055 3865 3247 3936; x_wconf 83' lang='grc' dir='ltr'><em>δῶμεν</em></span> <span class='ocrx_word' id='word_1_826' title='bbox 3294 3865 3375 3932; x_wconf 83' lang='grc' dir='ltr'><em>τῷ</em></span> <span class='ocrx_word' id='word_1_827' title='bbox 3410 3869 3631 3935; x_wconf 61' lang='lat' dir='ltr'><strong><em>Etiam-</em></strong></span> 
     </span>
    </p>
   </div>
   <div class='ocr_carea' id='block_1_107' title="bbox 2090 3956 3631 4028">
    <p class='ocr_par' dir='ltr' id='par_1_107' title="bbox 2090 3956 3631 4028">
     <span class='ocr_line' id='line_1_108' title="bbox 2090 3956 3631 4028; baseline -0.003 -15"><span class='ocrx_word' id='word_1_828' title='bbox 2090 3960 2203 4026; x_wconf 86' lang='grc' dir='ltr'><em>λίῳ</em></span> <span class='ocrx_word' id='word_1_829' title='bbox 2249 3958 2353 4013; x_wconf 89' lang='grc' dir='ltr'><strong><em>τοῦ</em></strong></span> <span class='ocrx_word' id='word_1_830' title='bbox 2401 3958 2689 4027; x_wconf 75' lang='grc' dir='ltr'><em>Χριστοῦο</em></span> <span class='ocrx_word' id='word_1_831' title='bbox 2731 3959 2790 4011; x_wconf 86' lang='grc' dir='ltr'><strong><em>τὺ</em></strong></span> <span class='ocrx_word' id='word_1_832' title='bbox 2832 3957 2888 4009; x_wconf 83' lang='grc' dir='ltr'><strong><em>δὲ</em></strong></span> <span class='ocrx_word' id='word_1_833' title='bbox 2931 3957 3013 4028; x_wconf 55' lang='grc' dir='ltr'>βυ</span> <span class='ocrx_word' id='word_1_834' title='bbox 3061 3957 3291 4012; x_wconf 83' lang='grc' dir='ltr'><em>Ἐλθὼν</em></span> <span class='ocrx_word' id='word_1_835' title='bbox 3329 3958 3399 4011; x_wconf 82' lang='grc' dir='ltr'><em>δὲ</em></span> <span class='ocrx_word' id='word_1_836' title='bbox 3425 3961 3507 4024; x_wconf 80' lang='grc' dir='ltr'><strong><em>εις</em></strong></span> <span class='ocrx_word' id='word_1_837' title='bbox 3540 3956 3631 4023; x_wconf 79' lang='grc' dir='ltr'><em>τὴν</em></span> 
     </span>
    </p>
   </div>
   <div class='ocr_carea' id='block_1_108' title="bbox 2104 4072 3629 4141">
    <p class='ocr_par' dir='ltr' id='par_1_108' title="bbox 2104 4072 3629 4141">
     <span class='ocr_line' id='line_1_109' title="bbox 2104 4072 3629 4141; baseline -0.003 -15"><span class='ocrx_word' id='word_1_838' title='bbox 2104 4074 2255 4128; x_wconf 82' lang='lat' dir='ltr'><strong><em>ﬁrma</em></strong></span> <span class='ocrx_word' id='word_1_839' title='bbox 2289 4083 2464 4128; x_wconf 87' lang='lat' dir='ltr'><strong><em>autem</em></strong></span> <span class='ocrx_word' id='word_1_840' title='bbox 2492 4075 2602 4128; x_wconf 89' lang='lat' dir='ltr'><strong><em>sint</em></strong></span> <span class='ocrx_word' id='word_1_841' title='bbox 2631 4086 2749 4141; x_wconf 64' lang='lat' dir='ltr'><strong><em>quae</em></strong></span> <span class='ocrx_word' id='word_1_842' title='bbox 2773 4074 3103 4139; x_wconf 84' lang='lat' dir='ltr'><strong><em>Albertinus,</em></strong></span> <span class='ocrx_word' id='word_1_843' title='bbox 3141 4072 3340 4140; x_wconf 82' lang='lat' dir='ltr'><strong><em>aliique</em></strong></span> <span class='ocrx_word' id='word_1_844' title='bbox 3363 4072 3629 4127; x_wconf 75' lang='lat' dir='ltr'><strong><em>Calvinian|</em></strong></span> 
     </span>
    </p>
   </div>
   <div class='ocr_carea' id='block_1_109' title="bbox 2093 4142 3630 4211">
    <p class='ocr_par' dir='ltr' id='par_1_109' title="bbox 2093 4142 3630 4211">
     <span class='ocr_line' id='line_1_110' title="bbox 2093 4142 3630 4211; baseline -0.001 -13"><span class='ocrx_word' id='word_1_845' title='bbox 2093 4145 2158 4198; x_wconf 83' lang='lat' dir='ltr'><strong><em>de</em></strong></span> <span class='ocrx_word' id='word_1_846' title='bbox 2212 4142 2518 4211; x_wconf 72' lang='lat' dir='ltr'><strong><em>huiusmodi</em></strong></span> <span class='ocrx_word' id='word_1_847' title='bbox 2566 4143 2834 4198; x_wconf 81' lang='lat' dir='ltr'><strong><em>locutione</em></strong></span> <span class='ocrx_word' id='word_1_848' title='bbox 2882 4143 3168 4199; x_wconf 85' lang='lat' dir='ltr'><strong><em>commenti</em></strong></span> <span class='ocrx_word' id='word_1_849' title='bbox 3216 4153 3386 4207; x_wconf 82' lang='lat' dir='ltr'><strong><em>sunt,</em></strong></span> <span class='ocrx_word' id='word_1_850' title='bbox 3431 4160 3526 4197; x_wconf 90' lang='lat' dir='ltr'><strong><em>non</em></strong></span> <span class='ocrx_word' id='word_1_851' title='bbox 3562 4152 3630 4197; x_wconf 82' lang='lat' dir='ltr'><strong><em>est</em></strong></span> 
     </span>
    </p>
   </div>
   <div class='ocr_carea' id='block_1_110' title="bbox 2090 4213 2721 4279">
    <p class='ocr_par' dir='ltr' id='par_1_110' title="bbox 2090 4213 2721 4279">
     <span class='ocr_line' id='line_1_111' title="bbox 2090 4213 2721 4279; baseline -0.005 -12"><span class='ocrx_word' id='word_1_852' title='bbox 2090 4213 2251 4279; x_wconf 87' lang='lat' dir='ltr'><strong><em>hujus</em></strong></span> <span class='ocrx_word' id='word_1_853' title='bbox 2286 4214 2383 4267; x_wconf 84' lang='lat' dir='ltr'><strong><em>loci</em></strong></span> <span class='ocrx_word' id='word_1_854' title='bbox 2417 4214 2721 4269; x_wconf 88' lang='lat' dir='ltr'><strong><em>ostendere.</em></strong></span> 
     </span>
    </p>
   </div>
   <div class='ocr_carea' id='block_1_111' title="bbox 2154 4280 2883 4350">
    <p class='ocr_par' dir='ltr' id='par_1_111' title="bbox 2154 4280 2883 4350">
     <span class='ocr_line' id='line_1_112' title="bbox 2154 4280 2883 4350; baseline -0.001 -13"><span class='ocrx_word' id='word_1_855' title='bbox 2154 4283 2267 4350; x_wconf 75' lang='lat'><strong>(52)</strong></span> <span class='ocrx_word' id='word_1_856' title='bbox 2310 4280 2455 4341; x_wconf 89' lang='lat' dir='ltr'><strong><em>Sine.</em></strong></span> <span class='ocrx_word' id='word_1_857' title='bbox 2494 4283 2666 4338; x_wconf 90' lang='lat' dir='ltr'><strong><em>lCor.</em></strong></span> <span class='ocrx_word' id='word_1_858' title='bbox 2702 4298 2754 4347; x_wconf 74' lang='grc' dir='ltr'><strong><em>ι,</em></strong></span> <span class='ocrx_word' id='word_1_859' title='bbox 2795 4281 2883 4336; x_wconf 73' lang='lat'><strong><em>‘52.</em></strong></span> 
     </span>
    </p>
   </div>
   <div class='ocr_carea' id='block_1_112' title="bbox 2179 4352 2893 4422">
    <p class='ocr_par' dir='ltr' id='par_1_112' title="bbox 2179 4352 2893 4422">
     <span class='ocr_line' id='line_1_113' title="bbox 2179 4352 2893 4422; baseline 0 -17"><span class='ocrx_word' id='word_1_860' title='bbox 2179 4353 2265 4422; x_wconf 76' lang='lat'><strong><em>35)</em></strong></span> <span class='ocrx_word' id='word_1_861' title='bbox 2307 4352 2486 4407; x_wconf 83' lang='lat' dir='ltr'><strong><em>Nos.l</em></strong></span> <span class='ocrx_word' id='word_1_862' title='bbox 2526 4355 2768 4416; x_wconf 58' lang='lat' dir='ltr'><strong><em>CorJXI,</em></strong></span> <span class='ocrx_word' id='word_1_863' title='bbox 2806 4353 2893 4407; x_wconf 85' lang='lat'><strong><em>16.</em></strong></span> 
     </span>
    </p>
   </div>
   <div class='ocr_carea' id='block_1_113' title="bbox 2154 4355 3631 4491">
    <p class='ocr_par' dir='ltr' id='par_1_113' title="bbox 2154 4355 3631 4491">
     <span class='ocr_line' id='line_1_114' title="bbox 2179 4355 2893 4422; baseline 0 -17"><span class='ocrx_word' id='word_1_864' title='bbox 2179 4355 2265 4422; x_wconf 76' lang='lat'><strong><em>55)</em></strong></span> <span class='ocrx_word' id='word_1_865' title='bbox 2307 4355 2486 4407; x_wconf 83' lang='lat' dir='ltr'><strong><em>Nos.l</em></strong></span> <span class='ocrx_word' id='word_1_866' title='bbox 2526 4355 2768 4416; x_wconf 58' lang='lat' dir='ltr'><strong><em>CorJXI,</em></strong></span> <span class='ocrx_word' id='word_1_867' title='bbox 2806 4355 2893 4407; x_wconf 85' lang='lat'><strong><em>16.</em></strong></span> 
     </span>
     <span class='ocr_line' id='line_1_115' title="bbox 2154 4355 3631 4491; baseline -0.003 -14"><span class='ocrx_word' id='word_1_868' title='bbox 2154 4355 2268 4491; x_wconf 46' lang='grc'>(51)</span> <span class='ocrx_word' id='word_1_869' title='bbox 2299 4422 2368 4476; x_wconf 87' lang='lat' dir='ltr'><strong><em>Ut</em></strong></span> <span class='ocrx_word' id='word_1_870' title='bbox 2390 4421 2670 4491; x_wconf 75' lang='lat' dir='ltr'><strong><em>exhiberet.</em></strong></span> <span class='ocrx_word' id='word_1_871' title='bbox 2694 4424 2886 4490; x_wconf 81' lang='lat' dir='ltr'><strong><em>Ephes.</em></strong></span> <span class='ocrx_word' id='word_1_872' title='bbox 2904 4437 2955 4485; x_wconf 80' lang='grc' dir='ltr'><strong><em>ν,</em></strong></span> <span class='ocrx_word' id='word_1_873' title='bbox 2975 4420 3060 4476; x_wconf 81' lang='lat'><strong><em>27.</em></strong></span> <span class='ocrx_word' id='word_1_874' title='bbox 3080 4422 3263 4477; x_wconf 69' lang='lat' dir='ltr'><strong><em>Gmca</em></strong></span> <span class='ocrx_word' id='word_1_875' title='bbox 3291 4422 3456 4478; x_wconf 75' lang='lat' dir='ltr'><strong><em>editio</em></strong></span> <span class='ocrx_word' id='word_1_876' title='bbox 3476 4421 3631 4487; x_wconf 82' lang='lat' dir='ltr'><strong><em>habet,</em></strong></span> 
     </span>
    </p>
   </div>
   <div class='ocr_carea' id='block_1_114' title="bbox 2086 4490 3632 4563">
    <p class='ocr_par' dir='ltr' id='par_1_114' title="bbox 2086 4490 3632 4563">
     <span class='ocr_line' id='line_1_116' title="bbox 2086 4490 3632 4563; baseline -0.001 -18"><span class='ocrx_word' id='word_1_877' title='bbox 2086 4490 2255 4562; x_wconf 72' lang='grc' dir='ltr'><em>αὐτὴν</em></span> <span class='ocrx_word' id='word_1_878' title='bbox 2289 4492 2463 4563; x_wconf 78' lang='grc' dir='ltr'><strong><em>ἑαυτῷ</em></strong></span> <span class='ocrx_word' id='word_1_879' title='bbox 2492 4490 2720 4554; x_wconf 78' lang='grc' dir='ltr'><strong><em>ἔνδοξον.</em></strong></span> <span class='ocrx_word' id='word_1_880' title='bbox 2756 4507 2819 4544; x_wconf 88' lang='lat' dir='ltr'><strong><em>ac</em></strong></span> <span class='ocrx_word' id='word_1_881' title='bbox 2844 4492 3095 4546; x_wconf 88' lang='lat' dir='ltr'><strong><em>nonnulla</em></strong></span> <span class='ocrx_word' id='word_1_882' title='bbox 3112 4493 3441 4563; x_wconf 63' lang='lat' dir='ltr'><strong><em>exemplaria</em></strong></span> <span class='ocrx_word' id='word_1_883' title='bbox 3462 4495 3632 4546; x_wconf 85' lang='lat' dir='ltr'><strong><em>habent</em></strong></span> 
     </span>
    </p>
   </div>
   <div class='ocr_carea' id='block_1_115' title="bbox 2083 4561 3628 4633">
    <p class='ocr_par' dir='ltr' id='par_1_115' title="bbox 2083 4561 3628 4633">
     <span class='ocr_line' id='line_1_117' title="bbox 2083 4561 3628 4633; baseline -0.001 -18"><span class='ocrx_word' id='word_1_884' title='bbox 2083 4561 2244 4633; x_wconf 67' lang='grc' dir='ltr'><em>αῦτός</em></span> <span class='ocrx_word' id='word_1_885' title='bbox 2289 4579 2381 4624; x_wconf 84' lang='lat' dir='ltr'><strong><em>pro</em></strong></span> <span class='ocrx_word' id='word_1_886' title='bbox 2424 4561 2630 4632; x_wconf 80' lang='grc' dir='ltr'><em>αὐτήν·</em></span> <span class='ocrx_word' id='word_1_887' title='bbox 2658 4577 2763 4633; x_wconf 88' lang='lat' dir='ltr'><strong><em>qua</em></strong></span> <span class='ocrx_word' id='word_1_888' title='bbox 2806 4563 2874 4617; x_wconf 87' lang='lat' dir='ltr'><strong><em>de</em></strong></span> <span class='ocrx_word' id='word_1_889' title='bbox 2911 4577 3075 4617; x_wconf 83' lang='lat' dir='ltr'><strong><em>causa</em></strong></span> <span class='ocrx_word' id='word_1_890' title='bbox 3113 4561 3276 4633; x_wconf 69' lang='lat' dir='ltr'><strong><em>Vulg.</em></strong></span> <span class='ocrx_word' id='word_1_891' title='bbox 3305 4565 3405 4616; x_wconf 89' lang='lat' dir='ltr'><strong><em>int.</em></strong></span> <span class='ocrx_word' id='word_1_892' title='bbox 3446 4564 3628 4633; x_wconf 68' lang='lat' dir='ltr'><strong><em>vertit:</em></strong></span> 
     </span>
    </p>
   </div>
   <div class='ocr_carea' id='block_1_116' title="bbox 2085 4630 3618 4703">
    <p class='ocr_par' dir='ltr' id='par_1_116' title="bbox 2085 4630 3618 4703">
     <span class='ocr_line' id='line_1_118' title="bbox 2085 4630 3618 4703; baseline -0.001 -18"><span class='ocrx_word' id='word_1_893' title='bbox 2085 4630 2445 4703; x_wconf 7' lang='lat' dir='ltr'><strong><em>Utgexhiberet</em></strong></span> <span class='ocrx_word' id='word_1_894' title='bbox 2500 4630 2608 4703; x_wconf 72' lang='lat' dir='ltr'><strong><em>ipse</em></strong></span> <span class='ocrx_word' id='word_1_895' title='bbox 2650 4632 2750 4685; x_wconf 87' lang='lat' dir='ltr'><strong><em>sibi</em></strong></span> <span class='ocrx_word' id='word_1_896' title='bbox 2797 4634 3099 4702; x_wconf 86' lang='lat' dir='ltr'><strong><em>gloriosam,</em></strong></span> <span class='ocrx_word' id='word_1_897' title='bbox 3147 4630 3487 4703; x_wconf 58' lang='lat' dir='ltr'><strong><em>et&#39;reliqua.</em></strong></span> <span class='ocrx_word' id='word_1_898' title='bbox 3530 4630 3618 4685; x_wconf 84' lang='lat' dir='ltr'><strong><em>Pro</em></strong></span> 
     </span>
    </p>
   </div>
   <div class='ocr_carea' id='block_1_117' title="bbox 2087 4701 2657 4771">
    <p class='ocr_par' dir='ltr' id='par_1_117' title="bbox 2087 4701 2657 4771">
     <span class='ocr_line' id='line_1_119' title="bbox 2087 4701 2657 4771; baseline -0.002 -17"><span class='ocrx_word' id='word_1_899' title='bbox 2087 4701 2273 4754; x_wconf 83' lang='grc' dir='ltr'><em>σπίλον</em></span> <span class='ocrx_word' id='word_1_900' title='bbox 2303 4702 2420 4771; x_wconf 88' lang='lat' dir='ltr'><strong><em>lego</em></strong></span> <span class='ocrx_word' id='word_1_901' title='bbox 2450 4702 2657 4755; x_wconf 82' lang='grc' dir='ltr'><em>σπῖλον.</em></span> 
     </span>
    </p>
   </div>
   <div class='ocr_carea' id='block_1_118' title="bbox 2154 4769 2912 4841">
    <p class='ocr_par' dir='ltr' id='par_1_118' title="bbox 2154 4769 2912 4841">
     <span class='ocr_line' id='line_1_120' title="bbox 2154 4769 2912 4841; baseline -0.001 -16"><span class='ocrx_word' id='word_1_902' title='bbox 2154 4773 2265 4841; x_wconf 80' lang='grc'>(55)</span> <span class='ocrx_word' id='word_1_903' title='bbox 2301 4769 2518 4841; x_wconf 53' lang='lat' dir='ltr'><strong><em>iligna.</em></strong></span> <span class='ocrx_word' id='word_1_904' title='bbox 2560 4773 2692 4841; x_wconf 70' lang='lat' dir='ltr'><strong><em>Agg.</em></strong></span> <span class='ocrx_word' id='word_1_905' title='bbox 2728 4785 2790 4834; x_wconf 88' lang='grc' dir='ltr'><strong><em>ιι,</em></strong></span> <span class='ocrx_word' id='word_1_906' title='bbox 2824 4769 2912 4825; x_wconf 85' lang='grc'><strong><em>10.</em></strong></span> 
     </span>
    </p>
   </div>
   <div class='ocr_carea' id='block_1_119' title="bbox 2155 4836 3259 4906">
    <p class='ocr_par' dir='ltr' id='par_1_119' title="bbox 2155 4836 3259 4906">
     <span class='ocr_line' id='line_1_121' title="bbox 2155 4836 3259 4906; baseline 0.002 -11"><span class='ocrx_word' id='word_1_907' title='bbox 2155 4836 2267 4906; x_wconf 65' lang='grc'>(56)</span> <span class='ocrx_word' id='word_1_908' title='bbox 2312 4836 2534 4895; x_wconf 74' lang='lat' dir='ltr'><strong><em>Paulus.</em></strong></span> <span class='ocrx_word' id='word_1_909' title='bbox 2570 4836 2723 4895; x_wconf 68' lang='lat' dir='ltr'><strong><em>lloiu.</em></strong></span> <span class='ocrx_word' id='word_1_910' title='bbox 2769 4855 2806 4903; x_wconf 82' lang='grc' dir='ltr'><strong><em>ι,</em></strong></span> <span class='ocrx_word' id='word_1_911' title='bbox 2850 4842 2899 4895; x_wconf 86' lang='grc'><strong><em>1.</em></strong></span> <span class='ocrx_word' id='word_1_912' title='bbox 3234 4860 3259 4888; x_wconf 75' lang='grc' dir='ltr'>ι</span> 
     </span>
    </p>
   </div>
   <div class='ocr_carea' id='block_1_120' title="bbox 2154 4909 3633 4983">
    <p class='ocr_par' dir='ltr' id='par_1_120' title="bbox 2154 4909 3633 4983">
     <span class='ocr_line' id='line_1_122' title="bbox 2154 4909 3633 4983; baseline -0.001 -18"><span class='ocrx_word' id='word_1_913' title='bbox 2154 4913 2266 4983; x_wconf 83' lang='grc'>(57)</span> <span class='ocrx_word' id='word_1_914' title='bbox 2308 4910 2430 4983; x_wconf 74' lang='lat' dir='ltr'><strong><em>Non</em></strong></span> <span class='ocrx_word' id='word_1_915' title='bbox 2461 4913 2619 4983; x_wconf 73' lang='lat' dir='ltr'><strong><em>enim.</em></strong></span> <span class='ocrx_word' id='word_1_916' title='bbox 2655 4909 2810 4983; x_wconf 65' lang='lat' dir='ltr'><strong><em>Roth.</em></strong></span> <span class='ocrx_word' id='word_1_917' title='bbox 2848 4926 2884 4973; x_wconf 88' lang='grc'><em>1,</em></span> <span class='ocrx_word' id='word_1_918' title='bbox 2925 4910 2992 4983; x_wconf 83' lang='grc'><strong>16</strong></span> <span class='ocrx_word' id='word_1_919' title='bbox 3030 4922 3085 4967; x_wconf 90' lang='lat' dir='ltr'><strong><em>et</em></strong></span> <span class='ocrx_word' id='word_1_920' title='bbox 3125 4912 3212 4967; x_wconf 88' lang='grc'><strong>17.</strong></span> <span class='ocrx_word' id='word_1_921' title='bbox 3261 4913 3452 4968; x_wconf 70' lang='lat' dir='ltr'><strong><em>Grmea</em></strong></span> <span class='ocrx_word' id='word_1_922' title='bbox 3490 4912 3633 4983; x_wconf 79' lang='lat' dir='ltr'><strong><em>editio</em></strong></span> 
     </span>
    </p>
   </div>
   <div class='ocr_carea' id='block_1_121' title="bbox 2085 4978 3629 5052">
    <p class='ocr_par' dir='ltr' id='par_1_121' title="bbox 2085 4978 3629 5052">
     <span class='ocr_line' id='line_1_123' title="bbox 2085 4978 3629 5052; baseline -0.003 -17"><span class='ocrx_word' id='word_1_923' title='bbox 2085 4978 2300 5035; x_wconf 71' lang='lat' dir='ltr'><strong><em>habet:</em></strong></span> <span class='ocrx_word' id='word_1_924' title='bbox 2355 4978 2684 5049; x_wconf 74' lang='grc' dir='ltr'><em>Εὐαγγέλιον</em></span> <span class='ocrx_word' id='word_1_925' title='bbox 2708 4980 2993 5052; x_wconf 35' lang='grc' dir='ltr'><strong><em>λΧριστοῦ.</em></strong></span> <span class='ocrx_word' id='word_1_926' title='bbox 3056 4985 3123 5038; x_wconf 79' lang='lat' dir='ltr'><strong><em>At</em></strong></span> <span class='ocrx_word' id='word_1_927' title='bbox 3176 4999 3391 5045; x_wconf 81' lang='lat' dir='ltr'><strong><em>vocem,</em></strong></span> <span class='ocrx_word' id='word_1_928' title='bbox 3435 4982 3629 5041; x_wconf 85' lang='lat' dir='ltr'><strong><em>Christi,</em></strong></span> 
     </span>
    </p>
   </div>
   <div class='ocr_carea' id='block_1_122' title="bbox 2088 5048 3632 5122">
    <p class='ocr_par' dir='ltr' id='par_1_122' title="bbox 2088 5048 3632 5122">
     <span class='ocr_line' id='line_1_124' title="bbox 2088 5048 3632 5122; baseline 0.001 -19"><span class='ocrx_word' id='word_1_929' title='bbox 2088 5052 2292 5106; x_wconf 88' lang='lat' dir='ltr'><strong><em>omittit</em></strong></span> <span class='ocrx_word' id='word_1_930' title='bbox 2347 5067 2451 5104; x_wconf 89' lang='lat' dir='ltr'><strong><em>non</em></strong></span> <span class='ocrx_word' id='word_1_931' title='bbox 2484 5048 2654 5105; x_wconf 82' lang='lat' dir='ltr'><strong><em>modo</em></strong></span> <span class='ocrx_word' id='word_1_932' title='bbox 2706 5048 2995 5121; x_wconf 78' lang='lat' dir='ltr'><strong><em>Didymus,</em></strong></span> <span class='ocrx_word' id='word_1_933' title='bbox 3046 5058 3140 5109; x_wconf 86' lang='lat' dir='ltr'><strong><em>sed</em></strong></span> <span class='ocrx_word' id='word_1_934' title='bbox 3177 5064 3231 5107; x_wconf 88' lang='lat' dir='ltr'><strong><em>et</em></strong></span> <span class='ocrx_word' id='word_1_935' title='bbox 3270 5052 3433 5122; x_wconf 85' lang='lat' dir='ltr'><strong><em>Vulg.</em></strong></span> <span class='ocrx_word' id='word_1_936' title='bbox 3481 5054 3632 5106; x_wconf 87' lang='lat' dir='ltr'><strong><em>inter-</em></strong></span> 
     </span>
    </p>
   </div>
   <div class='ocr_carea' id='block_1_123' title="bbox 2082 5136 2225 5190">
    <p class='ocr_par' dir='ltr' id='par_1_123' title="bbox 2082 5136 2225 5190">
     <span class='ocr_line' id='line_1_125' title="bbox 2082 5136 2225 5190; baseline 0.007 -16"><span class='ocrx_word' id='word_1_937' title='bbox 2082 5136 2225 5190; x_wconf 83' lang='lat' dir='ltr'><strong><em>pres.</em></strong></span> 
     </span>
    </p>
   </div>
   <div class='ocr_carea' id='block_1_124' title="bbox 2157 5188 3634 5259">
    <p class='ocr_par' dir='ltr' id='par_1_124' title="bbox 2157 5188 3634 5259">
     <span class='ocr_line' id='line_1_126' title="bbox 2157 5188 3634 5259; baseline 0 -14"><span class='ocrx_word' id='word_1_938' title='bbox 2157 5192 2269 5259; x_wconf 76' lang='lat'><strong><em>(38)</em></strong></span> <span class='ocrx_word' id='word_1_939' title='bbox 2311 5188 2614 5247; x_wconf 80' lang='lat' dir='ltr'><strong><em>Revelatur.</em></strong></span> <span class='ocrx_word' id='word_1_940' title='bbox 2651 5191 2777 5247; x_wconf 87' lang='lat' dir='ltr'><strong><em>Post</em></strong></span> <span class='ocrx_word' id='word_1_941' title='bbox 2814 5192 2951 5247; x_wconf 82' lang='lat' dir='ltr'><strong><em>hanc</em></strong></span> <span class='ocrx_word' id='word_1_942' title='bbox 2982 5208 3167 5249; x_wconf 81' lang='lat' dir='ltr'><strong><em>vocem</em></strong></span> <span class='ocrx_word' id='word_1_943' title='bbox 3199 5192 3454 5248; x_wconf 85' lang='lat' dir='ltr'><strong><em>nonnulla</em></strong></span> <span class='ocrx_word' id='word_1_944' title='bbox 3492 5190 3634 5246; x_wconf 81' lang='lat' dir='ltr'><strong><em>habet</em></strong></span> 
     </span>
    </p>
   </div>
   <div class='ocr_carea' id='block_1_125' title="bbox 2081 5261 2958 5331">
    <p class='ocr_par' dir='ltr' id='par_1_125' title="bbox 2081 5261 2958 5331">
     <span class='ocr_line' id='line_1_127' title="bbox 2081 5261 2958 5331; baseline 0.001 -16"><span class='ocrx_word' id='word_1_945' title='bbox 2081 5262 2267 5324; x_wconf 83' lang='lat' dir='ltr'><strong><em>editio,</em></strong></span> <span class='ocrx_word' id='word_1_946' title='bbox 2296 5276 2415 5331; x_wconf 68' lang='lat' dir='ltr'><strong><em>qum</em></strong></span> <span class='ocrx_word' id='word_1_947' title='bbox 2452 5261 2651 5331; x_wconf 83' lang='lat' dir='ltr'><strong><em>omittit</em></strong></span> <span class='ocrx_word' id='word_1_948' title='bbox 2685 5264 2958 5331; x_wconf 75' lang='lat' dir='ltr'><strong><em>Didymus.</em></strong></span> 
     </span>
    </p>
   </div>
   <div class='ocr_carea' id='block_1_126' title="bbox 2152 5328 3026 5397">
    <p class='ocr_par' dir='ltr' id='par_1_126' title="bbox 2152 5328 3026 5397">
     <span class='ocr_line' id='line_1_128' title="bbox 2152 5328 3026 5397; baseline 0.008 -16"><span class='ocrx_word' id='word_1_949' title='bbox 2152 5331 2263 5397; x_wconf 76' lang='lat'><strong>(59)</strong></span> <span class='ocrx_word' id='word_1_950' title='bbox 2308 5328 2587 5394; x_wconf 83' lang='lat' dir='ltr'><strong><em>Quoniam.</em></strong></span> <span class='ocrx_word' id='word_1_951' title='bbox 2623 5330 2662 5385; x_wconf 96' lang='lat' dir='ltr'><strong><em>ll</em></strong></span> <span class='ocrx_word' id='word_1_952' title='bbox 2693 5328 2817 5386; x_wconf 76' lang='lat' dir='ltr'><strong><em>Cor.</em></strong></span> <span class='ocrx_word' id='word_1_953' title='bbox 2868 5349 2941 5396; x_wconf 73' lang='grc' dir='ltr'><strong><em>ιι,</em></strong></span> <span class='ocrx_word' id='word_1_954' title='bbox 2975 5333 3026 5388; x_wconf 91' lang='lat'><strong><em>7.</em></strong></span> 
     </span>
    </p>
   </div>
   <div class='ocr_carea' id='block_1_127' title="bbox 2152 5400 3634 5470">
    <p class='ocr_par' dir='ltr' id='par_1_127' title="bbox 2152 5400 3634 5470">
     <span class='ocr_line' id='line_1_129' title="bbox 2152 5400 3634 5470; baseline 0.001 -17"><span class='ocrx_word' id='word_1_955' title='bbox 2152 5400 2264 5467; x_wconf 73' lang='lat'><strong><em>(40)</em></strong></span> <span class='ocrx_word' id='word_1_956' title='bbox 2300 5400 2401 5454; x_wconf 84' lang='lat' dir='ltr'><strong><em>Sed</em></strong></span> <span class='ocrx_word' id='word_1_957' title='bbox 2426 5416 2547 5453; x_wconf 89' lang='lat' dir='ltr'><strong><em>non.</em></strong></span> <span class='ocrx_word' id='word_1_958' title='bbox 2586 5403 2599 5455; x_wconf 96' lang='grc' dir='ltr'><strong>Ι</strong></span> <span class='ocrx_word' id='word_1_959' title='bbox 2641 5402 2789 5457; x_wconf 60' lang='grc' dir='ltr'><strong><em>ϐυτ-κ</em></strong></span> <span class='ocrx_word' id='word_1_960' title='bbox 2819 5417 2895 5467; x_wconf 74' lang='lat' dir='ltr'><strong><em>is,</em></strong></span> <span class='ocrx_word' id='word_1_961' title='bbox 2962 5403 3049 5458; x_wconf 69' lang='lat'><strong><em>12.</em></strong></span> <span class='ocrx_word' id='word_1_962' title='bbox 3106 5402 3291 5459; x_wconf 70' lang='lat' dir='ltr'><strong><em>Graeca</em></strong></span> <span class='ocrx_word' id='word_1_963' title='bbox 3334 5404 3500 5457; x_wconf 88' lang='lat' dir='ltr'><strong><em>editio</em></strong></span> <span class='ocrx_word' id='word_1_964' title='bbox 3548 5413 3634 5470; x_wconf 87' lang='lat' dir='ltr'><strong><em>pro</em></strong></span> 
     </span>
    </p>
   </div>
   <div class='ocr_carea' id='block_1_128' title="bbox 2080 5470 3634 5542">
    <p class='ocr_par' dir='ltr' id='par_1_128' title="bbox 2080 5470 3634 5542">
     <span class='ocr_line' id='line_1_130' title="bbox 2080 5470 3634 5542; baseline -0.001 -21"><span class='ocrx_word' id='word_1_965' title='bbox 2080 5471 2323 5541; x_wconf 76' lang='grc' dir='ltr'><strong><em>ἐκκοπὴν</em></strong></span> <span class='ocrx_word' id='word_1_966' title='bbox 2384 5470 2564 5542; x_wconf 75' lang='lat' dir='ltr'><strong><em>habet,</em></strong></span> <span class='ocrx_word' id='word_1_967' title='bbox 2597 5471 2861 5542; x_wconf 81' lang='grc' dir='ltr'><strong><em>ἐγκοπήν.</em></strong></span> <span class='ocrx_word' id='word_1_968' title='bbox 2905 5472 3008 5526; x_wconf 87' lang='lat' dir='ltr'><strong><em>Sed</em></strong></span> <span class='ocrx_word' id='word_1_969' title='bbox 3051 5484 3276 5542; x_wconf 81' lang='lat' dir='ltr'><strong><em>utraque</em></strong></span> <span class='ocrx_word' id='word_1_970' title='bbox 3304 5488 3407 5527; x_wconf 75' lang='lat' dir='ltr'><strong><em>vox</em></strong></span> <span class='ocrx_word' id='word_1_971' title='bbox 3440 5473 3634 5542; x_wconf 70' lang='lat' dir='ltr'><strong><em>videtur</em></strong></span> 
     </span>
    </p>
   </div>
   <div class='ocr_carea' id='block_1_129' title="bbox 2078 5538 3634 5614">
    <p class='ocr_par' dir='ltr' id='par_1_129' title="bbox 2078 5538 3634 5614">
     <span class='ocr_line' id='line_1_131' title="bbox 2078 5538 3634 5614; baseline -0.001 -21"><span class='ocrx_word' id='word_1_972' title='bbox 2078 5538 2319 5593; x_wconf 73' lang='lat' dir='ltr'><strong><em>canalem</em></strong></span> <span class='ocrx_word' id='word_1_973' title='bbox 2352 5538 2477 5614; x_wconf 83' lang='lat' dir='ltr'><strong><em>_hie</em></strong></span> <span class='ocrx_word' id='word_1_974' title='bbox 2542 5538 2743 5614; x_wconf 71' lang='lat' dir='ltr'><strong><em>habere</em></strong></span> <span class='ocrx_word' id='word_1_975' title='bbox 2796 5538 3288 5614; x_wconf 69' lang='lat' dir='ltr'><strong><em>signiﬁcationem,</em></strong></span> <span class='ocrx_word' id='word_1_976' title='bbox 3346 5539 3634 5614; x_wconf 64' lang='lat' dir='ltr'><strong><em>oﬁ&#39;endiculi</em></strong></span> 
     </span>
    </p>
   </div>
   <div class='ocr_carea' id='block_1_130' title="bbox 2079 5608 2848 5680">
    <p class='ocr_par' dir='ltr' id='par_1_130' title="bbox 2079 5608 2848 5680">
     <span class='ocr_line' id='line_1_132' title="bbox 2079 5608 2848 5680; baseline 0.001 -15"><span class='ocrx_word' id='word_1_977' title='bbox 2079 5624 2294 5680; x_wconf 81' lang='lat' dir='ltr'><strong><em>nempe,</em></strong></span> <span class='ocrx_word' id='word_1_978' title='bbox 2323 5608 2436 5680; x_wconf 71' lang='lat' dir='ltr'><strong><em>sive</em></strong></span> <span class='ocrx_word' id='word_1_979' title='bbox 2461 5611 2848 5680; x_wconf 88' lang='lat' dir='ltr'><strong><em>impedimenti.</em></strong></span> 
     </span>
    </p>
   </div>
   <div class='ocr_carea' id='block_1_131' title="bbox 2148 5679 3152 5751">
    <p class='ocr_par' dir='ltr' id='par_1_131' title="bbox 2148 5679 3152 5751">
     <span class='ocr_line' id='line_1_133' title="bbox 2148 5679 3152 5751; baseline 0.001 -16"><span class='ocrx_word' id='word_1_980' title='bbox 2148 5679 2257 5751; x_wconf 76' lang='grc'>(41)</span> <span class='ocrx_word' id='word_1_981' title='bbox 2298 5679 2427 5737; x_wconf 86' lang='lat' dir='ltr'><strong><em>Cum</em></strong></span> <span class='ocrx_word' id='word_1_982' title='bbox 2453 5684 2718 5739; x_wconf 81' lang='lat' dir='ltr'><strong><em>venissem.</em></strong></span> <span class='ocrx_word' id='word_1_983' title='bbox 2752 5679 2795 5735; x_wconf 89' lang='lat' dir='ltr'><strong><em>ll</em></strong></span> <span class='ocrx_word' id='word_1_984' title='bbox 2821 5682 2944 5739; x_wconf 87' lang='lat' dir='ltr'><strong><em>Cor.</em></strong></span> <span class='ocrx_word' id='word_1_985' title='bbox 2979 5697 3038 5751; x_wconf 84' lang='grc' dir='ltr'><em>ιι,</em></span> <span class='ocrx_word' id='word_1_986' title='bbox 3067 5681 3152 5737; x_wconf 75' lang='lat' dir='ltr'><strong><em>l2.</em></strong></span> 
     </span>
    </p>
   </div>
  </div>
