3688 6316
410 305 522 365 33⁷5

414 423 491 478 hil
523 436 644 475 cum
675 419 727 473 iu
757 421 1044 489 semetipso
1073 419 1296 483 habere,
1323 419 1462 489 quod
1512 419 1834 489 acquisitum
1863 419 1978 474 l'ue-

416 515 505 575 rit,
538 523 627 566 aut
663 512 804 582 quod
835 513 971 566 alter
1009 513 1060 566 in
1108 513 1222 582 ipso
1265 519 1520 580 operatus
1546 512 1637 575 sit,
1673 512 1766 565 sed
1800 513 1976 565 omnia

416 620 477 660 se
527 606 662 658 bona
698 605 762 656 de
803 619 900 658 suo
940 603 1156 667 habere,
1205 618 1267 657 ac
1311 617 1493 657 secum
1547 603 1782 666 trahere,
1819 618 1980 656 unam

419 695 652 750 divinam
683 709 890 762 pacem,
928 693 1081 761 cujus
1113 708 1220 746 non
1252 702 1332 744 est
1371 692 1492 745 ﬁnis
1519 691 1653 762 (5'2),
1679 703 1732 744 et
1775 692 1978 758 de-qua

418 785 584 838 Isaias
626 783 835 837 locutus
875 793 992 849 est,
1041 800 1159 836 cum
1201 781 1566 836 exclamavit:
1603 782 1819 834 Domine
1870 779 1980 851 (55)

417 878 560 931 Deus
608 885 798 936 naster,
821 890 997 942 pacem
1034 877 1100 926 da
1143 875 1318 937 nobis;
1344 874 1515 926 omnia
1543 875 1677 928 enim
1713 873 1982 925 reddidisti

365 1031 371 1034 _
421 969 566 1018 nobis
593 981 612 1020 .'
645 965 878 1026 Domine,
925 973 1073 1018 extra
1112 974 1158 1016 te
1185 964 1346 1016 aliaat
1386 980 1486 1016 non
1523 963 1756 1018 novimus
1781 980 1799 1018 :
1823 965 1980 1030 hanc,

421 1057 660 1127 inquam.
709 1072 915 1125 parem,
977 1066 1161 1124 utpote
1218 1071 1338 1124 qua:
1391 1055 1533 1110 illius
1566 1066 1671 1120 est,
1720 1071 1785 1110 eo
1834 1056 1978 1125 quod

421 1162 760 1202 communem
809 1163 929 1201 cum
979 1147 1136 1200 Patrc
1189 1156 1435 1200 naturam
1491 1147 1704 1211 habeat,
1736 1156 1789 1200 et
1833 1161 1985 1216 mque

422 1239 681 1293 Dominus
728 1240 818 1304 sit,
849 1254 912 1293 ac
959 1238 1067 1303 ille,
1100 1239 1316 1307 propria
1371 1239 1694 1291 auctoritate
1737 1237 1981 1308 largitur.

421 1329 510 1382 Ait
537 1329 678 1380 enim
707 1344 719 1379 :
749 1325 941 1380 Pacem
977 1327 1089 1397 (54)
1119 1326 1350 1396 relinquo
1385 1327 1545 1390 vobis,
1588 1341 1766 1395 pacem
1819 1343 1985 1380 meam

422 1419 491 1471 do
535 1419 697 1471 vobis.
741 1417 944 1473 Idcirco
983 1417 1182 1472 Paulus
1231 1432 1444 1485 quoque
1487 1417 1679 1471 eodem
1719 1417 1877 1469 modo
1908 1417 1987 1470 di-

421 1508 604 1562 vinum
638 1509 750 1578 (55)
781 1511 881 1564 hoc
911 1511 1106 1563 donum
1140 1509 1328 1563 ambas
1361 1510 1627 1564 iucreatas
1674 1510 1988 1580 hypostases

424 1600 542 1654 siue
579 1601 687 1654 ullo
729 1601 1043 1654 discrimine
1081 1601 1497 1655 subministrare
1534 1601 1630 1663 ait,
1665 1615 1784 1653 cum
1815 1600 1898 1654 sic
1922 1601 1986 1653 ad

425 1689 699 1745 Romanos
753 1691 946 1744 alicubi
984 1690 1212 1744 scribit:
1243 1689 1428 1744 Gratia
1463 1690 1570 1760 (56)
1604 1690 1764 1756 vobis,
1797 1701 1845 1744 et
1883 1707 1989 1758 pax

425 1800 457 1836 a
489 1782 591 1835 Deo
631 1780 791 1836 Patre
833 1792 1030 1844 nostra,
1072 1792 1118 1834 et
1167 1780 1387 1834 Domino
1441 1779 1570 1834 Jesu
1617 1779 1840 1836 Christo.
1880 1783 1991 1836 lloc

429 1886 610 1927 autem
645 1874 818 1937 ipsum
855 1873 926 1926 ita
964 1887 1021 1926 se
1063 1873 1285 1936 habere,
1331 1872 1645 1938 dignoscere
1683 1873 1836 1927 nobis
1868 1872 1990 1927 licet

427 1964 592 2017 etiam
624 1978 690 2018 ex
732 1963 835 2018 illis
865 1963 1043 2017 verbis
1074 1981 1085 2015 :
1116 1962 1308 2016 Omnia
1339 1961 1452 2030 (57)
1484 1977 1804 2032 quacunque
1837 1962 1989 2016 habet

425 2054 613 2120 Pater,
646 2072 761 2109 mea
800 2065 942 2108 sunt.
978 2052 1103 2108 Haec
1156 2054 1297 2107 enim
1339 2069 1445 2105 non
1484 2055 1547 2107 de
1584 2064 1850 2117 creatura,
1891 2055 1992 2108 hoc

426 2156 510 2203 est
550 2147 617 2202 de
652 2147 877 2202 Christo
907 2156 963 2200 ut
1003 2147 1240 2210 homine,
1269 2145 1460 2199 inscite
1502 2145 1814 2213 accipienda
1845 2156 1990 2210 sunt,

427 2240 522 2294 sed
555 2241 618 2294 de
641 2239 818 2295 divina
846 2238 1126 2308 dignitate,
1157 2238 1200 2291 si
1245 2247 1420 2292 tamen
1459 2237 1774 2306 dignitatem
1807 2239 1857 2290 in
1886 2237 1993 2292 Deo

430 2331 612 2386 dicere
663 2330 742 2384 las
781 2341 881 2383 est.
925 2330 1064 2384 Deus
1104 2329 1246 2384 enim
1276 2329 1494 2398 (inquit)
1524 2338 1606 2382 est
1642 2329 1991 2383 Pater?Sum

429 2434 484 2476 et
521 2437 653 2491 ego;
683 2437 802 2475 cum
837 2421 1004 2475 Filius
1031 2421 1144 2489 ejus
1171 2421 1477 2488 unigenitus
1499 2421 1622 2482 sim,
1647 2430 1697 2474 et
1723 2435 1900 2485 verus,
1939 2431 1994 2474 et

405 2509 673 2567 dilectus.
713 2513 969 2568 Dominus
1012 2522 1094 2565 est
1123 2511 1315 2565 Pater?
1339 2511 1468 2564 Sum
1519 2519 1573 2563 et
1616 2524 1714 2578 ego
1754 2511 1993 2564 omnium

428 2601 709 2670 Dominus,
731 2613 786 2656 et
815 2603 1006 2664 haeres,
1035 2603 1124 2672 qui
1166 2601 1379 2656 vivente
1410 2600 1569 2654 Patre
1598 2600 1647 2652 in
1680 2599 1996 2654 haereditate

431 2689 726 2744 dominium
754 2705 982 2745 exerceo
1008 2705 1021 2742 :
1048 2705 1108 2743 ac
1137 2705 1321 2744 eorum
1390 2703 1508 2758 qua:
1539 2703 1655 2743 mea
1693 2689 1858 2758 ipsius
1881 2687 1993 2760 (58)

431 2788 558 2832 sunt
617 2778 786 2832 haeres
815 2780 1039 2844 exsisto,
1091 2788 1200 2831 tum
1255 2785 1518 2846 quatenus
1560 2775 1796 2845 ipsorum
1835 2776 1999 2830 Crea-

434 2877 538 2932 tor,
575 2878 684 2922 tum
736 2884 862 2923 vero
907 2870 1067 2922 etiam
1101 2879 1160 2921 ut
1185 2883 1475 2936 germanus
1506 2866 1712 2923 Filius:
1750 2871 2000 2922 constitu-

434 2969 518 3012 tus
547 2970 724 3014 autem
759 2974 876 3013 sum
916 2961 1078 3013 haeres
1109 2960 1249 3031 (59),
1308 2969 1366 3012 ιιι
1406 2960 1736 3013 incarnatus.
1770 2959 1994 3014 Creator

433 3059 487 3104 et
515 3050 628 3103 Rex
657 3058 740 3104 est
766 3048 956 3104 Pater?
993 3051 1122 3104 Sum
1161 3065 1262 3120 ego
1299 3065 1512 3119 quoque
1541 3068 1553 3103 :
1580 3051 1688 3105 dixi
1719 3050 1830 3121 (60)
1857 3051 1997 3106 enim

433 3139 610 3206 vobis,
648 3139 814 3194 fuisse
847 3146 1122 3207 quemdam
1174 3157 1364 3212 regem,
1390 3151 1438 3195 et
1469 3143 1678 3209 abiisse,
1708 3154 1761 3196 ut
1807 3144 1998 3212 faceret

436 3232 644 3299 nuptias
673 3229 786 3298 ﬁlio
819 3246 914 3284 suo
949 3231 1077 3300 regi.
1119 3229 1479 3285 lmmutahilis
1517 3241 1603 3286 est
1645 3233 1845 3286 Pater?
1867 3232 1997 3286 Sum

436 3331 488 3374 et
511 3336 630 3390 ego.
659 3322 931 3391 Scriptum
961 3332 1045 3376 est
1074 3323 1218 3395 enim
1243 3323 1309 3377 de
1330 3339 1416 3378 me
1439 3322 1549 3393 (6t)
1575 3339 1590 3376 :
1626 3323 1703 3377 Tu
1731 3326 1867 3378 idem
1892 3327 1998 3394 ipse

437 3429 514 3478 es,
551 3423 599 3466 et
635 3414 859 3467 annitui
897 3430 1000 3468 non
1043 3415 1304 3482 deﬁcient.
1337 3414 1658 3484 lmpatibilis
1695 3428 1778 3472 est
1809 3416 2010 3472 Pater?

440 3503 570 3558 Sum
601 3519 701 3574 ego
736 3520 969 3574 quoque,
1007 3507 1075 3559 ita
1110 3515 1168 3560 ut
1214 3509 1378 3561 etiam
1428 3509 1727 3578 participes.
1762 3525 1856 3564 seu
1887 3526 2009 3563 con-

435 3607 600 3651 sortes
631 3595 740 3666 (6i)
785 3597 885 3666 Ὶι
924 3597 1050 3660 mei,
1088 3597 1502 3665 impatibilitatis
1539 3600 1829 3669 participes
1872 3600 2000 3656 sint.

434 3687 694 3745 .Eternus
744 3697 825 3743 est
869 3688 1072 3743 Pater?
1108 3688 1237 3743 Sum
1280 3700 1332 3744 et
1370 3705 1490 3760 ego.
1533 3689 1818 3760 Nunquam
1861 3693 2004 3745 enim

437 3779 554 3850 ipse
596 3795 704 3834 non
747 3781 936 3835 habuit
975 3795 1172 3835 nomen
1215 3780 1414 3846 Patris,
1447 3791 1504 3836 et
1536 3781 1924 3836 subsistentem
1953 3783 2006 3835 iu

434 3885 502 3926 eo
529 3872 712 3943 gloriae
735 3888 843 3927 sua:
867 3872 1234 3941 splendorem,
1257 3881 1313 3927 et
1336 3875 1713 3928 characterem
1748 3876 2002 3928 substan-

437 3961 547 4025 tise,
579 3971 631 4016 et
658 3962 946 4031 imaginem
989 3962 1232 4026 deitatis,
1263 3977 1457 4032 nempe
1490 3979 1596 4018 me.
1631 3964 1777 4030 Vita,
1810 3974 1864 4018 et
1891 3965 2001 4031 lux,

437 4059 492 4106 et
532 4051 768 4116 bonitas,
818 4062 871 4107 et
910 4053 1169 4121 potentia,
1214 4061 1268 4107 et
1303 4053 1588 4122 sapientia,
1619 4062 1674 4109 et
1701 4054 1921 4122 veritas,
1951 4063 2007 4109 et

437 4143 643 4205 omnia,
689 4159 806 4213 quae
836 4144 946 4199 Deo
988 4145 1146 4214 digna
1205 4154 1350 4212 sunt,
1393 4155 1478 4201 est
1529 4144 1726 4199 Pater?
1775 4145 1906 4200 Sum
1952 4158 2044 4201 et’

437 4251 558 4306 ego,
586 4245 646 4290 ut
670 4247 829 4312 antea
879 4236 1123 4292 audistis.
1162 4236 1325 4306 Atqui
1379 4237 1542 4291 etiam
1597 4234 1845 4293 Salvator
1883 4254 2000 4294 sum

440 4413 579 4468 sisse
600 4412 896 4479 exsistimo,
922 4413 1084 4482 quod,
1121 4428 1245 4468 cum
1284 4413 1426 4468 inter
1452 4414 1697 4469 homines
1729 4414 2003 4471 Graecani-

440 4497 522 4537 ca!
541 4483 859 4538 eruditionis
881 4485 1282 4538 amantissimos
1303 4485 1624 4548 scriberent,
1655 4496 2000 4548 venerentur,

442 4568 536 4615 ne,
562 4553 606 4606 si
650 4553 806 4606 aliter
834 4569 893 4607 se
921 4554 1239 4620 gessissent,
1269 4554 1432 4608 veluti
1491 4555 1672 4617 rudes,
1711 4565 1765 4609 et
1799 4556 1998 4609 indocti

441 4622 876 4692 despicerentur;
920 4631 1012 4674 aut
1039 4623 1180 4692 quod
1210 4622 1464 4690 majorem
1497 4625 1597 4676 hac
1620 4625 1827 4680 ratione
1863 4625 2004 4692 apud

441 4691 561 4745 illos
589 4691 743 4744 [idem
775 4693 875 4746 sibi
922 4691 1211 4747 conciliare
1236 4694 1452 4747 vellent.
1491 4693 1750 4748 Pratclare
1783 4697 1841 4751 S.
1869 4691 2003 4746 Ain-

439 4761 654 4816 brosius
685 4763 778 4818 lih.
825 4778 885 4817 ιιι
921 4761 996 4815 De
1023 4761 1148 4830 ﬁde,
1177 4777 1297 4830 cap.
1326 4765 1379 4828 1,
1415 4779 1536 4818 cum
1571 4764 1622 4817 in
1659 4765 1829 4833 primo
1868 4764 2005 4818 libro

441 4846 546 4884 nou
582 4843 858 4903 poetarum
903 4832 1195 4903 versiculos
1228 4834 1467 4896 citasset,
1504 4842 1563 4885 ut
1607 4832 1882 4903 Didymus.
1911 4835 2004 4888 sed

442 4916 508 4973 ex
531 4903 753 4968 poeticis
777 4901 1450 4973 fabuliscomparationem
1479 4901 1720 4958 duxisset
1747 4922 1759 4958 :
1787 4903 1842 4958 Si
1864 4905 2002 4973 quis,

440 4969 638 5038 inquit,
679 4985 858 5026 contra
904 4969 1134 5025 licitumv
1164 4983 1308 5038 putat
1364 4972 1588 5025 colorem
1637 4969 2005 5038 disputationis

443 5040 700 5111 eiusmodi
731 5059 761 5094 a
795 5044 1006 5110 poeticis
1031 5043 1224 5111 fabulis
1255 5045 1568 5104 derivatum,
1599 5055 1645 5096 et
1680 5060 1795 5096 cum
1827 5044 1880 5096 in
1903 5044 2008 5111 ﬁde

448 5109 580 5159 nihil
617 5111 754 5175 quod
797 5109 1095 5180 vituperare
1146 5113 1308 5180 possit
1372 5113 1640 5177 invenerit,
1693 5109 1912 5181 aliquid
1951 5115 2008 5166 in

445 5193 680 5250 sermone
727 5182 1083 5247 reprehendit;
1139 5193 1383 5250 agnoscat
1432 5199 1548 5250 non,
1587 5183 1755 5236 solum
1799 5194 2007 5236 senten-

446 5247 570 5311 tias,
593 5248 680 5300 sed
703 5251 866 5322 etiam
886 5250 1159 5304 versiculos
1176 5247 1486 5320 poetarum,
1521 5249 1809 5322 Scripturis
1841 5255 2013 5307 inser-

447 5325 526 5370 tos
547 5333 656 5369 esse
679 5319 885 5371 divinis.

518 5386 630 5460 (52)
665 5384 839 5460 Finis.
872 5387 1112 5460 Respicit
1169 5388 1271 5460 lsa.
1322 5405 1398 5457 Ix,
1422 5391 1477 5455 7,
1500 5392 1587 5446 ubi
1636 5392 1831 5460 legitur
1859 5411 1872 5448 :
1903 5391 2010 5444 Καὶ

442 5456 796 5596 ἷῆςεείρήνης
844 5459 946 5510 οὒκ
988 5458 1102 5510 ἔστι
1127 5457 1300 5525 τέλος,
1331 5456 1513 5527 idest,
1553 5473 1599 5515 et
1625 5456 1768 5532 pacis
1801 5479 1902 5517 non
1935 5472 2010 5516 est

490 5543 539 5578 ni
573 5566 587 5579 .

490 5541 587 5579 ms.

524 5595 634 5668 (55)
671 5595 905 5652 Domine.
939 5598 1043 5654 lsa.
1075 5613 1222 5668 xxv1,
1270 5599 1338 5654 12
1366 5612 1420 5658 et
1451 5602 1536 5657 15.
1561 5601 1823 5659 Nonnulla
1853 5603 2012 5659 omit-

447 5664 518 5724 ιίι
536 5664 888 5724 inieriuedia.

521 5723 634 5804 (34)
669 5735 875 5795 Pacem.
908 5737 1099 5797 Joann.
1132 5756 1239 5810 xiv,
1269 5740 1356 5796 ‘27.

1643 303 1882 359 DlDYMI
1920 301 2387 360 ALEXANDRINI

3505 310 3584 368 3εό

2009 427 2055 481 Α
2085 435 2261 489 μενον,
2289 420 2345 471 ὲν
2376 415 2551 487 ἑαυτῷ
2583 413 2718 470 εἶναι
2739 433 2752 446 '
2778 415 2986 469 οἴκοθεν
3023 416 3067 468 δ’
3104 415 3390 484 ἐπάγεσθαι
3418 422 3586 488 τάγαθὰ

2083 511 2256 563 πάντα
2290 510 2587 581 παριστῶν,
2619 508 2715 579 τὴν
2752 507 2876 578 μίαν
2905 507 3090 577 θεῖκὴν
3119 509 3350 578 εἰρήνην,
3381 507 3442 581 ἧς
3479 514 3587 583 ὅρων

2081 602 2179 652 οὑκ
2210 599 2353 653 ἔστιν
2379 617 2392 629 ·
2430 599 2556 668 περὶ
2587 595 2655 670 ἦς
2712 598 2936 661 Ἡσαΐας
2981 597 3349 668 διακέκρατεν·
3392 602 3539 670 Κύριε
3567 612 3588 660 d

2085 690 2226 754 Θεὸς
2276 689 2444 757 ἡμῶν·
2465 729 2478 753 ,
2515 687 2763 756 εἰρήνην
2794 687 2900 753 δὸς
2939 687 3082 755 ’ἡμῖν
3107 703 3120 716 ·
3152 687 3344 741 πάντα
3384 690 3480 757 γὰρ
3509 695 3591 747 ἀπ.

2082 777 2305 843 έδωκας
2335 777 2478 846 ἡμῖν
2497 794 2510 806 ·
2547 779 2744 845 Ki'vpts,
2775 775 2950 842 ἐκτὸς
2974 773 3090 828 σοῦ
3107 774 3298 828 ἄλλον
3326 780 3428 830 οὐκ
3465 781 3590 834 στεα-

2077 885 2192 936 μεν
2213 885 2227 899 ο
2277 867 2351 931 ὡς
2385 865 2551 921 αὐτοῦ
2581 866 2976 936 τυγχάνουσαν,
3013 864 3100 918 διὰ
3150 865 3210 918 τὸ
3242 865 3490 920 ἐπίκοινον

2085 958 2315 1027 φύσεως,
2356 958 2449 1010 καὶ
2482 957 2803 1028 κυριότητος
2841 956 3053 1008 δίδωσιν
3099 955 3453 1020 κατεξουσίαν.
3481 961 3593 1031 Ἔφη

2084 1048 2189 1121 γάρ
2214 1066 2227 1078 ·
2266 1048 2531 1116 Εἰρήνην
2579 1047 2789 1116 ἀφίημι
2837 1046 3000 1114 ὑμῖν,
3035 1044 3282 1113 εἰρήνην
3338 1046 3441 1113 τὴν
3475 1051 3594 1118 ἐμὴν

2084 1138 2288 1207 δίδωμι
2315 1139 2474 1209 ὑμῖν.
2510 1140 2598 1192 Διὸ
2627 1139 2723 1209 οὐχ
2765 1139 2965 1207 ἥκιστα
3002 1138 3096 1190 καὶ
3137 1136 3341 1202 Παῦλος
3379 1138 3513 1192 τοῦτο
3553 1143 3595 1196 τὺ

2087 1223 2354 1278 θεόσδοτον
2403 1226 2586 1296 χρῆμα
2633 1227 2799 1296 ἄμφω
2846 1225 2944 1288 τὰς
2989 1226 3284 1295 ἀγενήτους
3324 1227 3594 1294 ὑποστάσεις

2086 1315 2514 1385 ἀπαραλλάκτως
2556 1319 2808 1388 χορηγεῖν
2848 1316 2974 1386 ἔφη,
3021 1317 3308 1386 Ῥωμαίοις
3353 1317 3480 1372 οὕτω
3519 1338 3594 1374 που

2087 1406 2299 1477 γράψας
2318 1424 2330 1436 ·
2367 1405 2546 1476 Χάρις
2574 1408 2716 1477 ὑμῖν
2742 1407 2839 1463 καὶ
2871 1405 3075 1475 εἰρήνη
3102 1408 3221 1461 ἀπὸ
3247 1409 3388 1462 Θεοῦ
3413 1413 3596 1477 Πατρός

2087 1495 2255 1566 ἡμῶν
2287 1498 2385 1550 καὶ
2433 1499 2655 1566 Κυρίου
2691 1499 2886 1566 Ἰησοῦ
2935 1499 3193 1566 Χριστοῦ
3215 1517 3228 1531 ο
3275 1498 3533 1568 διάγνωσιν
3559 1503 3597 1554 δὲ

2087 1590 2240 1658 ἡμῖν,
2288 1587 2432 1640 τοῦτ’
2481 1588 2610 1641 αὐτὸ
2660 1588 2830 1652 οὕτως
2882 1589 3048 1659 ἔχειν,
3089 1587 3387 1660 παρέσχετο
3421 1591 3598 1654 καὶτὸ,

2091 1679 2291 1732 Πάντα
2317 1677 2433 1732 ὅσα
2469 1679 2593 1748 ἔχει
2634 1681 2667 1732 ὀ
2693 1678 2914 1747 Πατὴρ,
2953 1679 3066 1749 ἐμά
3097 1681 3288 1734 ἐστιν.
3325 1680 3487 1733 Ταῦτα
3520 1683 3599 1754 γὰρ

2023 1763 2063 1817 Β
2092 1771 2193 1823 οὐκ
2221 1770 2446 1840 ἀμαθῶς
2469 1773 2547 1834 εἰς
2572 1770 2668 1841 τὴν
2698 1770 2896 1835 κτίσιν,
2925 1771 3037 1824 ἀλλ’
3065 1773 3146 1834 είς
3173 1771 3273 1841 τὴν
3295 1770 3465 1842 θεῖκὴν
3485 1772 3600 1836 ἀξίαν

2097 1862 2526 1932 ὲκλαμϐάνεται,
2570 1863 2618 1916 εί
2665 1863 2821 1930 ἀξίαν
2864 1863 2956 1916 ἐπὶ
2999 1862 3092 1916 τοῦ
3134 1862 3271 1916 Θεοῦ
3322 1865 3470 1933 φάναι
3505 1869 3598 1937 χρή.

2096 1955 2226 2018 Θεὸς
2267 1955 2411 2025 γὰρ,
2459 1956 2643 2025 φησὶν,
2679 1955 2824 2007 ἐστὶν
2867 1956 2896 2007 6
2950 1955 3174 2026 Πατήρς
3212 1955 3328 2025 εἰμὶ
3366 1956 3450 2008 καὶ
3492 1957 3599 2025 ἐγώ·

2097 2044 2222 2108 Υἱὸς
2263 2045 2371 2114 γὰρ
2401 2043 2564 2097 αὑτοῦ
2605 2043 2914 2114 μονογενὴς,
2949 2043 3045 2096 καὶ
3078 2043 3330 2113 ἀληθινὸς
3349 2083 3362 2105 ,
3391 2046 3472 2097 καὶ
3498 2047 3601 2112 ἁγο-

2099 2137 2287 2207 πητός.
2321 2135 2525 2207 Κύριός
2555 2136 2700 2187 ἐστιν
2725 2137 2754 2188 6
2785 2135 3008 2206 Πατήρ;
3047 2135 3162 2205 εἰμὶ
3187 2136 3280 2187 καὶ
3302 2135 3406 2204 ἐγὼ
3436 2138 3601 2190 πάντων

2099 2229 2318 2299 Κύριος,
2348 2228 2440 2281 καὶ
2476 2228 2806 2299 κληρονόμος
2849 2225 3050 2291 ζῶντος
3084 2228 3424 2300 Πατρδς,τῆς
3450 2230 3601 2299 κληρο-

2099 2320 2289 2390 νομίας
2329 2318 2623 2382 δεσπόζων.
2660 2317 3000 2389 Κληρονομῶ
3041 2318 3096 2371 δὲ
3121 2319 3192 2371 τὰ
3216 2319 3462 2390 ἐμαυτοῦ,
3485 2321 3604 2373 τοῦτο

2103 2411 2200 2482 μὲν
2241 2411 2315 2472 ὡς
2363 2411 2590 2481 ποιητὴς
2631 2410 2828 2474 αὐτῶν,
2878 2409 3034 2463 τοῦτο
3076 2410 3133 2463 δὲ
3177 2411 3272 2464 καὶ⁵
3321 2411 3392 2474 ὡς
3435 2412 3604 2480 γνήσιος

2101 2501 2247 2564 Υἱός.
2313 2501 2532 2572 Ἐτέθην
2575 2501 2632 2553 δὲ
2679 2500 3048 2573 κληρονόμος,
3095 2502 3171 2566 ὡς
3222 2502 3602 2573 ὲνανθρωπήσας.

2100 2595 2173 2663 Δη
2184 2593 2437 2663 μιουργὸς
2459 2593 2552 2646 καὶ
2579 2592 2829 2662 βασιλεύς
2854 2596 2998 2647 ἐστιν
3029 2596 3058 2646 6
3083 2595 3236 2664 Πατὴ
3245 2610 3309 2664 ρ;
3341 2593 3460 2662 εἰμί.
3483 2591 3605 2646 Εἶπον

2101 2683 2209 2753 γὰρ
2256 2685 2404 2752 ὑμῖν,
2450 2683 2524 2746 ὡς
2567 2679 2677 2738 Ἦν
2712 2701 2802 2749 τις
2843 2683 3181 2749 βασιλεὺς,
3220 2685 3318 2737 καὶ
3368 2683 3603 2752 ἐπορεύθη

2102 2775 2348 2844 ποιῆσαι
2380 2774 2601 2845 γάμους
2629 2774 2708 2841 τῷ
2732 2774 2838 2840 υἱῷ
2860 2776 3046 2830 αὐτοῦ
3073 2773 3150 2840 τῷ
3175 2775 3434 2840 βασιλεῖ.
3465 2777 3607 2844 Ἀτρεμ

2104 2867 2234 2929 πτός
2261 2867 2405 2919 ἐστιν
2433 2866 2460 2918 ὁ
2490 2867 2712 2936 Πατήρ;
2745 2867 2859 2937 εἰμὶ
2899 2869 2994 2920 καὶ
3039 2866 3168 2936 ἐγώ.
3203 2866 3608 2937 Κεχρησμῴδηται

2103 2959 2210 3030 γὰρ
2245 2959 2371 3030 περὶ
2398 2958 2565 3029 ἐμοῦο
2597 2959 2679 3012 Σὺ
2731 2963 2762 3012 d
2801 2961 2982 3025 αὐτὸς
3009 2956 3095 3024 εἷ,
3142 2959 3245 3013 καὶ
3289 2960 3361 3013 τὰ
3398 2959 3488 3026 ἐτη
3524 2975 3608 3012 σου

2105 3053 2214 3104 οὐκ
2241 3050 2650 3118 ἐκλείψουσιν.
2686 3050 2925 3122 Ἀπαθής
2959 3054 3105 3105 ἐστιν
3134 3050 3162 3102 ὁ
3189 3052 3399 3122 Πατήρ;
3426 3051 3536 3120 εἰμὶ,
3557 3049 3608 3111 ὡς

2025 3113 2067 3172 C
2103 3141 2195 3194 καὶ
2211 3140 2335 3203 τοὺς
2359 3113 2615 3211 μετόχους
2641 3159 2739 3212 μου
2767 3113 3030 3205 ἀπαδείας
3044 3141 3135 3213 [50
3148 3141 3202 3214 ὁ]
3219 3113 3608 3213 μεταλαμόάνειν.

2107 3233 2370 3302 Ἀναρχος
2399 3234 2428 3286 6
2461 3233 2684 3304 Ηατήρς
2732 3234 2866 3305 εἰμί.
2904 3235 2978 3287 Οὐ
3005 3235 3114 3304 γὰρ
3144 3230 3236 3306 ἦν,
3276 3235 3362 3288 ὅτε
3393 3235 3480 3287 οὐκ
3505 3229 3610 3302 εἶχεν

2101 3325 2162 3377 τὸ
2193 3324 2361 3395 ὄνομα
2388 3325 2481 3378 τοῦ
2515 3325 2746 3398 Πατρδς,
2778 3327 2872 3380 καὶ
2899 3327 2995 3398 τῆς
3019 3327 3176 3398 δόξης
3206 3326 3367 3380 αὐτοῦ
3395 3327 3450 3379 τὸ
3468 3325 3612 3378 twn;-

2107 3433 2298 3470 στατον
2327 3417 2685 3488 ἀπαύγασμα,
2717 3419 2810 3472 καὶ
2836 3417 3280 3490 τὸνηχαρακτῆρα
3305 3418 3398 3487 τῆς
3425 3415 3611 3468 ὑποστά-

2106 3525 2273 3573 σεως,
2320 3510 2414 3564 καὶ
2441 3509 2540 3581 τὴν
2568 3511 2751 3564 εἰκόνα
2788 3512 2888 3582 τῆς
2931 3510 3202 3582 Θεότητος,
3241 3512 3360 3582 ἐμέ.
3389 3509 3520 3575 Ζωὴ,
3545 3508 3612 3559 καὶ

2104 3603 2238 3671 φῶς,
2286 3605 2382 3658 καὶ
2429 3603 2702 3676 ἀγαθότης
2726 3647 2740 3669 ,
2773 3605 2867 3657 καὶ
2907 3604 3156 3674 δύναμις,
3204 3606 3300 3658 καὶ
3335 3604 3510 3671 σοφία,
3545 3602 3614 3653 καὶ

2102 3691 2343 3762 ἀλήθεια,
2370 3691 2464 3746 καὶ
2495 3693 2594 3746 ὅσα
2618 3693 2751 3747 Θεοῦ
2780 3693 2904 3758 ἄξιὰ
2935 3695 3078 3747 ἐστιν
3115 3695 3143 3747 6
3177 3695 3362 3765 Πατήρ
3386 3710 3399 3756 ;
3427 3691 3542 3762 εἰμὶ,
3561 3689 3613 3750 ὡς

2102 3782 2403 3851 φθάσαντες
2450 3782 2739 3854 ἠκούσατε.
2793 3785 2901 3838 Καὶ
2951 3784 3132 3855 μέντοι
3181 3785 3278 3837 καὶ
3315 3784 3488 3853 Σωτὴρ
3516 3779 3612 3848 ἐγὼ.

2103 3873 2404 3949 ἀνατέλλων
2429 3874 2520 3928 τὸν
2566 3876 2715 3946 ἥλιον
2746 3877 2837 3929 ἐπὶ
2871 3876 3111 3939 δικαίους
3152 3877 3249 3928 καὶ
3296 3872 3612 3946 ἁμαρτωλοὺς.

2103 3963 2199 4015 καὶ
2225 3965 2324 4017 οὐκ
2353 3964 2574 4033 ἐπάγων
2618 3966 2788 4019 κακὸν
2825 3966 2946 4019 ἀντὶ
2989 3966 3180 4021 κακοῦ.
3209 3965 3566 4035 -Φιλάνθρωπος
3594 3961 3615 4010 ό

2103 4052 2322 4122 Πατήρ;
2358 4053 2494 4123 εἰμί·
2531 4055 2729 4124 ὃπουγε
2757 4055 2906 4126 ὑμῶν
2943 4055 3107 4111 ἕνεκα
3133 4057 3368 4126 ἐμαυτὸν
3401 4054 3614 4115 ἐκένωσα,

2109 4144 2320 4215 μορφὴν
2345 4145 2532 4201 δούλου
2550 4146 2729 4201 λαϐὼν
2752 4163 2770 4180 ⁶
2793 4149 2886 4204 καὶ
2911 4148 3270 4220 ραπιζόντων,
3296 4150 3385 4202 καὶ
3410 4144 3617 4217 ὲμπτυὸνο

2106 4252 2235 4301 των,
2262 4238 2356 4290 καὶ
2412 4239 2814 4311 ὲμπαιζόντων,
2854 4241 2947 4294 καὶ
2972 4240 3348 4314 σταυρούντων
3375 4237 3508 4310 ὑμῶν
3544 4237 3614 4304 ἡν-

2034 4422 2084 4481 D
2179 4417 2292 4488 (55)
2323 4417 2588 4488 Divinum.
2619 4417 2781 4488 Recte
2810 4417 3086 4471 θεόσδοτον
3125 4418 3348 4472 dictavit
3371 4415 3613 4488 Didymus:

2107 4487 2348 4557 sic’euim
2388 4487 2649 4541 Pindarus
2691 4487 2851 4557 Pyth.
2887 4489 2975 4542 od.
3025 4504 3056 4540 ν
3083 4489 3319 4557 scripsit,
3349 4487 3615 4557 aliique_ve—

2109 4567 2269 4630 teres.
2307 4556 2515 4630 Itaque
2542 4554 2860 4630 vocabulum
2899 4557 3060 4630 illud,
3117 4556 3377 4630 Θεόδοτος,
3427 4554 3544 4623 quod
3577 4554 3614 4630 in

2109 4627 2412 4697 fragmento
2461 4627 2840 4697 Didymiapud
2892 4625 3151 4681 Joannem
3201 4627 3554 4697 Damascenum
3576 4625 3614 4672 in

2107 4693 2415 4764 Parallelis,
2456 4693 2579 4767 pag'.
2638 4693 2762 4764 685,
2814 4696 3033 4764 legitur,
3075 4700 3386 4754 mendosmu
3432 4693 3616 4748 fortasse

2109 4777 2184 4822 CSI
2197 4806 2209 4819 .

2318 4834 2523 4908 Gratia.
2551 4835 2706 4908 Rom.
2741 4853 2782 4901 ι,
2815 4837 2867 4889 7.

2182 4906 2296 4975 (57)
2329 4907 2537 4960 Omnia.
2560 4906 2712 4960 Joau.
2748 4922 2857 4972 xvr,
2883 4906 2970 4961 15.

2203 4971 2288 5038 58)
2320 4975 2439 5046 Mea
2467 4977 2647 5040 ipsius.
2684 4975 2826 5043 Lego
2853 4974 3089 5046 ἐμαυτοῦ
3121 4988 3217 5046 pro
3243 4971 3448 5046 ἑαυτοῦ.

2203 5047 2291 5118 539)
2326 5038 2979 5118 Constitittus.....'hwres.
3003 5038 3240 5112 Respicit.
3264 5044 3418 5098 Hebr.
3442 5057 3476 5105 I,
3495 5038 3543 5092 2.

2181 5115 2292 5187 (60)
2334 5115 2475 5187 Dixi.
2506 5115 2693 5187 Matth.
2725 5132 2858 5180 xxu,
2883 5116 2938 5168 2.

2182 5183 2292 5256 (6t)
2321 5186 2392 5256 De
2421 5201 2521 5238 me.
2557 5185 2699 5256 Vide;
2722 5197 2826 5240 not.
2855 5188 2943 5248 78,
2975 5199 3093 5252 pag.
3127 5183 3217 5240 27.
3545 5244 3555 5256 ,
3602 5241 3611 5252 .

2327 5253 2628 5326 Consortes.
2683 5254 2899 5309 Locutio
2933 5244 3140 5326 Diblica
3210 5268 3282 5326 ex
3321 5251 3414 5326 illi)
3461 5244 3612 5326 Wall-ni

2110 5321 2254 5390 xciv,
2273 5331 2427 5380 ducta
2459 5341 2471 5376 :
2506 5324 2627 5377 Ριίε
2655 5327 2978 5380 consortibus
3009 5325 3122 5392 (seu
3149 5321 3495 5392 participibus)
3515 5321 3612 5366 tuit-

2113 5388 2263 5461 Quod
2292 5410 2420 5448 vero
2451 5406 2662 5463 spectat
2691 5397 2755 5449 ad
2792 5396 2933 5448 illam
2976 5388 3260 5454 ἁτεάθειαν,
3289 5393 3336 5463 id
3365 5400 3458 5451 est,
3482 5388 3616 5449 impa-

2114 5467 2434 5528 tibilitatem,
2465 5462 2618 5530 Cujus
2645 5482 2742 5518 nos
2771 5467 3054 5534 participes
3075 5464 3207 5534 et‘lici
3243 5462 3475 5523 atlirmat,
3499 5466 3614 5534 quin:

2113 5551 2218 5604 que
2268 5535 2574 5603 Hieronymi
2618 5530 2978 5589 accusatione
3013 5533 3248 5597 infamis,
3287 5530 3618 5604 :iut_siispecla

2114 5600 2328 5666 saltem,
2361 5600 2484 5657 dum
2515 5605 2627 5658 haec
2676 5607 2901 5658 dictaret
2957 5605 3228 5674 Didymus,
3255 5600 3486 5674 nonduin
3511 5603 3615 5674 citi--

2117 5663 2499 5799 ῗῖιοῖιικξιὶἵυέη.
2517 5675 2568 5728 iu
2599 5676 2739 5730 uatis
2771 5675 2838 5730 ad
2880 5663 3071 5746 863m.-
3090 5673 3193 5727 1⁸15
3215 5663 3280 5738 ἀ,
3302 5673 3408 5726 sive
3429 5663 3490 5721 ad
3514 5673 3614 5728 039°

2155 5780 2185 5797 ..
2235 5758 2292 5799 cr
2320 5759 2355 5799 ιι
2405 5760 2416 5796 ι
2457 5759 2524 5799 rt.

2155 5745 2185 5797 ι).
2213 5744 2355 5799 tertii
2382 5743 2524 5799 libri.
