3688 6368
355 277 470 333 395

1628 269 1866 325 DIDYMI
1907 267 2382 323 ALEXANDRINI

3492 280 3567 334 396

366 408 471 446 non
511 400 584 444 est
625 388 784 456 linis;
826 397 901 450 et,
955 386 1242 449 Salvator;
1278 394 1351 451 et,
1401 386 1572 439 omnia
1612 384 1666 436 in
1707 385 1943 437 omnibus

2056 383 2284 447 σεϐεἱας
2337 379 2675 450 μυστήριον
2713 378 2888 449 (δῆλον
2939 378 2982 431 δ’
3032 380 3107 442 ὡς
3156 383 3216 434 τὸ
3268 383 3563 455 Χριστιανων,

363 483 641 547 Christus;
678 491 754 547 et,
802 481 1116 535 Benedictus
1156 483 1208 532 in
1259 477 1489 539 strcula;
1527 486 1600 539 et,
1642 478 1783 543 quod
1823 493 1940 527 ma-

361 588 521 638 gnum
579 580 654 624 est
701 570 906 640 pietatis
950 569 1251 637 mysterium
1285 566 1647 638 [perspicuum
1683 579 1810 617 vero
1836 575 1940 627 est,

365 665 431 718 de
485 661 920 717 Christianorum
974 661 1234 730 mysterio
1280 661 1380 712 hoc
1429 658 1571 722 dici,
1615 655 1755 724 apud
1807 671 1943 724 quos

360 755 611 809 Christus
639 765 698 808 ut
748 755 1019 809 increatus
1064 754 1201 807 Deus
1245 751 1458 822 hymnis
1489 747 1850 819 celebratur];
1889 757 1944 803 et
1976 787 1979 790 -

363 845 506 914 quod
524 859 621 898 sua
641 847 841 898 deitate
860 843 1109 913 populum
1129 842 1383 912 acquirit,
1397 854 1460 893 ac
1479 839 1674 894 liberat
1690 854 1782 895 :eo
1799 841 1941 908 quod

363 938 434 991 sit
455 937 600 992 Patri
627 935 1120 992 consubsrautialis.
1140 934 1324 989 Sancti
1352 932 1470 1004 (15)
1507 946 1660 1002 ergo,
1687 934 1774 1000 qui
1799 947 1942 987 nunc

364 1046 394 1082 ι
441 1030 595 1084 nobis
625 1029 1213 1089 commemorabuntur,
1260 1027 1563 1096 quibusque
1609 1024 1940 1091 Deus,juxta

363 1122 626 1189 psalmum
653 1137 741 1182 xv,
774 1118 1048 1188 notas(lb‘)
1088 1119 1208 1186 fecit
1239 1120 1352 1172 vias
1380 1118 1522 1182 vitaz,
1544 1116 1614 1171 ita
1650 1119 1716 1171 de
1749 1117 1833 1171 his
1864 1117 1942 1170 lo-

364 1222 621 1280 quuutur.
660 1211 825 1264 David
863 1211 912 1262 in
941 1225 1011 1263 vn
1040 1210 1255 1278 quidem
1291 1209 1500 1278 psalmo
1526 1211 1605 1264 sic
1649 1218 1796 1263 orat:
1832 1208 1944 1263 Ea:-

363 1320 516 1372 surge
533 1302 666 1372 (l7),
691 1301 909 1354 Domine
931 1301 1069 1354 Deus
1085 1317 1254 1365 meus,
1286 1301 1342 1354 in
1361 1313 1616 1368 prtecepto
1637 1303 1774 1372 quod
1792 1319 1942 1355 man-

361 1397 591 1457 dasti,et
613 1409 881 1463 synagoga
919 1393 1231 1462 populorum
1262 1392 1608 1446 circumdabit
1645 1404 1713 1454 te,
1741 1403 1787 1446 et
1819 1409 1942 1460 pro-

361 1497 476 1552 pter
514 1486 648 1538 lianc
680 1486 733 1536 in
761 1482 926 1537 altum
963 1483 1253 1553 regredere.
1297 1482 1476 1551 Ipsum
1513 1499 1544 1537 a
1573 1483 1842 1553 Propheta
1883 1493 1943 1538 ut

362 1575 646 1630 Dominum
685 1588 750 1628 ac
786 1574 949 1627 Deum
984 1573 1202 1642 agnosci
1243 1575 1434 1633 sentis,
1458 1588 1622 1642 quem
1666 1574 1827 1628 etiam
1866 1573 1941 1628 ita

366 1675 660 1735 precatur:
695 1662 956 1733 Exsurge,
979 1665 1030 1718 in
1064 1663 1316 1718 ineﬁ‘abili
1349 1672 1438 1718 tua
1464 1664 1859 1727 lncarnatione,
1876 1680 1941 1720 eo

2050 475 2178 544 παρ’
2236 467 2316 534 οἷς
2369 471 2629 540 ἀγένητος
2688 470 2819 534 Θεὸς
2871 473 3116 541 ὑμνεῖται
3148 476 3176 526 6
3210 475 3466 546 Χριστός’)·
3506 485 3569 536 καὶ

2047 565 2129 616 ὅτι
2179 567 2246 635 τῇ
2299 564 2493 617 ἑαυτοῦ
2544 563 2758 633 θεότητι
2794 569 3071 633 περιποιεῖ
3101 567 3192 618 τὸν
3219 567 3366 631 λαὸν,
3411 569 3482 624 διὰ
3531 577 3572 630 τὸ

2047 655 2344 726 ὁμοουσίως
2376 655 2519 724 ἔχειν
2577 654 2712 722 πρὸς
2761 655 2852 707 τὸν
2899 655 3138 726 Πατέρα.
3173 657 3402 710 Τοιῶσδε
3442 664 3575 716 τοίνυν

2050 764 2115 800 πε
2127 747 2177 817 ρὶ
2205 748 2410 799 τούτων
2443 747 2688 815 λέγουσιν
2707 747 2759 798 οἱ
2789 748 3355 819 μνημονευθησόμενοι
3383 753 3575 826 vivacis;

2049 836 2205 906 ἡμῶν
2234 837 2398 904 ἅγιοι·
2429 831 2510 898 οἷς
2535 839 2564 890 6
2616 836 2769 900 Θεὸς,
2803 837 2943 890 κατὰ
2965 838 3056 891 τὸν
3093 845 3153 891 ιε’
3184 839 3424 911 ψαλμὸν,
3445 846 3576 912 ἐγνώ-

2053 946 2199 997 ρισεν
2232 929 2383 992 ὁδοὺς
2423 928 2587 1000 ζωῆς.
2619 928 2800 993 Δαυῒδ,
2837 931 2894 982 ὲν
2946 931 3044 1000 μὲν
3077 931 3120 996 ζ’
3156 931 3355 1003 ψαλμῷ
3405 936 3577 1007 εὐχόμε-

2048 1039 2156 1085 νος·
2205 1021 2594 1090 Ἐξεγέρθητι,
2644 1025 2820 1091 Κύριε
2863 1027 2895 1077 ό
2949 1025 3094 1090 Θεός
3147 1043 3287 1093 μου,
3320 1026 3392 1078 ἐν
3434 1045 3577 1095 προσ-

2045 1113 2296 1184 τάγματι
2323 1107 2372 1179 ᾧ
2405 1113 2703 1178 ἐνετείλω,
2729 1114 2829 1170 καὶ
2859 1115 3183 1185 συναγωγὴ
3212 1116 3380 1170 λαῶν
3401 1121 3581 1174 κυκλώ-

2048 1220 2144 1258 σει
2172 1219 2265 1258 σε’
2308 1203 2407 1257 καὶ
2455 1202 2610 1272 ὑπὲρ
2651 1206 2872 1273 ταύτης
2919 1207 3007 1270 εὶς
3048 1205 3209 1273 ὕψος
3239 1206 3577 1276 ἐπίστρεψον.

2047 1295 2307 1370 Αίσθάνῃ,
2337 1296 2414 1359 ὡς
2442 1297 2471 1348 6
2510 1297 2797 1367 προφήτης
2832 1296 3036 1368 Κύριον
3080 1297 3173 1351 καὶ
3205 1296 3338 1350 Θεὸν
3361 1293 3484 1350 οἶδεν
3508 1304 3580 1354 αὑ-

2046 1387 2158 1450 τὸν,
2213 1389 2309 1441 καὶ
2362 1388 2541 1442 δέεται
2590 1387 2754 1442 αὑτοῦ
2788 1387 2980 1457 λέγων’
3023 1389 3370 1462 Ἐξεγέρθητι
3409 1393 3581 1464 ὲπὶτὴν

2048 1479 2456 1552 ὲνανθρώπησίν
2486 1498 2602 1542 σου.
2630 1482 2819 1553 τρόπῳ
2844 1476 2889 1550 ᾧ
2919 1481 3231 1555 προώρισας
3269 1485 3367 1554 τῷ,
3394 1487 3584 1541 Λύσατε

2048 1573 2156 1625 τὸν
2177 1573 2328 1626 ναὸν
2348 1571 2585 1638 τοῦτον,
2609 1573 2706 1626 καὶ
2727 1573 2796 1628 ἐν
2826 1575 3023 1642 τρισὶν
3042 1575 3289 1644 ἡμέραις
3310 1575 3476 1644 ἐγερῶ
3500 1581 3582 1631 αὺ-

2048 1665 2174 1718 τόν.
2228 1665 2398 1736 ’Υπὲρ
2446 1666 2648 1736 ταύτης
2676 1666 2784 1737 γάρ
2839 1684 3002 1737 φησιν
3053 1667 3154 1738 τῆς
3208 1673 3585 1740 περιγινομένης

363 1759 543 1821 modo,
557 1773 716 1826 quem
740 1759 965 1826 ipsemet
987 1756 1262 1824 praeﬁnisti
1282 1756 1383 1810 illis
1401 1757 1606 1813 verbis:
1623 1756 1816 1812 Solvite
1831 1757 1941 1829 (18)

2056 1757 2179 1826 ἡμῖν
2206 1757 2455 1810 ἐντεῦθεν
2497 1759 2790 1830 σωτηρίας,
2825 1759 2893 1812 τὰ
2926 1761 3024 1831 μὲν
3054 1760 3179 1832 ἔθνη
3213 1764 3278 1832 τῇ
3314 1761 3480 1814 πίστει
3511 1779 3584 1814 κυ-

361 1852 608 1920 templum
658 1849 769 1919 78
805 1850 926 1914 hoc,
960 1858 1009 1902 et
1062 1846 1226 1901 tribus
1275 1848 1463 1903 diebus
1514 1849 1746 1904 excitabo
1783 1851 1938 1904 illud.

366 1943 501 1996 Nam
539 1953 760 2012 propter
788 1943 948 2004 hanc,
979 1940 1175 2009 inquit,
1207 1956 1326 2010 quae
1372 1943 1525 1996 nobis
1555 1943 1678 1998 inde
1712 1957 1933 2014 compa-

364 2045 482 2091 rata
514 2045 616 2100 est,
659 2035 908 2098 salutem,
935 2043 1123 2103 gentes
1149 2035 1366 2102 quidem
1399 2033 1504 2088 ﬁde
1526 2035 1941 2090 circumdabunt

360 2141 434 2191 te,
469 2136 524 2182 tu
559 2141 688 2182 vero
720 2126 845 2180 illuc
889 2126 1030 2179 unde
1069 2129 1139 2180 ita
1191 2127 1411 2192 venisti,
1458 2135 1516 2178 ut
1561 2125 1941 2194 inseparabilis

361 2231 540 2274 tamen
571 2233 837 2283 maneres,
867 2220 1187 2288 regredere;
1227 2218 1279 2271 in
1327 2217 1533 2285 psalmo
1559 2226 1737 2271 autem
1770 2233 1892 2272 XLVI
1921 2236 1936 2274 :

365 2307 632 2378 Deus(l9)
659 2324 882 2376 magnus
934 2306 1213 2368 Dominus,
1260 2315 1310 2358 et
1367 2321 1458 2358 rex
1509 2321 1730 2374 magnus
1787 2321 1942 2372 super

359 2417 565 2456 onmem
625 2410 859 2461 terram;
916 2407 970 2452 et
1015 2399 1066 2450 in
1107 2396 1314 2466 psalmo
1357 2410 1482 2448 χιιι
1528 2412 1542 2448 :
1579 2395 1620 2446 A
1664 2395 1789 2448 solis
1826 2393 1937 2465 (20)

360 2503 480 2544 ortu
534 2505 696 2560 usque
746 2489 814 2541 ad
860 2503 1138 2550 occasum,
1191 2501 1256 2540 ea:
1309 2485 1438 2540 Sion
1482 2486 1676 2553 species
1735 2486 1940 2540 decoris

354 2585 474 2653 ejus
500 2599 520 2637 :
556 2583 693 2637 Deus
727 2580 1002 2648 manifeste
1029 2579 1227 2641 veniet;
1255 2588 1308 2631 et
1352 2579 1402 2631 in
1444 2593 1589 2631 uvu
1623 2594 1637 2631 :
1665 2574 1936 2645 Exsurgat

363 2676 475 2745 (21)
519 2673 680 2738 Deus,
712 2683 760 2728 et
793 2673 1112 2739 dissipentur
1144 2670 1344 2723 inimici
1385 2668 1535 2738 eius;
1572 2677 1663 2723 et:
1705 2667 1818 2722 lter
1858 2667 1942 2736 fa-

351 2772 458 2821 cite
483 2765 592 2838 ('22)
627 2766 674 2819 ei
707 2766 795 2834 qui
850 2767 1082 2816 ascendit
1129 2778 1286 2830 super
1339 2779 1581 2817 occasum
1619 2776 1638 2815 :
1681 2760 1940 2814 Dominus

359 2874 548 2913 nomen
579 2857 706 2923 illi;
737 2865 790 2910 et
833 2855 885 2908 in
929 2871 1089 2909 Luxu
1132 2873 1144 2908 :
1184 2853 1352 2924 Surge
1398 2853 1533 2926 (ἓὸ),
1567 2853 1730 2917 Deus,
1755 2852 1940 2921 judico

358 2959 580 3004 terram.
620 2949 1001 3003 Animadverte
1053 2948 1140 3002 hic
1181 2963 1367 3017 porro,
1425 2947 1697 3016 quomodo
1747 2962 1978 3000 urmrn-.

361 3039 614 3108 quodque
647 3054 712 3093 ex
749 3039 896 3093 hisce
930 3039 1252 3093 testimoniis
1281 3039 1408 3107 quid
1440 3039 1508 3110 de
1529 3038 1665 3092 Filio
1700 3039 1940 3092 sentien-

357 3131 489 3184 dum
521 3131 610 3195 sit,
647 3130 892 3194 deﬁniat,
930 3139 985 3183 et
1033 3144 1220 3183 eorum
1271 3129 1547 3198 quodlibet
1581 3127 1830 3194 sulliciat,
1885 3137 1942 3182 ut

362 3223 514 3278 illum
543 3224 609 3277 ad
639 3223 894 3277 unitatem
935 3233 1182 3290 paterna:
1225 3221 1476 3276 essentia:
1506 3221 1781 3290 pertinere
1820 3235 1941 3289 per-

361 3317 709 3369 suadeamur.
746 3317 824 3368 Ac
858 3313 984 3367 illud
1027 3313 1188 3366 etiam
1216 3313 1466 3374 observa,
1490 3311 1633 3381 quod
1675 3311 1940 3382 magnilo-

363 3419 502 3476 quus
561 3406 794 3474 scriptor
840 3418 996 3466 eum,
1049 3403 1136 3472 qui
1207 3403 1258 3456 in
1323 3403 1605 3472 sepulcro,
1660 3417 1764 3456 non
1825 3404 1944 3458 sine

364 3497 476 3550 vita
506 3495 619 3566 (24)
653 3505 830 3548 tamen
855 3496 1144 3557 exsistens,
1176 3494 1294 3548 ideo
1325 3494 1536 3562 positus
1566 3503 1670 3558 est,
1699 3503 1756 3548 ut
1784 3495 1944 3548 simul

360 3603 488 3641 cum
517 3586 655 3641 vivis
684 3601 776 3640 eos
801 3585 964 3639 etiam
994 3593 1254 3648 servaret,
1297 3584 1388 3654 qui
1436 3599 1467 3638 e
1513 3584 1648 3638 vivis
1687 3599 1939 3640 excesse-

361 3687 505 3744 rant,
547 3678 711 3733 Deum
754 3686 930 3741 vocat,
982 3686 1144 3746 atque
1186 3691 1217 3729 e
1269 3686 1619 3729 monumento
1663 3687 1940 3731 surrectu-

355 3785 483 3825 rum
513 3771 858 3839 praenuntiat,
888 3783 1088 3838 eosque
1129 3767 1517 3836 iudicaturum,
1563 3766 1654 3834 qui
1685 3776 1806 3836 post
1839 3767 1945 3823 tale

363 3876 430 3916 ac
456 3870 666 3915 tantum
693 3860 1014 3915 beneﬁcium
1051 3868 1262 3913 terrena
1307 3857 1544 3926 sapiunt.
1565 3855 1713 3912 Scito
1739 3869 1941 3922 autem,

357 3967 589 4008 occasus
621 3955 838 4008 nomine
884 3967 1006 4006 eum
1051 3951 1342 4004 novissima
1385 3958 1629 4018 tempora
1666 3951 1942 4015 deuorare,

363 4043 559 4112 quibus
613 4042 926 4111 aspectabili
977 4042 1101 4094 huic
1145 4042 1345 4095 mundo
1387 4041 1517 4096 solis
1559 4040 1733 4094 instar
1771 4041 1944 4094 maui-

365 4134 499 4188 fcsle
555 4134 883 4196 imminens,
929 4133 1197 4202 apparuit.
1253 4131 1319 4185 Et
1367 4132 1418 4184 in
1473 4132 1677 4201 psalmo
1721 4147 1880 4185 Lxxvt
1926 4151 1939 4186 :

365 4224 436 4278 In
484 4235 666 4278 sancto
707 4223 817 4296 (25)
855 4223 935 4278 uia
986 4233 1078 4276 tua
1127 4224 1296 4293 :quis
1345 4222 1482 4277 Deus
1531 4240 1774 4292 magnus,
1809 4224 1943 4278 sicut

365 4316 507 4371 Deus
534 4319 745 4370 noster?
773 4313 850 4367 Tu
891 4332 944 4368 es
1004 4312 1166 4375 Deus,
1195 4314 1285 4382 qui
1315 4313 1447 4382 facis
1477 4312 1739 4365 mirabilia
1779 4313 1943 4366 solus.

365 4407 708 4463 lncarnatum
759 4408 922 4462 Deum
960 4405 1192 4462 Verbum
1249 4405 1491 4460 celebrat
1539 4404 1702 4459 etiam
1733 4405 1834 4460 hoc
1885 4405 1938 4458 in

355 4496 506 4560 loco,
528 4494 620 4564 qui
653 4496 706 4549 in
732 4494 958 4550 Judaico
987 4493 1186 4565 templo
1224 4501 1280 4549 et
1311 4493 1504 4548 crebro
1549 4503 1794 4549 versatus
1835 4505 1935 4561 est,

363 4598 419 4640 et
451 4586 655 4648 docuit,
697 4595 752 4640 et
797 4583 1055 4639 miracula
1103 4583 1351 4652 patravit.
1406 4581 1463 4638 In
1515 4583 1721 4651 psalmo
1758 4593 1937 4640 autem

354 4694 508 4735 cxvn
541 4691 558 4733 :
586 4679 896 4732 Benedictus
921 4677 1031 4749 (26)
1065 4679 1154 4747 qui
1176 4677 1319 4729 uenit
1354 4677 1408 4730 in
1449 4677 1652 4730 nomine
1687 4677 1938 4734 Domini:

362 4771 752 4841 Deus'magnus
782 4768 1060 4837 Dominus,
1091 4779 1140 4822 et
1165 4767 1342 4822 illuxit
1375 4768 1541 4824 nobis.
1575 4767 1728 4835 Quod
1753 4771 1798 4826 si
1827 4773 1939 4828 Do-

436 4949 550 5018 (15)
587 4947 794 5018 Sancti.
819 4947 955 5004 Vide
983 4959 1161 5003 notam
1185 4948 1274 5014 95,
1317 4965 1440 5016 pag.
1478 4950 1568 5005 64.

438 5017 552 5088 (16)
591 5017 783 5089 ljotas.
821 5019 1060 5089 Ex_psal.
1095 5035 1185 5086 xv,
1219 5036 1360 5075 vers.
1396 5021 1483 5076 H.

440 5087 554 5156 (l7)
592 5087 864 5158 Exsurge.
885 5087 1028 5143 Psal.
1059 5106 1154 5153 vu,
1183 5105 1324 5146 vers.
1357 5091 1386 5143 7
1414 5103 1468 5146 et
1496 5091 1554 5145 8.

441 5158 554 5225 (18)
595 5157 805 5213 Solvite.
843 5157 999 5213 .loan.
1029 5160 1198 5224 ",19.

442 5228 564 5300 (i9)
579 5226 739 5300 Deus.
757 5225 901 5300 Ijsal.
926 5244 1074 5289 nvi,
1113 5245 1252 5300 vers.
1296 5230 1332 5284 2
1357 5230 1473 5300 (seu
1497 5230 1575 5298 5).
1615 5230 1800 5286 Grzcca
1831 5231 1943 5286 edi-

370 5295 491 5420 :io‘:
523 5295 728 5367 Κύριος
765 5295 1010 5366 ὕψιστος,
1032 5299 1281 5370 φοϐερὸς,
1314 5295 1408 5356 mit
1446 5295 1716 5370 βασιλεύς,
1758 5313 1812 5357 et
1840 5318 1947 5356 caa-

392 5381 506 5421 era.
1397 5409 1399 5412 .

440 5437 554 5511 (iw)
663 5436 811 5489 solis.
839 5436 982 5511 Psal.
1005 5454 1166 5511 _xux,
1199 5453 1340 5494 vers.
1359 5440 1396 5494 2
1420 5441 1544 5496 et5.

463 5506 554 5583 gl)
576 5506 866 5583 (insurgat.
898 5507 1042 5560 Psal.
1072 5523 1242 5573 va-n,
1278 5525 1422 5583 vers.
1455 5513 1480 5564 1
1517 5515 1634 5583 (seu
1665 5513 1740 5583 2).

440 5516 554 5651 (21)
576 5516 856 5574 Exsurgat.
898 5516 1042 5560 Psal.
1072 5523 1242 5573 va-n,
1278 5525 1422 5565 vers.
1455 5516 1480 5564 1
1517 5516 1634 5582 (seu
1665 5516 1740 5583 2).

369 5650 396 5668 ﬁ
464 5576 708 5668 writer.
747 5577 891 5631 Psal.
922 5593 1090 5643 uvu,
1125 5592 1270 5633 vers.
1304 5579 1338 5632 4
1364 5581 1481 5651 (seu
1512 5582 1586 5656 5).
1619 5582 1795 5640 Editio
1817 5600 1831 5639 :
1853 5583 1945 5637 ἐπὶ

365 5665 607 5705 δυσμων.

439 5717 554 5792 (23)
581 5717 766 5791 Surge.
787 5718 929 5781 Psal.
948 5734 1133 5792 Lxxxr,
1158 5733 1300 5778 vers.
1324 5720 1378 5777 8.

2042 1847 2242 1902 κλώσει
2276 1864 2354 1900 σε·
2384 1849 2447 1901 σὺ
2482 1847 2561 1911 δὲ,
2599 1849 2722 1901 ὅθεν
2749 1844 2932 1920 ἦλθες,
2976 1850 3296 1920 ἀχωρίστως
3343 1850 3584 1904 ἐπάνελθε-

2041 1942 2100 1993 ὲν
2129 1940 2185 1993 δὲ
2221 1946 2337 2010 pg"
2374 1939 2517 2006 Θεὸς
2528 1939 2716 2010 μέγας
2745 1942 2978 2009 Κύριος,
3001 1942 3097 1994 καὶ
3117 1941 3418 2008 ,βασιλεὺς
3435 1943 3587 2012 μένας

2040 2032 2138 2084 ἐπὶ
2171 2030 2378 2086 πᾶσαν
2409 2031 2523 2099 τὴν
2565 2031 2704 2103 γῆν*
2748 2033 2805 2084 ὲν
2860 2033 2917 2086 δὲ
2974 2032 3078 2103 μθ”
3141 2033 3275 2086 Ἀπὸ
3316 2033 3591 2088 ἀνατολῶν

2041 2123 2222 2190 ἡλίου
2246 2120 2426 2190 μέχρι
2457 2122 2728 2191 δυσμῶν,
2783 2123 2850 2175 ἐκ
2899 2122 3053 2176 Σιὼν
3082 2124 3120 2191 ἡ
3150 2121 3464 2190 εὐπρέπεια
3509 2121 3590 2188 τῆς

2041 2215 2397 2280 ὡραιότητος
2423 2215 2629 2268 αὐτοῦ·
2686 2218 2717 2268 ὁ
2751 2215 2844 2286 [54
2878 2215 2932 2284 ο]
2984 2215 3127 2280 Θεὸς
3157 2214 3435 2286 sagas-(Bc
3465 2215 3586 2280 ἡξει·

2042 2306 2099 2356 ὲν
2131 2305 2188 2356 δὲ
2235 2302 2329 2369 ξζη
2378 2304 2716 2372 Ἀναστήτω
2746 2283 2778 2358 o'
2807 2283 2972 2370 Θεὸς,
3018 2305 3116 2357 καὶ
3155 2283 3589 2372 διασλτὸρπισϋή-

2041 2413 2244 2449 τωσαν
2287 2399 2340 2450 ol
2391 2397 2591 2464 ἐχθροὶ
2650 2397 2856 2451 αὑτοῦ·
2917 2397 3030 2461 καὶ,
3073 2397 3491 2464 Ὀδοποιὴσατε
3530 2396 3595 2461 τῷ

2040 2487 2411 2554 ἐπιϐεϐηκότι
2433 2488 2530 2540 ἐπὶ
2559 2487 2818 2557 δυσμάςο
2875 2490 3088 2557 Κύριος
3116 2490 3302 2558 ὄνομα
3342 2488 3507 2553 αὐτῷ·
3550 2491 3595 2541 ὲν

2041 2579 2096 2633 δὲ
2145 2587 2255 2634 ira"
2292 2580 2562 2643 Ἀνάστα,
2597 2584 2630 2634 ὁ
2676 2581 2840 2646 Θεός·
2874 2582 3080 2650 κρῖνον
3117 2582 3232 2648 τὴν
3261 2581 3398 2649 γῆν.
3437 2580 3596 2650 Ἀθρει

2045 2670 2162 2739 μὲν,
2183 2668 2300 2732 πῶς
2345 2669 2549 2740 ἑκάστη
2592 2669 2735 2733 λέξις
2780 2670 3008 2723 ἀνάπτει
3062 2673 3160 2741 τὴν
3192 2672 3322 2742 περὶ
3364 2671 3514 2724 αὑτοῦ
3533 2672 3600 2722 δό-

2043 2761 2160 2826 ξαν,
2193 2761 2286 2813 καὶ
2312 2759 2534 2830 ἐξαρκεῖ
2564 2763 2747 2814 πεῖσαι
2777 2763 2874 2832 τῆς
2900 2763 3170 2832 πατρικῆς
3197 2747 3425 2832 μονάδος
3448 2763 3594 2835 ὑπάρ-

2041 2869 2158 2922 χειν
2203 2852 2364 2904 αὐτὸν
2419 2851 2622 2915 οὐσίας·
2659 2855 2753 2907 καὶ
2795 2855 2877 2906 ὃτι
2907 2855 2935 2906 ό
2967 2853 3404 2924 μεγαλογράφος,
3430 2856 3510 2908 τὸν
3555 2859 3601 2907 ὲν

2041 2945 2197 3015 τάφῳ
2223 2947 2282 2998 οὐ
2318 2946 2441 3017 δίχα
2495 2946 2641 3017 ζωῆς
2675 2944 2920 3008 τεθέντα,
2953 2946 3038 2998 ἵνα
3061 2945 3159 2997 σὺν
3186 2948 3296 3009 τοῖς
3333 2947 3490 3010 ζῶσιν
3523 2949 3601 2998 καὶ

2041 3037 2166 3100 τοὺς
2193 3037 2528 3102 ἀπελθόντας
2554 3038 2662 3090 τῶν
2694 3036 3051 3108 ἀνθρωπίνων
3080 3040 3424 3110 πραγμάτων
3455 3040 3602 3111 σώσῃ.

2043 3128 2174 3182 Θεὸν
2207 3131 2384 3194 καλεῖ,
2403 3131 2498 3184 καὶ
2511 3129 2832 3184 ἀνίστασθαι
2858 3130 2952 3183 τοῦ
2974 3133 3250 3202 μνήματος
3273 3133 3603 3204 προφητεύει,

2044 3205 2336 3293 ίιρινοῦντα
2375 3223 2502 3286 τοὺς
2534 3222 2674 3293 μετὰ
2701 3222 2970 3293 τοσαύτην
3001 3224 3093 3277 καὶ
3123 3224 3460 3295 τηλικαύτην
3478 3225 3610 3294 εὐερ-

2045 3313 2238 3380 γεσίαν
2285 3315 2489 3384 γηΐνως
2539 3316 2932 3386 φρονήσαντας.
2980 3316 3119 3369 Ἴσθι
3164 3315 3242 3380 δὲ,
3273 3318 3361 3369 ὅτι
3422 3317 3610 3385 δυσμὰς

2044 3403 2172 3467 τοὺς
2203 3405 2464 3474 ἐσχάτους
2488 3404 2633 3472 λέγει
2662 3404 2907 3474 καιρούς.
2946 3406 3030 3457 Ἐν
3065 3406 3247 3470 αὐτοῖς
3275 3409 3389 3478 γὰρ
3428 3407 3610 3474 ἐπέστη

2045 3495 2307 3565 ἐμφανῶς
2341 3496 2476 3566 τῷδε
2513 3495 2590 3566 τῷ
2615 3496 2788 3566 θεατῷ
2823 3497 3034 3568 κόσμῳ·
3069 3499 3127 3550 ὲν
3177 3498 3234 3551 δὲ
3260 3505 3374 3564 ος’·
3399 3499 3502 3552 Ἐν
3545 3496 3612 3561 τῷ

2044 3585 2189 3653 ἁγίῳ
2205 3585 2242 3652 1)
2270 3583 2410 3650 ὁδός
2427 3600 2564 3638 σου·
2584 3585 2674 3651 τίς
2695 3586 2842 3652 Θεὸς
2851 3587 3058 3656 μέγας,
3086 3587 3168 3653 ὡς
3195 3591 3227 3642 ὀ
3255 3588 3407 3654 Θεὸς
3437 3587 3614 3658 ripam;

2044 3674 2129 3728 Σὺ
2151 3671 2205 3728 εἷ
2232 3677 2266 3728 ό
2316 3676 2461 3741 Θεὸς
2492 3678 2525 3727 ὀ
2560 3675 2746 3730 ποιῶν
2769 3676 3073 3745 θαυμάσια
3100 3679 3312 3746 μόνος.
3344 3681 3450 3733 Τὸν
3497 3698 3615 3747 σαρ-

2047 3766 2295 3820 κωθέντα
2347 3768 2479 3820 Θεὸν
2517 3769 2686 3836 Λόγον
2747 3770 3052 3841 ἀνευφημεῖ
3089 3771 3394 3835 κάνταῦθα,
3441 3774 3532 3827 τὸν
3572 3775 3620 3824 ὲν

2045 3860 2123 3931 τῷ
2159 3859 2430 3931 Ἰουδαῖκῷ
2462 3861 2596 3933 ἱερῷ
2627 3863 3174 3933 ἑμφιλοχωρήσαντα,
3204 3865 3298 3916 καὶ
3319 3864 3617 3928 διδάξαντα.

2044 3951 2138 4006 καὶ
2160 3951 2738 4022 θαυματουργήσαντα·
2762 3954 2820 4005 ὲν
2852 3953 2908 4005 δὲ
2940 3953 3017 4024 τῷ
3041 3953 3161 4026 ριζ’⁶
3204 3955 3622 4027 Εὐλογημένος

2045 4045 2078 4095 d
2108 4043 2436 4112 ἐρχόμενος
2471 4044 2541 4096 ἐν·
2583 4045 2823 4112 ὀνόματι
2855 4045 3098 4113 Κυρίουο
3146 4046 3286 4113 Θεὸς
3305 4047 3504 4118 μέγας
3523 4047 3625 4101 Κύ-

2036 4151 2190 4201 ριος,
2225 4133 2320 4186 καὶ
2348 4133 2651 4203 ἐπέφανεν
2676 4135 2838 4204 ἡμῖν.
2863 4137 2926 4189 Εἰ
2953 4137 3185 4206 εὐλόγως
3222 4140 3386 4211 παρά
3413 4139 3492 4210 τῷ
3513 4155 3625 4210 προ·

2045 4226 2189 4298 φήτῃ
2218 4224 2363 4292 Θεὸς
2383 4226 2598 4296 μέγας,
2634 4229 2728 4282 καὶ
2760 4230 2808 4282 εἰ
2849 4229 3274 4300 εὐλογημένος,
3310 4235 3343 4286 ὃ
3377 4235 3526 4286 ἐστιν
3550 4235 3627 4286 δε-

2041 4316 2388 4387 δοξασμένος,
2415 4317 2509 4372 καὶ
2548 4318 2802 4389 βασιλεὺς
2848 4321 3038 4392 μέγας,
3069 4323 3162 4375 καὶ
3210 4323 3381 4392 μόνος
3430 4325 3629 4395 θαυμα-

1972 4444 2017 4500 D
2043 4409 2272 4479 τουργὸς
2305 4409 2539 4482 ὑπάρχει
2571 4411 2600 4463 6
2632 4413 2914 4481 ἐπιφανεὶς
2942 4415 3074 4484 ἡμῖν
3118 4414 3328 4485 Κύριος
3362 4416 3534 4488 (ἔστιν
3579 4417 3629 4469 δὲ

2045 4502 2073 4554 6
2102 4501 2274 4570 Υίός)⁹
2325 4503 2535 4571 ἀλόγως
2590 4505 2738 4578 παρὰ
2794 4507 3111 4576 αἱρετικοῖς,
3153 4509 3493 4581 μικρότερος
3544 4507 3629 4561 τοῦ

2049 4591 2178 4646 ἰδίου
2205 4594 2418 4666 Πατρὸς
2461 4596 2789 4651 ὑπονοεῖται.
2821 4599 2939 4676 Uine
2958 4599 3232 4670 ἐνδέχεται
3257 4603 3400 4673 γὰρ,
3425 4605 3517 4656 τὸν
3543 4605 3633 4656 αὺ-

2034 4682 2135 4735 ντὸν
2170 4685 2236 4753 τῇ
2291 4683 2536 4756 ἀληθείᾳ,
2593 4685 2824 4756 πρώτως
2876 4687 2975 4758 μὲν
3029 4688 3172 4759 ἔχειν
3203 4691 3356 4744 κατὰ
3388 4695 3495 4765 τὴν
3513 4709 3636 4763 προ-

2047 4775 2292 4845 φητείαν,
2316 4777 2583 4849 δευτέρως
2625 4778 2681 4831 δὲ
2721 4779 2840 4832 κατ’
2862 4781 3123 4845 ἐκείνους.
3152 4782 3214 4834 El
3246 4783 3317 4854 δὴ
3348 4784 3635 4856 πυθόμεθα

2116 4955 2228 5026 (ει)
2261 4955 2383 5010 Non
2408 4958 2521 5010 sine
2547 4957 2672 5029 vita.
2703 4956 2837 5011 Nam
2867 4969 2922 5013 et
2945 4973 3012 5014 eo
3041 4967 3308 5028 tempore,
3357 4975 3476 5029 quo
3491 4959 3642 5013 Chri-

2048 5026 2116 5100 sti
2150 5041 2344 5100 corpus
2382 5029 2432 5080 in
2457 5027 2710 5100 sepulcro
2737 5031 2953 5100 Inansit,
2995 5026 3168 5083 eidem
3195 5026 3427 5100 corpori
3455 5030 3637 5085 divina

2050 5094 2215 5166 Verbi
2256 5113 2484 5166 persona
2511 5094 2793 5166 conjuncta
2831 5094 2948 5153 fuit.

2114 5165 2313 5240 (25)ln
2347 5177 2546 5240 sancto.
2568 5165 2708 5240 Psal.
2743 5185 3086 5240 Lxxvr,vers.
3117 5169 3184 5224 15
3211 5171 3332 5240 (seu
3370 5172 3496 5239 14).
3535 5171 3647 5224 Vox

2047 5235 2228 5304 μόνος,
2257 5237 2306 5289 id
2330 5247 2414 5290 est
2440 5237 2603 5303 solus,
2637 5239 2784 5293 deest
2811 5240 2863 5292 iu
2893 5239 3078 5294 Graeca
3105 5235 3376 5303 editione,
3413 5235 3472 5299 et
3498 5243 3647 5295 vide-

2047 5317 2155 5382 tur_
2185 5309 2288 5382 huc
2344 5306 2603 5382 translata
2629 5325 2722 5382 es
2761 5311 3039 5382 versiculo
3067 5311 3134 5364 19
3170 5314 3375 5382 psalmi
3422 5325 3648 5382 scptua~

2045 5375 2232 5497 gessimi
2289 5377 2482 5445 primi,
2553 5378 2643 5434 ubi
2702 5379 2896 5450 legitur
2951 5397 2965 5433 :
3020 5381 3050 5432 6
3106 5375 3234 5433 πόιιῖ

2049 5461 2086 5497 υ.
2120 5462 2227 5497 νος.

2048 5461 2227 5515 μονος.

2118 5515 2228 5586 (‘26)
2255 5514 2751 5572 Benedictus.Psal.
2789 5534 2956 5584 cxvn,
2985 5535 3129 5575 vers.
3159 5521 3230 5574 24
3271 5533 3329 5577 et
3366 5523 3470 5577 25.
3516 5522 3648 5576 Non

3020 5381 3050 5432 6
3106 5381 3274 5433 ποιῶν
3355 5383 3472 5437 Θαυ
3480 5381 3648 5454 μάσια

2025 5586 2192 5640 nulla
2229 5588 2428 5662 omittit
2455 5589 2797 5662 intermedia.
2842 5590 2953 5662 Vox
2997 5605 3172 5646 autem
3207 5591 3428 5662 μέγας,
3465 5595 3522 5651 id
3548 5603 3648 5660 est,

2052 5672 2292 5727 magnus,
2319 5657 2469 5714 deest
2497 5658 2549 5712 in
2582 5658 2771 5715 Cra-ca
2810 5661 3066 5717 editione.
