3688 6302
359 291 468 345 ωδ

1636 278 1877 335 DlDYMl
1916 272 2388 332 ALEXANDRINI

3522 273 3611 329 405

362 416 486 466 dum
513 409 626 482 (50)
653 409 990 462 traditionem
1034 407 1326 470 hominum,
1375 404 1658 458 secundum
1693 403 1937 456 elementa

2121 397 2246 451 υτοῦ
2279 393 2573 464 συγγενοῦς
2598 393 2957 464 καθέστηκεν,
2988 392 3095 447 κᾶν
3127 395 3195 463 τῇ
3228 392 3519 446 ὑποστάσει
3543 396 3613 446 6;-

365 505 567 566 mundi,
585 516 629 557 et
656 517 755 553 non
773 498 1054 552 secundum
1072 496 1336 551 Christum
1356 494 1574 557 Iesum;
1606 495 1731 563 quia
1748 494 1800 544 in
1827 494 1939 555 ipso

366 593 568 645 habitat
598 591 764 643 omnis
779 587 1051 656 plenitudo
1070 584 1364 640 diuinitatis
1386 583 1760 651 corporaliter;
1791 581 1841 636 id
1859 591 1943 634 est

365 679 829 743 snbstantialiter;
881 693 1004 730 nam
1056 676 1145 730 ille
1193 689 1254 729 ex
1299 683 1485 726 natura
1542 683 1624 727 est
1668 670 1941 741 plenitudo

363 775 502 840 ipsa,
541 787 662 827 cum
693 767 762 825 sit
792 781 1012 839 paterna
1063 769 1174 838 ipse
1216 767 1394 821 Deitas
1444 782 1507 820 ex
1548 764 1780 819 essentia
1815 780 1828 816 :
1861 777 1941 816 et-

363 867 507 921 enim
535 882 638 919 non
661 865 900 933 rapinam
934 863 1044 934 (51)
1071 863 1356 915 arbitratus
1388 871 1590 914 estesse
1610 875 1664 911 se
1685 856 1938 924 tequalem

365 958 497 1012 Deo.
525 957 634 1012 Nos
679 967 858 1010 autem
895 971 960 1008 ex
1001 954 1090 1007 illo
1135 955 1224 1022 qui
1275 962 1358 1006 est
1389 950 1683 1021 plenitudo,
1723 950 1792 1003 ob
1823 949 1942 1018 ejus

364 1050 663 1106 bonitatem
698 1049 928 1120 gratiam
963 1046 1475 1116 acccpimus,quam
1508 1053 1721 1108 natura,
1756 1049 1941 1111 utpote

365 1143 530 1204 servi,
555 1157 662 1199 non
699 1140 1050 1204 habebamus,
1097 1139 1246 1206 juxta
1286 1135 1546 1191 Joannem
1589 1137 1678 1204 qui
1705 1135 1821 1192 ait;
1869 1131 1939 1186 Et

365 1253 431 1290 ex
458 1233 568 1306 (52)
593 1233 911 1297 plenitudine
946 1231 1058 1299 ejus
1088 1245 1180 1283 nos
1209 1245 1382 1284 omnes
1413 1229 1786 1298 accepimus,et
1821 1242 1942 1296 gra-

366 1328 496 1379 tiam
527 1341 621 1393 pro
663 1325 835 1394 gratia
856 1365 870 1389 ,
907 1323 958 1378 id
986 1331 1092 1385 est,
1125 1321 1354 1390 gratiam
1389 1320 1810 1391 regenerationis
1841 1333 1940 1388 pro

367 1417 562 1486 gratia,
609 1430 769 1485 quam
813 1415 1111 1485 abjecimus
1141 1414 1273 1485 (55),
1324 1413 1539 1482 quando
1579 1413 1807 1482 primum
1849 1412 1937 1465 Dei

365 1519 717 1578 praeceptum,
741 1523 847 1576 quo
869 1507 937 1561 ab
965 1523 1069 1560 una
1095 1508 1270 1578 planta
1295 1508 1566 1562 abstinere
1593 1505 1937 1576 jubebamur,

367 1599 784 1669 rt-pndiavimus.
813 1598 935 1653 Non
951 1599 1421 1669 enim,inquit(54)
1444 1595 1660 1664 Paulus,
1677 1596 1790 1667 jam
1815 1596 1939 1650 estis

365 1689 475 1760 83
507 1692 600 1744 sub
627 1689 755 1759 lege,
777 1700 866 1746 sed
889 1690 986 1744 sub
1015 1693 1210 1760 gratia.
1229 1690 1296 1744 Et
1323 1707 1510 1745 rursus
1533 1709 1546 1744 :
1574 1688 1712 1755 Quia
1740 1690 1854 1757 (55)
1887 1691 1942 1741 in

366 1786 479 1848 ipso
501 1783 833 1848 complacuit,
874 1799 1076 1837 omnem
1113 1783 1486 1852 plenitudinem
1525 1783 1841 1846 inhabitare,
1892 1792 1941 1836 et

368 1890 462 1937 per
483 1890 602 1928 eum
645 1875 984 1929 reconciliare
1031 1874 1272 1928 omniain
1319 1875 1516 1945 ipsum.
1571 1873 1943 1929 Consentanea

369 1965 638 2018 suntluec
675 1981 892 2034 quoque
944 1967 1347 2035 superioribus;
1401 1982 1524 2020 nam
1577 1981 1698 2020 cum
1754 1974 1942 2020 natura

369 2055 532 2111 Pater
554 2057 603 2110 in
631 2057 788 2125 Filio,
825 2068 876 2113 et
908 2057 1079 2112 Filius
1103 2059 1154 2112 in
1186 2057 1367 2122 Patre,
1395 2057 1641 2128 quamvis
1665 2058 1943 2128 hypostasi

369 2149 678 2212 distinctus,
730 2151 987 2213 exsistat,
1045 2151 1188 2208 sicut
1237 2166 1398 2206 omne
1451 2150 1613 2204 etiam
1663 2151 1944 2220 συγγενές,

373 2243 475 2296 hoc
513 2253 598 2297 est
635 2244 989 2309 (ocitsistens,
1023 2243 1380 2312 inseparabile
1426 2243 1826 2313 quodammodo
1877 2243 1946 2297 ab

371 2335 461 2387 illo
503 2344 606 2395 est,
644 2336 795 2404 cujus
823 2345 1066 2404 respectu
1098 2337 1431 2390 cnexsistens
1465 2345 1549 2390 est
1579 2357 1590 2392 :
1645 2336 1849 2390 idcirco
1888 2336 1943 2390 in

374 2441 461 2484 ιιι),
494 2425 559 2476 de
589 2440 694 2492 quo
741 2441 923 2479 sermo
954 2438 1056 2490 est,
1111 2424 1404 2495 Scriptura:
1451 2434 1600 2481 textu
1654 2437 1798 2480 recte
1833 2425 1944 2497 (56)

372 2515 558 2578 etiam,
590 2515 690 2568 etsi
722 2516 872 2569 valde
898 2517 1182 2587 profunde,
1210 2531 1271 2570 ac
1309 2517 1378 2570 ita
1408 2527 1464 2571 ut
1495 2517 1652 2573 facile
1682 2520 1732 2573 id
1759 2535 1946 2574 omnes

371 2611 587 2678 οπεοᾳυί
626 2620 919 2678 nequeant,
954 2610 1192 2664 additum
1240 2618 1365 2665 est:
1417 2606 1520 2663 Per
1554 2611 1746 2678 ipsum,
1795 2621 1843 2664 et
1892 2613 1946 2664 in

373 2703 544 2758 imum
581 2702 922 2755 reconciliare
943 2707 1118 2756 omnia
1145 2719 1162 2756 :
1195 2704 1330 2757 adeo
1359 2713 1417 2758 ut
1464 2702 1601 2757 Filio
1631 2720 1844 2773 quoque
1879 2705 1943 2758 il-

373 2795 464 2847 lu.l
518 2795 828 2856 conveniat,
873 2793 1014 2862 quod
1068 2794 1132 2848 de
1184 2793 1344 2849 Patre
1389 2796 1441 2848 in
1477 2797 1647 2850 sacris
1710 2798 1946 2853 ornenlis

372 2885 574 2936 dictum
613 2891 692 2936 est
719 2899 732 2934 :
771 2882 855 2936 Ex
878 2898 979 2952 quo
1014 2883 1126 2954 (57)
1165 2887 1376 2950 omnia;
1399 2888 1441 2939 si
1474 2896 1617 2939 recte
1647 2888 1864 2957 quidem
1889 2904 1946 2942 Sc

375 2974 574 3026 habent
612 2985 664 3026 et
690 2989 807 3042 qua:
831 2977 990 3026 modo
1017 2974 1157 3027 dicta
1176 2987 1323 3042 sum,
1352 2985 1399 3028 et
1428 2976 1580 3039 illud,
1606 2977 1670 3031 In
1699 2980 1807 3045 ipso
1833 2980 1943 3050 (58)

2043 489 2329 552 έζευκται·
2360 483 2538 547 καλῶς
2559 483 2653 536 καὶ
2669 486 2696 535 ὁ
2716 485 2774 537 ἐν
2801 483 2879 554 τῷ
2903 483 3207 554 κινουμένῳ
3228 483 3429 553 ὲδαφίῳ
3456 483 3611 552 λόγος,

2043 580 2090 630 εί
2123 579 2216 630 καὶ
2246 577 2384 644 ἄγαν
2419 573 2647 646 βαθέως,
2686 573 2800 627 ἀλλ’
2831 575 2890 626 οὐ
2940 577 3104 626 πᾶσιν
3149 574 3514 635 εὐσυνόπτως,
3547 578 3614 626 A.‘

2041 667 2229 721 αὐτοῦ
2281 665 2380 719 καὶ
2422 667 2510 730 εις
2561 663 2750 717 αὐτὸν
2783 663 3357 722 ἀποκαταλλιὶσσειν
3381 662 3453 715 τὰ
3485 662 3616 715 πάν-

2040 779 2113 814 τα
2133 777 2146 792 ⁸
2198 760 2273 822 ὡς
2305 759 2602 831 ἁρμόττειν
2646 757 2723 828 τῷ
2757 756 2873 826 Υίῷ
2925 759 3020 808 καὶ
3053 757 3112 809 τὸ
3145 756 3273 826 περὶ
3303 754 3395 808 τοῦ
3423 756 3614 824 Πατῷς

2042 851 2278 924 χρησθέν
2301 868 2312 878 ·
2361 851 2456 915 Ἐξ
2479 846 2549 904 οὗ
2582 849 2652 902 τὰ
2677 848 2904 928 πάνταο
2939 849 3097 919 εἴπερ
3127 848 3297 915 ὑγιῶς
3329 847 3545 916 ἔγει,τά
3567 865 3611 899 τε

2044 945 2140 999 νῦν
2173 944 2456 1016 εἰρημένα,
2515 942 2574 995 τό
2605 959 2687 1004 τε,
2733 943 2830 994 Ἐν
2881 939 3039 1005 αὐτῷ
3100 940 3366 994 κατοικεῖ
3414 939 3534 993 πᾶν
3561 955 3613 992 το

2042 1037 2333 1106 πλήρωμα
2364 1035 2476 1103 τῆς
2508 1036 2800 1101 θεότητος.
2865 1035 2973 1086 Καὶ
3018 1033 3268 1103 Τιμοθέῳ
3305 1033 3363 1085 δὲ
3394 1033 3615 1102 γράψας,

2043 1133 2125 1194 είς
2159 1132 2326 1200 ἄκρον
2357 1129 2709 1199 ὲθεολόγησεν
2743 1127 2872 1198 περὶ
2921 1127 3109 1190 αὑτοῦ,
3168 1127 3263 1179 καὶ
3307 1128 3398 1179 ἀπ’
3431 1127 3617 1196 ἀμφοῖν

2041 1224 2149 1276 τῶν
2173 1223 2392 1288 λέξεων,
2438 1221 2499 1273 τὸ
2533 1221 2606 1292 μὴ
2650 1214 2790 1272 εἶναι
2824 1219 2966 1271 κατὰ
2999 1218 3228 1288 θεότητα
3279 1216 3432 1286 παρά
3472 1217 3617 1284 φύσιν

2041 1317 2140 1389 τὴν
2169 1315 2440 1386 πατρικὴν
2475 1313 2730 1378 ἐδίδαξεν.
2762 1311 2928 1366 Εἶπεν
2962 1312 3071 1382 γὰρ
3091 1310 3312 1364 τοιῶσδε
3335 1326 3350 1341 ο
3392 1310 3616 1378 Ὁμολο-

2043 1409 2344 1480 γουμέ-νως
2388 1409 2540 1478 μέγα
2577 1408 2749 1460 ἐστὶν
2796 1407 2860 1460 τὸ
2896 1405 3006 1472 τῆς
3053 1405 3363 1468 εὐσεϐείας
3393 1401 3618 1471 μυστή-

2036 1519 2192 1571 ριον·
2208 1501 2342 1567 θεὸς
2366 1499 2708 1569 ἐφανερώθη
2729 1500 2799 1553 ἐν
2821 1495 3342 1566 σαρκὶ,ἐδικιιιώθη
3364 1495 3433 1546 ἐν
3444 1495 3618 1546 Hrcu-

2037 1612 2200 1663 ματι,
2225 1593 2390 1663 ὤφθη
2419 1593 2693 1662 ἀγγέλοις
2718 1589 2888 1664 [5(Ξὸ],
2905 1592 3204 1657 ἐκηρύχθη
3231 1589 3490 1647 ἔθνεσιν,
3511 1586 3618 1637 ἐπι-

2043 1689 2265 1755 στεύθη
2291 1688 2360 1741 ὲν
2387 1688 2615 1755 κόσμῳ,
2675 1683 2986 1753 ἀνελήφθη
3031 1684 3102 1736 ἐν
3121 1683 3292 1749 δόξῃ.
3328 1680 3494 1734 Οὖπω
3521 1678 3617 1749 γὰρ

2047 1783 2212 1835 πᾶσιν
2256 1779 2444 1849 σαφῶς
2479 1777 2700 1850 ἔκδηλος
2729 1776 2804 1829 ὢν
2837 1772 2990 1838 οὗτος
3019 1777 3047 1828 ὁ
3081 1775 3295 1828 πάντων
3319 1789 3617 1842 γενεσιουρ-

2047 1874 2144 1942 γὸς
2203 1872 2298 1926 καὶ
2323 1870 2640 1941 εὐεργέτης,
2705 1868 2946 1938 ἐκφανὴς
2977 1866 3198 1937 εὑρέθη,
3221 1866 3383 1936 ἡνίκα
3413 1864 3500 1916 διὰ
3533 1866 3621 1934 τὴν

2047 1967 2263 2019 πάντων
2286 1963 2559 2034 σωτηρίαν
2593 1960 2808 2028 ἐγένετο
2852 1957 3155 2028 ἐθελοντὴς,
3191 1957 3285 2009 καὶ
3309 1955 3385 2018 ὡς
3413 1951 3492 2018 εἷς
3525 1955 3620 2006 τῶν

2048 2059 2284 2111 πάντων.
2320 2055 2482 2108 Ὅθεν
2518 2052 2824 2120 ἐδικαιώθη
2856 2053 2926 2105 ἐν
2957 2052 3274 2120 Πνεύματι,
3309 2049 3452 2102 τοῦτ’
3488 2048 3621 2100 ἔστιν

2046 2147 2362 2217 ἀπεφάνθη.
2394 2148 2478 2218 ἥτ’
2511 2143 2603 2200 οὖν
2637 2143 2962 2214 ἐϐεϐαιώθη,
3001 2142 3092 2195 καὶ
3125 2142 3274 2210 παρά
3293 2142 3401 2193 τῶν
3429 2141 3621 2208 ἀγνοη-

2048 2241 2256 2294 σάντων
2288 2239 2452 2292 αὑτὸν
2511 2241 2567 2292 ἐν
2620 2237 2698 2308 τῷ
2751 2235 2974 2290 ὄπισθεν
3014 2234 3190 2305 χρόνῳ
3222 2232 3475 2302 ἀληθινὸς
3495 2227 3622 2284 εἶναι

2045 2333 2178 2396 θεός
2202 2349 2216 2364 ⁶
2244 2333 2339 2386 καὶ
2371 2330 2530 2384 τοῦτό
2555 2347 2741 2400 φησιν,
2781 2329 2881 2382 οὐκ
2907 2327 3305 2388 ἀϐασανίστως,
3348 2325 3462 2378 ἀλλ’
3495 2325 3622 2392 αὐτῇ

2046 2427 2112 2494 τῇ
2152 2423 2357 2494 ψυχικῇ
2387 2421 2543 2493 ἡμῶν
2587 2421 2820 2491 κινήσει,
2867 2418 2942 2478 ὼς
2973 2419 3007 2489 ὴ
3053 2417 3205 2486 κοινὴ
3231 2416 3488 2486 συνήθεια
3523 2415 3625 2482 ἔχει

2045 2515 2254 2584 λέγειν·
2302 2517 2359 2566 Ὀ
2390 2514 2537 2567 δεῖνα
2561 2509 2851 2580 ἐδικαιώθη
2883 2508 3136 2579 ἀληθινὸς
3176 2503 3316 2560 εἶναι
3351 2506 3470 2568 υἱὸς
3508 2503 3623 2556 τοῦ·

2045 2609 2124 2671 δε,
2153 2609 2332 2660 πίστιν
2364 2605 2554 2675 γένους
2594 2602 3005 2675 παρασχόμενος
3026 2617 3038 2630 ·
3079 2601 3171 2652 καὶ
3189 2599 3372 2652 ἄλλοτε
3395 2613 3410 2628 ’
3448 2597 3504 2649 Ὀ
3533 2596 3627 2647 δεῖ·

2047 2721 2112 2756 να
2142 2700 2426 2771 ἐδικαιώθη
2481 2697 2661 2760 καλῶς
2691 2694 3062 2766 ἡγεμονεύειν.
3118 2693 3230 2745 Καὶ
3260 2693 3347 2743 ἴνα
3374 2688 3626 2742 πιστικώ-

2045 2811 2202 2865 τερος
2237 2796 2266 2847 ὁ
2297 2791 2455 2860 λόγος
2486 2793 2652 2860 φανῇ,
2679 2783 2860 2857 ὦφθαι
2887 2786 3047 2839 αὑτὸν
3070 2785 3208 2848 ἀξιοί
3232 2785 3326 2837 κα).
3355 2782 3623 2850 ἀγγέλοις,

2047 2882 2267 2946 οἷστισι,
2297 2884 2386 2938 διὰ
2417 2883 2516 2953 τὴν
2545 2881 2692 2934 θείαν
2718 2879 2882 2933 αὐτοῦ
2925 2878 3177 2949 ἀπειρίαν
3206 2877 3300 2929 καὶ
3328 2875 3627 2943 ἀνειδεότη-

2047 2996 2137 3038 τα,
2169 2978 2399 3047 ἀόρατος
2425 2972 2492 3047 ἦν
2545 2973 2653 3045 πρὸ
2705 2973 2914 3025 ἐκείνου
2960 2970 3054 3024 τοῦ
3095 2969 3288 3040 χρόνου
3331 2967 3628 3037 ὁμοίωςτῷ

374 3063 575 3116 habitat
601 3065 767 3117 omnis
799 3064 1070 3132 plenitudo
1109 3068 1418 3121 divinitatis.
1471 3070 1550 3121 Ad
1603 3069 1937 3126 Timotheum

2121 3087 2194 3138 νῳ
2223 3069 2439 3139 ἀοράτῳ
2468 3066 2586 3137 Θεῷ
2609 3083 2622 3097 ο
2670 3066 2763 3118 καὶ
2793 3065 2885 3117 ὑπ’
2911 3064 3087 3118 αὐτῶν
3119 3059 3387 3132 ὑμνῆσθαι
3408 3077 3422 3090 ’
3484 3059 3626 3121 Δόξα

376 3170 590 3224 ηιιιιῳιθ
630 3155 894 3220 scribens,
940 3157 1133 3209 mirum
1181 3157 1233 3210 in
1275 3162 1488 3212 modum
1542 3161 1776 3230 theologi
1822 3180 1942 3217 mu-

378 3263 508 3302 nere
539 3248 757 3302 intinctus
790 3262 894 3313 est,
921 3249 1043 3303 Filii
1073 3251 1411 3306 divinitatem
1455 3268 1740 3309 asserens:
1786 3267 1946 3325 atque

376 3340 642 3393 ambobus
679 3341 729 3393 in
757 3340 888 3394 locis
926 3342 1122 3409 ipsum,
1161 3353 1396 3412 spectata
1438 3345 1554 3413 ejus
1586 3345 1784 3400 deitate
1809 3346 1944 3416 (59),

377 3447 408 3484 a
467 3440 689 3500 paterna
743 3441 933 3485 natura
974 3432 1208 3488 alienum
1264 3450 1369 3490 non
1427 3451 1547 3490 esse
1597 3438 1817 3491 docuit:
1867 3440 1947 3494 sic

377 3523 521 3576 enim
551 3524 626 3577 ait
655 3542 669 3578 :
704 3523 984 3592 Mani/este
1013 3523 1126 3596 (60)
1157 3542 1402 3595 magnum
1425 3538 1501 3582 est
1529 3528 1736 3596 pietatis
1767 3547 1949 3584 sacra-

376 3625 640 3669 mentum:
677 3616 812 3670 Deus
843 3618 956 3686 (61)
985 3619 1349 3686 manifestatus
1389 3631 1466 3676 est
1496 3623 1548 3674 in
1572 3639 1748 3687 carne,
1781 3624 1946 3693 justi-

376 3707 564 3778 ﬁcatus
592 3711 741 3763 estin
793 3709 1020 3778 Spiritu,
1069 3716 1311 3782 apparuit
1363 3715 1582 3784 angelis,
1633 3717 1946 3784 pra'dicatus

378 3808 454 3849 est
478 3800 738 3867 gentibus,
792 3803 1021 3856 creditus
1063 3812 1138 3857 est
1187 3804 1402 3868 mundo,
1444 3813 1740 3872 assumptus
1781 3815 1854 3858 est
1893 3807 1945 3859 in

384 3983 512 4058 quid
548 4000 710 4058 unum
751 3999 782 4038 e
831 4003 923 4041 sex
951 4001 1012 4040 ac
1035 3986 1223 4054 viginti
1255 3985 1624 4058 superioribus
1649 3987 1954 4058 capitibus?

384 4055 437 4109 ln
463 4055 527 4106 iis
551 4055 788 4124 quidem,
879 4072 958 4110 uae
989 4067 1301 4124 supersunt,
1335 4057 1500 4108 semel
1560 4055 1768 4112 tantum
1819 4059 1953 4111 cita-

384 4136 475 4179 tnr
512 4125 662 4179 locus
702 4127 789 4179 bic
825 4073 1077 4179 [Epistolas
1109 4128 1175 4179 ad
1202 4127 1570 4179 Colossenses.
1607 4128 1814 4179 scilicet
1861 4143 1952 4179 ca-

384 4136 475 4179 tur
512 4125 662 4194 locus
702 4127 789 4180 bic
825 4125 1077 4194 Epistolas
1109 4128 1175 4180 ad
1202 4127 1570 4192 Colossenses,
1607 4128 1814 4183 scilicet
1861 4143 1952 4182 ca-

383 4195 498 4262 pite
529 4193 614 4257 l6,
640 4211 810 4262 scgm.
846 4196 915 4250 l6
946 4215 1000 4262 a,
1033 4196 1077 4250 si
1133 4207 1310 4250 tamen
1348 4195 1416 4248 ibi
1461 4197 1608 4251 illum
1635 4199 1813 4263 citari,
1842 4213 1947 4250 non

384 4280 515 4318 vero
565 4267 740 4336 potius
783 4268 996 4336 attingi,
1052 4265 1338 4336 dicendum
1379 4274 1480 4320 est.
1523 4269 1594 4336 At
1635 4269 1756 4335 quis
1797 4276 1947 4336 putet

387 4334 702 4407 caput‘illnd
733 4337 798 4388 l6
831 4333 1174 4403 bie'respici‘l
1214 4335 1474 4407 Equidem
1516 4333 1739 4392 indicari
1768 4333 1948 4407 potius

2050 3161 2119 3213 ἐν
2146 3163 2428 3228 ὑψίστοις
2452 3158 2593 3225 Θεῷ,
2633 3159 2728 3210 καὶ
2773 3158 2870 3210 ἐπὶ
2903 3156 3016 3226 γῆς
3059 3155 3266 3223 εἰρήνη
3288 3170 3300 3182 °
3325 3154 3392 3206 ἐν
3415 3152 3631 3218 ἀνθρὼ-

2053 3267 2184 3317 ποις
2212 3251 2456 3305 εὐδοκία
2479 3267 2492 3278 ·
2522 3249 2861 3321 κεκηρύχθαι
2895 3248 2952 3301 δὲ
2982 3249 3038 3300 ὲν
3065 3246 3198 3317 τῷδε
3227 3245 3306 3316 τῷ
3332 3246 3522 3304 παντὶ,
3547 3242 3632 3298 καὶ

2055 3343 2430 3402 πεπιστεῦθαι,
2461 3344 2652 3411 ὅτιπερ
2679 3344 2707 3394 ό
2729 3343 2791 3393 ὲκ
2823 3340 2915 3392 τοῦ
2938 3341 3175 3410 ἀρρήτου
3203 3337 3378 3407 φωτὸς
3393 3335 3632 3405 ἀχρόνως

2053 3435 2357 3506 ἐκλάμψας,
2393 3435 2498 3488 ἀπὸ
2539 3435 2640 3504 τῆς
2683 3433 3062 3503 Ἀειπαρθένου
3119 3434 3176 3485 ὲν
3224 3430 3480 3499 ὑστέροις
3524 3447 3635 3481 nato

2058 3532 2168 3600 ροῖς
2206 3527 2295 3581 διά
2325 3527 2730 3598 φιλανθρωπίαν
2748 3527 3039 3596 ἀφράστως
3059 3523 3275 3594 ἐτέχθη,
3305 3523 3373 3576 τὰ
3395 3523 3634 3595 πατρικά

2054 3623 2231 3674 πάντα
2287 3621 2526 3691 ἐκφήνας
2588 3623 2644 3672 ὲν
2708 3619 2924 3688 ἑαυτῷο
2980 3616 3372 3686 ἀναϐεϐηκέναι
3427 3633 3492 3668 τε
3552 3615 3636 3667 τὸν

2052 3713 2234 3766 πάντα
2258 3713 2649 3782 περιειληφότα
2678 3713 2734 3764 ὲν
2771 3710 2917 3781 δόξῃ,
2953 3704 3092 3781 ᾖάε).
3125 3708 3419 3776 ἐτύγχανεν
3439 3707 3517 3758 ὢν
3549 3723 3636 3776 με·

2053 3805 2120 3858 τά
2149 3805 2243 3858 τοῦ
2283 3805 2438 3858 Θεοῦ.
2484 3804 2815 3868 Ἀξιόπιστος
2841 3802 2897 3854 δὲ
2929 3803 3020 3854 καὶ
3049 3801 3228 3865 αὐτὸς,
3261 3801 3387 3870 περὶ
3416 3792 3484 3852 οὗ
3515 3801 3544 3852 ὀ
3566 3798 3641 3851 λό-

2131 3989 2244 4060 (55)
2285 3990 2446 4060 Quia.
2495 3988 2765 4060 COlOSS._l,
2799 3988 2864 4060 1A9
2897 3983 3044 4038 e120

2129 4050 2240 4130 (56)
2281 4050 2445 4113 Texta
2495 4072 2648 4113 recte.
2695 4050 2759 4112 ln'
2799 4058 3004 4118 Graeco,
3054 4055 3261 4130 καλῶς,
3305 4050 3636 4130 etfamili-

2057 4123 2172 4184 Nisi
2224 4123 2477 4185 librarius
2506 4130 2705 4194 aliquid
2747 4129 2959 4189 omisit,
2996 4127 3333 4190 snbintellige
3366 4123 3512 4192 ἔχει,
3552 4131 3643 4174 aut

2055 4201 2181 4268 quid
2226 4200 2420 4254 simile.
2491 4199 2737 4268 Ἐδάφιον
2784 4215 2909 4252 vero
2948 4209 3026 4251 est
3095 4199 3156 4250 τὸ
3212 4196 3492 4268 κείμενον.
3550 4207 3641 4244 seu

2054 4265 2245 4322 textus.
2280 4269 2352 4322 lta
2387 4271 2524 4337 apud
2555 4265 2908 4323 Athanasium
2941 4269 3067 4322 dial.
3102 4269 3134 4322 5
3172 4268 3244 4320 De
3277 4265 3464 4337 1'rin_.._
3497 4273 3640 4337 tom.

2059 4339 2128 4403 ll,
2168 4355 2291 4408 pag.
2332 4335 2438 4392 ‘290
2464 4359 2476 4393 :
2503 4339 2716 4393 Μᾶλλον
2744 4339 2853 4410 γὰρ
2882 4340 2944 4390 ὲκ
2966 4337 3084 4410 ⁸τοῦ
3123 4337 3340 4410 ὲδαφίου
3386 4335 3646 4410 διδάσκο-

387 4403 712 4484 crediderim
739 4420 899 4484 caput
923 4407 1010 4484 15,
1039 4403 1458 4484 autfapitulum
1502 4407 1714 4484 aliquod
1757 4403 1946 4484 capitis
1976 4424 2028 4484 ι)
2053 4403 2195 4484 μεν(
2237 4403 2334 4464 Ubi
2383 4411 2664 4484 interpres
2721 4403 2881 4484 vertit
2909 4426 2922 4460 :
2957 4406 3126 4476 Magis
3147 4477 3160 4484 _
3190 4403 3324 4484 enim
3347 4477 3357 4484 ⁸
3382 4409 3454 4456 ab
3517 4407 3645 4474 ipsis

387 4476 532 4528 illius
556 4477 705 4542 plura
738 4477 993 4546 habentis
1026 4475 1316 4546 κεφάλαια.
1349 4491 1442 4529 seu
1475 4477 1728 4545 capitula,
1753 4477 1819 4531 de
1841 4494 1946 4546 quo

387 4546 496 4598 dixi
539 4554 650 4600 not.
685 4545 775 4605 94.
811 4547 1036 4614 [ηψπ.
1067 4545 1199 4600 Vide
1227 4547 1477 4615 segm.68
1511 4564 1560 4598 a.

459 4615 571 4681 t50)
622 4615 940 4671 Secundum.
993 4615 1200 4672 Coloss.
1261 4633 1319 4680 ll,
1365 4616 1397 4671 8
1451 4626 1504 4669 et
1565 4618 1616 4672 9.
1682 4617 1958 4671 Librarius

387 4701 572 4755 porro,
607 4702 725 4741 mea
779 4689 992 4757 quidem
1047 4687 1335 4749 sententia,
1368 4686 1569 4757 aliquid
1621 4689 1709 4742 hic
1750 4689 1954 4741 omisit.

387 4757 527 4821 Quid
587 4759 731 4811 enim
772 4756 872 4811 sibi
921 4757 1033 4812 vult
1086 4757 1212 4809 illud
1263 4757 1350 4810 διὰ
1391 4756 1466 4821 τί,
1526 4758 1576 4810 id
1625 4767 1710 4810 est
1751 4758 1961 4825 quare?

387 4830 520 4880 (lum
557 4827 721 4896 igitur
769 4830 821 4882 in
857 4828 1023 4881 citan
1065 4826 1212 4879 Pauli
1278 4827 1392 4881 loco
1435 4827 1690 4892 legatur:
1737 4827 1833 4879 Διά
1863 4827 1960 4897 τῆς

388 4897 705 4966 φιλοσοφίας
753 4899 848 4952 καὶ
880 4899 1041 4969 κενῆς
1081 4897 1315 4967 ἀπάτης,
1338 4897 1478 4950 κατὰ
1515 4897 1611 4969 τὴν
1641 4897 1957 4969 παράδοσιν,

389 4981 438 5018 t'l
478 4969 702 5034 reliqum,
737 4981 844 5022 uta
882 4967 1106 5036 Didymo
1146 4970 1418 5032 citantur;
1470 4967 1668 5022 idcirco
1701 4967 1817 5034 pio,
1870 4967 1961 5020 διὰ

388 5036 723 5158 »εὸτιεοιῄίεἱυ
754 5041 825 5092 ita
857 5038 1141 5108 legendum
1177 5053 1318 5103 esse,
1373 5048 1431 5092 ut
1469 5039 1635 5094 habet
1663 5037 1959 5093 Bibliorum

391 5121 418 5158 ε
463 5124 473 5157 ι
508 5122 576 5158 ιο.

391 5117 576 5160 εαιιιο.

463 5177 575 5248 (51)
605 5177 726 5248 IXon
752 5180 1012 5246 rapinam.
1038 5177 1267 5248 Philipp.
1303 5195 1368 5242 ll,
1404 5178 1457 5232 ti.

462 5246 573 5314 (5‘2)
604 5245 671 5299 Et
700 5263 785 5300 ex.
811 5248 964 5302 Joan.
989 5264 1029 5309 ι,
1060 5249 1144 5302 16.

465 5316 576 5387 (55)
631 5319 949 5388 ᾼὺῙεείηιαε.
1009 5318 1110 5372 Pro
1163 5318 1530 5388 ἀπελάϐομεν,
1579 5317 1718 5387 lego,
1759 5318 1963 5371 ἀπεϐά-

390 5385 577 5457 λομεν.
632 5385 763 5460 Nam
815 5388 880 5440 τὸ
913 5388 1319 5458 ἀπολαμϐάνειν
1355 5385 1456 5458 τῆν
1484 5385 1644 5460 χάριν
1675 5391 1798 5443 huic
1847 5393 1962 5442 loco

395 5461 606 5510 \inetur
639 5459 817 5512 minus
847 5468 1206 5526 opportunum
1242 5477 1254 5511 :
1290 5461 1490 5513 librarii
1545 5459 1670 5512 vero
1702 5475 1805 5512 non
1839 5473 1962 5511 raro

395 5530 617 5580 .olteram
651 5542 836 5581 vocem
861 5545 957 5596 pro
979 5529 1146 5582 altera
1168 5532 1410 5582 scribunt
1446 5530 1497 5582 in
1538 5531 1762 5583 vetustis
1800 5546 1966 5584 mem-

394 5599 598 5667 branis,
627 5611 683 5651 ut
706 5607 901 5653 norunt
945 5601 1037 5667 qui
1072 5614 1163 5652 eos
1203 5599 1450 5652 evolvere
1476 5610 1890 5653 consueverunt.

433 5666 578 5754 ⁸(54)
635 5667 836 5739 Inquit.
899 5666 1054 5724 liom.
1096 5684 1171 5733 vt,
1214 5672 1300 5736 14,
1340 5670 1428 5726 ubi
1459 5670 1672 5741 legitur,
1723 5670 1806 5734 οὐ,
1866 5685 1964 5741 pro

391 5755 572 5790 τδυκξτι

2063 4481 2421 4550 fundamentis
2452 4482 2744 4550 erudimur.
2779 4481 2882 4532 Sed
2925 4477 3191 4550 umrsatis
3221 4477 3478 4531 feliciter.

2133 4550 2246 4613 (57)
2288 4549 2371 4602 Ea:
2405 4567 2528 4619 quo.
2572 4551 2588 4603 l
2625 4553 2689 4602 ad
2717 4549 2842 4605 Cor.
2871 4563 2986 4611 vm,
3019 4548 3070 4602 6.

2135 4619 2245 4690 (58)
2284 4621 2491 4690 tiloloss.
2527 4637 2586 4679 ll,
2621 4619 2672 4673 9.

2137 4685 2246 4757 (59)
2289 4689 2510 4741 Deitate.
2556 4691 2917 4743 Eunomianos
2955 4691 3158 4757 carpit,
3193 4689 3281 4758 qui
3321 4685 3496 4740 Deum
3529 4689 3648 4755 qui-

2065 4761 2187 4815 dem
2223 4760 2472 4813 dicebant
2503 4759 2722 4823 Filium,
2765 4761 2855 4830 sed
2886 4759 3196 4830 ὁμώνυμον,
3235 4759 3282 4811 id
3314 4767 3422 4830 es}.
3469 4762 3647 4830 moui:

2066 4846 2200 4884 voce
2249 4829 2329 4882 sic
2379 4843 2649 4890 vocatum,
2707 4840 2758 4882 et
2800 4826 2942 4883 Patri
2992 4826 3324 4882 dissimilem.
3363 4826 3557 4896 Lege,
3607 4829 3648 4881 si

2069 4903 2264 4969 placet,
2303 4915 2447 4952 xxxv
2510 4899 2751 4966 Gregorii
2783 4899 3111 4954 Nazianzcni
3147 4899 3476 4961 orationem,
3524 4914 3647 4968 pag.

2068 4971 2162 5024 571
2227 4969 2359 5022 edit.
2400 4969 2757 5024 Coloniensis.

2139 5039 2248 5106 (60)
2291 5038 2589 5106 Manifeste.
2633 5038 2650 5091 l
2721 5038 2838 5093 Tim
2882 5054 2976 5101 ιιι,
3046 5039 3131 5092 16.
3194 5038 3379 5094 Grzeca
3422 5036 3599 5090 editio
3635 5055 3647 5086 :

2080 5111 2167 5162 ’Ev
2218 5108 2445 5163 ἔθνεσιν.
2487 5111 2556 5162 At
2605 5110 2849 5163 voculam
2905 5111 3072 5173 illam,
3122 5112 3200 5173 ὲν,
3261 5124 3436 5177 neque
3489 5107 3649 5174 Vulg.

2067 5181 2333 5250 interpres
2364 5180 2712 5250 Iegit,ineque
2749 5181 3021 5250 Didymus.

2141 5247 2250 5319 (61)
2293 5247 2453 5302 Deus.
2499 5247 2684 5302 Graeca
2714 5247 2872 5301 etiam
2913 5251 3076 5303 editio
3116 5250 3296 5311 habet,
3322 5247 3462 5319 Θεὸς
3497 5249 3651 5319 ,ἑξα-

2069 5318 2299 5392 νερώθη,
2326 5321 2504 5392 idfst,
2533 5319 2672 5371 Deus
2707 5319 3194 5392 manifestatusest,
3227 5332 3298 5392 ut_
3319 5318 3444 5384 legit
3485 5318 3655 5386 Didy-

2071 5388 2210 5444 mus.
2247 5388 2354 5444 Sed
2381 5388 2534 5455 Vulg.
2572 5394 2666 5442 int.
2707 5390 2866 5442 habet
2897 5407 2911 5442 :
2949 5391 3099 5454 Quod
3126 5389 3526 5453 manifestatum
3554 5403 3650 5440 est.

2070 5460 2352 5514 Liberatus
2405 5475 2533 5512 vero
2588 5459 2845 5512 diaconus
2887 5459 2938 5512 in
2984 5459 3292 5520 Breriario,
3341 5474 3466 5527 cap.
3533 5460 3650 5512 i9:

2071 5529 2189 5584 Hoc
2239 5541 2481 5594 tempore,
2517 5531 2720 5597 inquit,
2770 5528 3110 5582 Macedonius
3157 5527 3657 5596 ConstantinOpoli-

2073 5611 2224 5652 tonus
2277 5601 2544 5666 episcomts
2603 5600 2666 5650 ab
2735 5599 3045 5664 imperatore
3107 5601 3384 5652 Anastasio
3446 5602 3657 5650 dicitur

2071 5670 2349 5736 expulsus,
2389 5681 2634 5738 tanquam
2685 5667 2965 5737 Evangelia
3013 5668 3271 5736 falsassct.
3318 5682 3364 5721 ct
3405 5672 3654 5721 nrarime

2072 5742 2203 5793 illud
2252 5740 2480 5809 Apostolt
2527 5741 2771 5792 dictum:
2809 5758 2825 5788 ι
2867 5739 3004 5803 Quia
3049 5743 3290 5808 apparuit
3345 5743 3391 5791 in
3448 5756 3652 5799 carne,
