3688 6304
141 305 227 360 405

1189 304 1278 360 DE
1315 305 1688 362 TRINITATE
1722 305 1924 362 LIBER
1963 304 2240 363 PRIMUS.

3233 275 3360 362 ire

138 433 231 484 γος,
257 415 315 483 τῇ
348 411 445 482 ἰδίᾳ
475 413 766 485 μαρτυρῶν
816 414 1048 486 θεότητιι,
1102 418 1192 469 καὶ
1231 418 1531 488 κυριότητι,
1584 421 1677 473 καὶ

1863 420 1970 472 ria.
2019 419 2152 473 Cum
2203 418 2345 472 enim
2410 417 2682 472 beneﬁcus
2725 417 2824 472 iste
2874 431 3051 470 rerum
3104 419 3346 474 omnium

135 509 297 574 λέγων,
325 506 466 574 παρὰ
514 506 778 577 Ματθάίῳ
812 508 929 576 μὲν,
982 507 1116 578 πρὸς
1147 509 1238 561 τὸν
1271 510 1514 563 διάϐολον
1535 527 1548 543 ο
1592 515 1673 566 Οὐ

129 599 200 669 μὴ
223 595 492 663 πειράσῃς
521 598 740 664 Κύριον
767 598 872 651 τὸν
913 599 1060 652 Θεόν
1084 615 1200 653 σου
1224 616 1238 630 ·
1264 601 1412 671 παρά
1457 602 1677 674 Ἰωάννῃ

132 692 206 752 δὲ,
239 690 360 758 πρὸς
417 689 539 750 τοὺς
575 688 945 752 ἀποστόλους·
1017 690 1212 758 Ὑμεῖς
1269 691 1516 760 φωνεῖτέ
1563 709 1671 762 με·

141 785 192 834 ’0
220 783 430 848 Κύριος,
461 779 559 832 καὶ
585 783 618 832 ὀ
640 779 1009 847 διδάσκαλος
1032 799 1046 812 ’
1079 782 1175 836 καὶ
1207 782 1402 848 καλῶς
1435 781 1638 853 λέγετε
1657 801 1673 816 ο

131 879 224 945 εἰμὶ
251 876 368 946 γάρ.
398 876 599 946 Θωμᾶς
629 877 686 929 δὲ
721 880 814 931 καὶ
845 878 1050 942 τύπους
1083 879 1248 948 ἥλων,
1293 878 1386 942 οὓς
1418 879 1574 949 ἔσχεν
1605 877 1671 930 δι’

133 972 253 1041 ἡμᾶς
279 972 398 1038 παρ’
429 969 584 1038 ἡμῶν
613 970 641 1022 6
677 970 865 1041 Σωτὴρ
897 971 970 1034 ὡς
997 970 1392 1040 φιλάνθρωπος,
1421 969 1675 1039 ψηλαφή-

133 1059 781 1132 61;,06xétapixﬂq,[57a]
798 1060 914 1113 οὐδὲ
928 1061 1238 1130 καθυφῆκεν
1253 1061 1350 1129 τῆς
1367 1061 1494 1129 περ).
1510 1057 1675 1112 αὑτοῦ

130 1153 355 1206 ἀνωτάτω
381 1153 559 1220 δόξης.
601 1154 896 1205 Ἦπξστατο
924 1153 1051 1222 γὰρ,
1085 1151 1160 1214 ὡς
1203 1151 1367 1221 μόνης
1391 1151 1488 1221 τῆς
1519 1150 1678 1202 αὐτο-

130 1248 427 1315 κρατορικῆς
467 1244 901 1314 ἀπειροδυνὰμου
938 1243 1032 1296 καὶ
1064 1241 1422 1310 ἀγαθωτάτης
1467 1240 1677 1310 φύσεως

129 1333 200 1405 ἦν.
223 1337 276 1387 οὐ
304 1335 405 1404 μὴν
428 1335 484 1386 δὲ
515 1337 760 1402 κτιστῆς,
798 1334 857 1384 τὸ
883 1333 1040 1401 μόνον
1082 1332 1180 1400 οὐχ
1219 1331 1358 1402 ὑπὲρ
1389 1329 1534 1383 ἰδίων
1564 1347 1678 1382 κτι-

132 1430 322 1496 σμάτων
350 1425 560 1484 παθεῖν,
597 1424 730 1480 ἀλλά
760 1425 853 1478 καὶ
911 1423 1202 1494 καθολικὴν
1255 1423 1322 1492 ἦν
1354 1439 1554 1491 φαμεν,
1584 1420 1679 1474 καὶ

131 1518 320 1587 γενικὴν
351 1517 640 1587 σωτηρίαν,
690 1517 783 1570 καὶ
810 1517 1011 1586 ταύτην
1045 1514 1275 1578 altovid);
1311 1511 1676 1583 δωρήσασθαο.

129 1609 388 1678 Τοιγάρτοι
418 1607 712 1660 κάντεῦθεν
746 1607 943 1677 μᾶλλον
971 1605 1363 1675 ὲπιθαρσήσας,
1395 1602 1678 1672 ἀντεισφέ-

131 1716 198 1768 ρει
241 1696 380 1767 αὑτῷ
436 1697 534 1766 τὴν
590 1697 810 1766 βεϐαίαν
845 1697 1044 1760 πίστιν,
1109 1695 1203 1748 καὶ
1233 1695 1570 1764 ἀνευφημεῖ·
1617 1693 1678 1745 '0

130 1790 313 1852 Κύριός
334 1805 474 1856 μου,
504 1787 602 1839 καὶ
631 1791 664 1840 ὁ
691 1790 834 1852 Θεός
861 1805 999 1856 μου.
1061 1788 1168 1840 Καὶ
1199 1789 1257 1838 ὲν
1295 1789 1413 1847 ταῖς
1445 1784 1674 1837 Καθολι-
1705 1768 1752 1827 Β

132 1884 234 1943 mi;
258 1880 310 1933 δὲ
355 1879 718 1941 Ἐπιστολαῖς.
777 1879 834 1944 ἐξ
886 1880 1000 1932 ἴσον
1040 1878 1132 1930 καὶ
1179 1877 1538 1947 ὁμοιολέκτως
1585 1876 1676 1929 τὸν

131 1972 236 2024 Υξὺν
256 1971 329 2040 τῷ
352 1971 526 2040 “arpi.
545 1969 936 2037 θεολογῶντεις,
966 1970 1229 2040 ἔγραψαν,
1253 1970 1326 2032 ὡς
1355 1969 1677 2040 προελέχθη,

140 2061 363 2128 Ἰωὰννης
391 2061 492 2128 μὲν
535 2062 565 2113 ὁ
603 2060 768 2122 πολὺς
816 2061 874 2112 ἐν
921 2060 1210 2128 θεολόγοις,
1253 2060 1363 2113 Καὶ
1414 2059 1680 2130 οἴδαμεν,

130 2152 287 2219 φησιν,
341 2150 432 2202 ὅτι
471 2154 504 2203 ό
572 2152 760 2219 Λόγος
787 2150 892 2204 τοῦ
931 2151 1078 2205 Θεοῦ
1123 2151 1288 2217 ἣκει·
1327 2153 1427 2205 καὶ
1464 2151 1685 2204 ἔδωκεν

130 2240 252 2304 ἡμῖν
294 2239 603 2302 διάνοιαν,
664 2241 763 2292 ἵνα
806 2239 1189 2309 γινώσκωμεν
1235 2241 1343 2294 τὸν
1391 2241 1685 2308 ἀληθινὸν

131 2329 274 2392 Θεὸν,
298 2331 393 2382 καὶ
423 2329 614 2398 ἐσμὲν
639 2332 709 2383 ὲν
733 2331 811 2395 τῷ
837 2329 1100 2397 ἀληθινῷ
1130 2331 1210 2396 τῷ
1252 2331 1360 2398 Υἱῷ
1389 2333 1495 2386 τοῦ
1530 2331 1678 2386 Θεοῦ

142 2419 322 2484 Ἰησοῦ
370 2421 620 2488 Χριστῷ.
683 2418 870 2487 Οὗτός
922 2422 1090 2476 ἐστιν
1121 2425 1154 2477 ὁ
1197 2424 1482 2490 ἀληθινὸς
1511 2423 1676 2490 Θεὸς,

131 2512 213 2563 mi
240 2511 343 2578 ζωὴ
363 2511 618 2577 αἰώνιος.
658 2512 868 2577 Ἀλλον,
895 2513 1079 2584 φησὶν,
1132 2514 1206 2584 μὴ
1249 2513 1399 2585 ζήτει
1425 2518 1491 2586 τῇ
1522 2516 1679 2586 οὐσίᾳ

131 2605 312 2674 Θεὸν.ῆ
349 2605 476 2658 Υξὺν
522 2604 677 2657 θεοῦ.
729 2606 822 2668 Δὶς
853 2607 959 2676 γὰρ
1017 2601 1166 2659 εἶπόν
1199 2623 1280 2659 σοι
1307 2609 1400 2660 ἐπὶ
1427 2607 1588 2660 αὐτοῦ
1620 2608 1682 2661 τὸ

133 2695 376 2764 ἀληθινὴν,
437 2696 520 2747 ὅτι
543 2713 602 2747 τε
649 2695 775 2756 Υἱὸς
829 2696 1098 2765 ἀληθινὸς,
1133 2697 1229 2750 καὶ
1256 2697 1386 2761 Θεὸς
1410 2698 1679 2768 ἀληθινὸς,

132 2786 352 2848 δεδωκὼς
375 2786 612 2838 διάνοιαν
646 2790 757 2848 τοῖς
789 2786 971 2840 λαϐεῖν
1005 2787 1202 2851 ἀξίοιςο
1261 2787 1396 2841 ὥστε
1430 2789 1573 2859 ἔχειν
1607 2792 1682 2842 εἰ·

133 2877 259 2929 ᾶένςιι
282 2878 354 2940 ὡς
382 2878 598 2947 ἀληθῶς
625 2878 967 2946 γεγέννηται.
998 2880 1092 2931 καὶ
1121 2879 1332 2948 άληθῶς
1352 2880 1468 2932 ἐστι
1495 2880 1571 2950 τῷ
1598 2896 1683 2932 τε·

1777 511 2037 566 Conditor
2076 512 2311 565 nondum
2361 521 2542 580 aperte
2570 511 2823 564 omnibus
2853 510 3228 564 manifestatus
3260 524 3347 565 es-

1778 614 1882 667 set,
1915 613 2041 657 tunc
2068 601 2384 657 manifestus
2416 601 2591 656 factus
2627 611 2729 661 est,
2763 601 2979 670 quando
3010 600 3079 654 ob
3105 602 3345 654 omnium

1778 693 2005 748 salutem
2053 691 2354 746 voluntarie
2399 691 2562 745 etiam
2615 690 2755 744 sicut
2797 705 2934 743 unus
2982 703 3050 742 ex
3096 689 3348 743 omnibus

1778 782 1952 836 factus
1991 792 2106 836 est:
2146 784 2287 836 umle
2311 782 2635 852 justiﬁcatus
2660 787 2741 834 est
2790 782 2840 832 in
2891 779 3118 847 Spiritu,
3148 781 3198 833 id
3241 789 3345 844 est,

1777 873 2076 927 aﬂirmatus
2107 872 2226 936 fuit,
2268 883 2360 925 aut
2389 871 2741 926 conﬁrmatus
2791 873 2858 925 ab
2903 871 2969 924 iis
3021 871 3208 935 etiam,
3256 874 3346 939 qui

1779 978 1900 1016 eum
1941 973 2094 1015 antea
2130 961 2472 1027 ignorabant,
2503 975 2666 1015 verus
2696 959 2874 1024 Deus;
2905 960 3063 1027 idque
3098 974 3203 1012 non
3233 959 3350 1013 sine

1779 1055 2046 1112 examine.
2099 1053 2294 1121 inquit,
2342 1055 2433 1105 sed
2497 1051 2609 1121 ipsa
2654 1053 2847 1105 anima:
2882 1059 3076 1104 nostrzc
3114 1051 3350 1104 motione
3426 1047 3444 1066 '

1779 1153 2056 1214 peractum
2079 1155 2162 1197 est
2190 1158 2204 1196 :
2235 1154 2394 1210 atque
2418 1143 2520 1197 hoc
2542 1157 2702 1197 sensu
2725 1156 3066 1195 communem
3096 1141 3346 1209 loquendi

1779 1238 2224 1291 consuetudinem
2255 1236 2424 1289 secuti
2456 1235 2638 1288 dicere
2662 1249 3042 1301 nonnunquam
3072 1233 3345 1286 solemus:

1779 1328 1871 1383 Ille
1896 1327 2185 1398 ἐδικαιώθη
2225 1327 2362 1395 (sive
2387 1326 2710 1393 jnstillcatns
2737 1325 2840 1396 est)
2881 1339 3040 1379 verus
3074 1325 3213 1378 lilins
3254 1325 3351 1378 hn—

1775 1419 1883 1488 jus,
1944 1433 2112 1488 genus
2170 1435 2348 1480 suum,
2381 1424 2544 1486 atque
2596 1417 2857 1484 originem
2911 1417 3347 1485 comprobando:

1779 1518 1832 1560 et
1863 1523 2280 1577 nonnunquam:
2320 1509 2410 1562 Ille
2446 1507 2735 1576 ἐδικαιώθη
2773 1506 2884 1578 84
2908 1505 3124 1578 [nempe
3147 1506 3347 1575 justiti-

1781 1612 1936 1655 cains
1962 1599 2069 1673 est]
2104 1612 2250 1658 recte
2285 1602 2684 1655 administrare.
2718 1600 2836 1667 Quo
2883 1599 3140 1667 majorem
3170 1611 3350 1652 autem

1779 1692 1846 1746 ad
1881 1693 2308 1760 persuadendum
2341 1707 2520 1746 sermo
2554 1693 2660 1744 vim
2697 1691 2912 1754 habeat,
2957 1691 3131 1758 ipsum
3186 1690 3349 1742 etiam

1781 1783 1848 1837 ab
1875 1783 2079 1852 angelis
2109 1784 2281 1837 visum
2309 1798 2430 1838 esse
2453 1781 2632 1847 addit;
2659 1783 2873 1850 quibus,
2895 1797 2958 1836 eo
2983 1781 3127 1848 quod
3151 1780 3349 1835 divina.-

1783 1887 1926 1930 esset
1975 1891 2039 1930 ac
2095 1874 2316 1929 inﬁnita:
2373 1885 2600 1937 naturze,
2657 1875 2934 1942 larinaque
2977 1873 3091 1943 (62)
3120 1882 3352 1932 careret,

1785 1967 2073 2023 invisibilis
2105 1977 2232 2020 ante
2262 1968 2389 2020 illud
2422 1977 2632 2036 tempus
2670 1976 2787 2019 erat
2834 1981 2986 2032 atque
3025 1980 3086 2019 ac
3129 1964 3220 2018 ille
3261 1964 3352 2033 qui

1782 2061 1979 2113 dicitur
2003 2059 2056 2112 in
2090 2058 2365 2125 Scriptura
2401 2058 2510 2127 (65)
2546 2059 2690 2111 solus
2743 2057 3029 2111 invisibilis
3071 2057 3249 2110 Deus:
3301 2065 3355 2107 et

1784 2150 1852 2202 ah
1882 2150 2012 2217 ipsis
2041 2157 2314 2202 cantatum
2349 2163 2471 2202 esse
2503 2149 2762 2218 hymnum
2813 2148 2960 2200 illum
2985 2164 2999 2200 :
3027 2144 3210 2198 Gloria
3240 2143 3352 2213 (64)

1783 2242 1836 2293 in
1859 2241 2131 2294 altissimis
2165 2241 2296 2305 Deo,
2327 2252 2372 2293 et
2396 2242 2452 2294 in
2479 2251 2616 2293 terra
2647 2256 2775 2309 pax,
2805 2231 2860 2292 in
2899 2239 3195 2292 hominibus
3221 2239 3356 2291 bona

1783 2333 2042 2388 voluntas.
2079 2332 2214 2386 Eum
2262 2347 2390 2386 vero
2435 2331 2783 2400 praulicatum
2837 2345 2957 2384 esse
2987 2330 3038 2382 in
3089 2330 3190 2383 hoc
3233 2328 3356 2381 uni-

1785 2440 1964 2489 verso,
1997 2436 2048 2478 et
2068 2425 2332 2480 creditum
2362 2437 2482 2478 esse
2511 2423 2680 2489 addit,
2718 2423 2844 2491 quia
2874 2423 2964 2490 qui
2992 2437 3055 2476 ex
3101 2420 3352 2476 ineffabili

1785 2517 1902 2571 luce
1938 2518 2006 2571 ab
2035 2527 2236 2571 artemo
2263 2516 2453 2582 eluxit,
2483 2529 2514 2568 e
2546 2528 2759 2583 semper
2783 2511 3002 2583 Virgine
3027 2512 3142 2583 (65)
3179 2519 3356 2580 poste-

1791 2607 2025 2662 rioribus
2059 2607 2389 2671 temporibus
2428 2607 2497 2658 oh
2528 2620 2681 2660 suam
2714 2603 3096 2672 benignitatem
3148 2603 3201 2655 in
3258 2601 3355 2655 lio-

1789 2701 1961 2752 mines
2000 2697 2342 2752 ineﬂ‘abiliter
2373 2706 2530 2750 natus
2566 2705 2668 2758 est,
2720 2709 2783 2748 ac
2822 2694 3002 2748 omnia
3057 2693 3108 2746 in
3155 2703 3355 2747 semet-

1789 2791 1903 2858 ipso
1947 2789 2330 2852 manilestavit,
2388 2803 2508 2857 qua:
2561 2786 2736 2842 Patris
2786 2797 2930 2843 sunt.
2988 2785 3051 2839 Et
3085 2800 3208 2839 eum
3263 2788 3353 2856 qui

1789 2884 1968 2937 omnia
2001 2882 2432 2950 comprehendit,
2468 2882 2777 2935 ascendisse
2825 2881 2900 2932 ait
2947 2880 3000 2933 in
3049 2880 3241 2948 gloria,
3302 2883 3354 2933 in

136 2973 263 3022 16m
313 2970 430 3040 Θεῴ
462 2971 748 3041 ὀμοούσιος
769 2988 783 3001 ·
828 2971 1027 3035 Ἰούδας
1076 2972 1133 3024 δὲ
1161 2975 1188 3025 6
1212 2975 1291 3036 εἰς
1323 2975 1448 3035 τοὺς
1470 2973 1680 3026 δυοκαί-

1863 2991 1896 3031 a
1927 2991 2139 3044 semper
2165 2973 2268 3028 fuit
2294 2991 2415 3028 cum
2460 2975 2586 3028 Deo.
2636 2973 2762 3026 Fide
2809 2987 2984 3026 autem
3035 2974 3226 3040 dignus
3274 2980 3358 3024 est

138 3151 453 3216 iustiﬁcatam
484 3160 557 3202 est
589 3155 640 3204 in
669 3150 886 3216 Spiritu.
918 3171 936 3205 ι
981 3150 1136 3204 Hunc
1165 3154 1302 3206 enim
1333 3163 1561 3206 mutasse
1596 3155 1683 3206 ubi

138 3223 289 3278 liabet.
312 3221 390 3283 ὃς,
415 3222 476 3292 id
500 3231 596 3282 est,
626 3224 738 3289 qui,
766 3223 1174 3292 monosyllabum
1219 3222 1480 3286 Grtrcum,
1508 3225 1683 3276 littera

137 3301 316 3342 amicta
347 3309 374 3342 ο
405 3291 457 3342 in
484 3309 549 3348 ω,
575 3294 808 3350 vertisse,
842 3303 889 3343 et
933 3291 1113 3360 fecisse
1149 3292 1243 3358 ὼς,
1286 3293 1336 3345 id
1367 3305 1439 3346 est
1471 3304 1523 3345 ut
1557 3305 1684 3346 esset

138 3363 279 3419 Deus,
312 3360 555 3427 apparuit
587 3377 678 3428 per
705 3377 932 3415 carnem.

197 3431 295 3499 (6‘2)
324 3429 640 3497 Formaque.
674 3431 728 3482 In
754 3431 1340 3501 (irai-00,6vst656mta.
1369 3431 1500 3485 Cum
1525 3446 1685 3499 porro

136 3504 256 3564 apud
283 3502 617 3570 Clementem
650 3505 699 3554 in
731 3510 922 3568 quarto
945 3500 1271 3555 Stromatum
1297 3503 1501 3570 legatur
1527 3517 1686 3554 voca-

137 3571 325 3641 bulum,
357 3569 620 3632 ἀνείδεος,
653 3571 870 3637 coniicit
899 3569 1508 3641 Sylburgiuslegendum
1541 3587 1681 3636 esse,

139 3629 343 3702 ἁνίδεοζ,
370 3651 428 3692 ut
459 3641 529 3692 sit
559 3629 662 3693 non
688 3658 716 3694 a
752 3629 886 3693 i‘oce
914 3629 1069 3703 εἶδος,
1098 3629 1194 3694 ἔοι]
1231 3657 1259 3692 a
1282 3629 1414 3694 Voce
1457 3639 1586 3695 ἰδέα.
1618 3629 1688 3695 At

139 3727 224 3762 vox
253 3711 472 3778 quidem
511 3710 748 3772 ἀνείδεος
783 3712 830 3761 in
859 3715 1080 3766 vetustis
1107 3713 1461 3778 scriptoribus
1488 3713 1686 3777 saepius

137 3782 374 3838 (ποια-ιιι,
423 3796 523 3850 νοις
569 3797 693 3832 vero
734 3781 940 3844 ἁνίδεος
983 3782 1120 3834 haud
1180 3784 1292 3834 scio
1349 3797 1415 3833 an
1463 3797 1685 3850 nsquam

143 3852 444 3914 reperiatur.
481 3849 664 3918 Neque
696 3865 823 3904 vero
855 3851 1066 3907 censori
1101 3851 1236 3904 alias
1268 3867 1297 3904 a
1340 3865 1425 3904 me
1449 3849 1688 3906 comme-

142 3931 330 3972 nwrato
381 3933 499 3972 ιιοι.
538 3921 631 3984 40,
695 3936 816 3988 pag.
854 3922 941 3984 55,
977 3921 1225 3974 assentiri
1284 3935 1521 3989 possum,
1571 3921 1685 3990 qui,

141 3991 334 4043 tametsi
362 3990 448 4042 vel
492 3990 836 4045 ineinhranas
873 3992 1034 4059 ipsas,
1065 4007 1094 4042 e
1127 3991 1321 4058 quibus
1359 4006 1493 4059 opus
1525 3992 1690 4046 hocce

137 4061 536 4128 ascripserant,
573 4060 712 4112 Petri
733 4060 1018 4115 Lombardi
1043 4069 1200 4114 atate
1221 4061 1551 4128 antiquiores
1570 4075 1691 4116 esse

141 4131 582 4199 monuissemyin
629 4129 875 4184 Parisina
929 4143 1120 4199 tamen
1139 4129 1483 4196 Ephemeride
1525 4145 1688 4199 supe-

141 4201 277 4253 noris
306 4200 436 4251 anili
485 4198 618 4252 1764
660 4202 773 4254 haec
803 4201 1016 4269 scripsit
1045 4217 1060 4254 :
1093 4198 1189 4253 Les
1235 4213 1364 4253 mals
1397 4203 1520 4253 dout
1551 4198 1689 4252 t’au-

143 4279 234 4319 tur
259 4270 350 4322 des
381 4271 514 4320 trois
549 4271 704 4322 [iures
731 4287 786 4324 se
815 4279 943 4332 sert,
976 4270 1421 4339 u‘appartieuneut
1450 4272 1591 4337 point
1619 4287 1690 4323 au

141 4340 250 4409 style
278 4341 351 4390 du
386 4348 467 4392 l\"
497 4340 686 4404 siécle;
716 4345 845 4393 mais
877 4341 991 4394 bien
1021 4342 1054 4392 ὰ
1083 4349 1211 4392 cette
1233 4341 1566 4409 scolastique,
1597 4341 1687 4409 qui

128 4399 195 4457 Ὲιῖ
209 4411 281 4474 [ιιι
311 4410 548 4461 iurentée
577 4399 677 4478 que
696 4412 956 4476 plusieurs
979 4412 1152 4462 siecles
1182 4411 1348 4476 aprés.
1389 4399 1497 4460 Pa'r
1518 4399 1692 4463 essein-

141 4478 225 4541 pie,
261 4479 392 4531 Dicit
421 4496 456 4547 y
480 4490 554 4531 est
586 4481 764 4547 appelé
790 4480 1055 4550 ἀμέγεθες
1091 4481 1518 4550 (emendani‘lum
1549 4492 1693 4548 typo-

143 4551 308 4619 grapbi
346 4562 611 4608 erratum,
648 4566 715 4603 ac
747 4547 1024 4619 legendum
1059 4547 1370 4618 ἀμεγέθης)
1407 4549 1502 4601 καὶ
1547 4547 1692 4603 ἁνεί-

143 4618 257 4680 ὂεκ,
291 4636 416 4671 saris
448 4619 714 4687 grandeur
746 4618 954 4673 et'sans
990 4620 1174 4686 ferme.
1223 4619 1450 4672 N‘esr-ce
1498 4637 1592 4687 pas
1639 4621 1692 4673 Ιὰ

145 4705 224 4738 ante
254 4689 444 4754 phrase
483 4692 547 4740 de
578 4686 758 4742 Pierre
787 4689 1045 4742 Lombard
1067 4728 1082 4753 ,
1122 4705 1187 4740 au
1216 4690 1280 4740 de
1299 4689 1514 4757 quelque
1541 4703 1691 4744 autre

143 4759 406 4822 theologica
467 4759 532 4810 de
583 4775 676 4811 son
725 4761 923 4824 ἐιηρεῖ
965 4761 1036 4811 De
1067 4773 1215 4829 proci:
1257 4759 1534 4829 ἀμεγέθης
1581 4761 1689 4814 dixi

146 4839 236 4900 not.
252 4829 320 4882 65
346 4829 411 4881 ad
430 4843 553 4897 pag.
573 4829 661 4890 ⁸59,
689 4831 816 4883 etad
832 4846 998 4900 segni.
1016 4827 1147 4881 51a.
1174 4825 1388 4882 Vocem
1404 4825 1528 4882 vero
1557 4829 1692 4900 ἀνεί-

144 4896 260 4968 ᾆεος,
294 4911 351 4951 ιιι
375 4903 482 4950 alia
513 4896 762 4951 omittam
795 4896 1036 4967 exeinpla
1059 4939 1072 4962 ,
1127 4900 1359 4968 reperiet
1398 4915 1590 4953 censor
1636 4899 1688 4954 in

144 4966 446 5033 hmhlicho,
493 4979 543 5020 et
577 4970 626 5020 in
661 4968 896 5022 Sallustii
933 4966 1065 5022 libro
1108 4966 1203 5020 De'
1228 4970 1327 5020 diis
1359 4980 1404 5021 et
1471 4970 1686 5032 mundo,

146 5056 247 5105 cap.
285 5039 374 5101 27,
413 5039 504 5090 ubi
543 5040 658 5091 haec
701 5040 956 5106 scripsit:
987 5040 1048 5090 Ei
1099 5038 1154 5091 δὲ
1201 5037 1435 5091 ἀνείδεον
1473 5037 1690 5107 λέγουσι

257 5110 351 5177 τὴν
385 5107 542 5177 ὓλην,
575 5125 628 5159 κ.
657 5126 708 5161 τ.
737 5109 786 5160 λ.
817 5110 867 5163 id
894 5120 974 5162 est
1002 5126 1014 5161 :
1049 5107 1104 5162 Si
1128 5126 1242 5162 vero
1269 5109 1538 5161 materiam
1571 5115 1690 5180 qui-

148 5187 243 5229 dem
269 5182 436 5246 {arma
464 5188 729 5230 carentem
769 5180 971 5238 dicunt,
998 5192 1102 5233 etc.
1122 5181 1453 5232 Athanasius
1475 5194 1690 5248 quoque

149 5260 256 5300 tom.
284 5251 346 5309 ll,
379 5266 498 5318 pag.
537 5248 664 5318 598,
697 5250 932 5303 ἀνείδεον
958 5248 1090 5302 Θεόν
1119 5253 1271 5302 dixit.
1306 5252 1379 5303 Ac
1401 5249 1688 5302 Tertullia-

150 5334 252 5381 nus,
286 5322 375 5373 lib.
410 5317 532 5374 ade.
563 5317 732 5372 I’rax.
770 5337 887 5389 cap.
919 5319 1010 5385 27,
1051 5335 1171 5373 eum
1199 5323 1408 5373 vocavit
1430 5320 1688 5386 informa-

150 5390 297 5442 bdem.
331 5391 600 5444 (Antei-um
629 5392 672 5442 si
704 5389 784 5443 vel
814 5407 976 5443 unum
1007 5405 1072 5443 ex
1098 5391 1348 5444 omnibus
1373 5389 1648 5444 v0cabulis
1670 5430 1685 5452 ,

151 5473 251 5524 qm:
303 5476 405 5513 non
454 5463 615 5512 modo
676 5461 727 5512 in
780 5474 899 5513 meo
943 5461 1010 5512 ad
1060 5461 1367 5514 Are/timum
1413 5460 1688 5527 prwsulem

152 5527 366 5593 £pistola
396 5531 576 5596 attuli,
606 5533 700 5583 sed
736 5531 898 5583 etiam
929 5531 980 5584 in
1011 5541 1122 5584 toto
1172 5532 1271 5584 hoc
1305 5545 1466 5598 opere
1500 5544 1688 5582 occur-

154 5609 275 5663 runt,
306 5611 399 5670 aut
427 5603 726 5670 quidquam
759 5599 937 5665 aliud,
991 5599 1200 5669 Didymi
1233 5610 1388 5654 actate
1419 5599 1688 5653 recentius

152 5669 422 5725 ostenderit
446 5669 676 5734 censor,
723 5671 974 5736 equidem
1003 5687 1146 5726 serio
1179 5671 1432 5737 polliceor
1460 5685 1545 5723 me
1578 5681 1686 5722 sta-

156 5751 232 5790 tnu
265 5757 294 5793 e
339 5741 605 5796 sententia
652 5745 996 5796 deccs‘s‘urum
1028 5759 1042 5796 :
1074 5742 1204 5796 nihil
1249 5744 1390 5795 enim
1453 5742 1676 5795 veritate

1720 4379 1764 4435 D

1791 3154 1921 3207 mihi
1977 3154 2176 3222 potius,
2239 3153 2370 3208 nihil
2413 3153 2706 3221 antiquius.
2756 3151 2957 3217 Legat,
3007 3167 3208 3219 qmeso.
3251 3153 3354 3206 alia

1787 3222 2001 3293 Didymi
2035 3240 2222 3292 opera,
2257 3239 2320 3277 ac
2351 3223 2502 3292 plura
2555 3227 2607 3276 in
2649 3223 2714 3277 iis
2760 3224 2998 3276 inveniet
3043 3239 3163 3291 quae
3201 3229 3354 3276 sdio-

1785 3293 1970 3346 laslica
1997 3295 2046 3348 ei
2079 3294 2464 3354 videbuntur..

1859 3363 1970 3500 (6'5;
2010 3363 2077 3416 In
2117 3363 2412 3430 Scriptura.
2451 3362 2466 3415 I
2500 3363 2640 3416 Tim.
2676 3378 2717 3427 l,
2749 3363 2834 3416 17.

1859 3434 1946 3500 (64
2008 3433 2209 3488 Gloria.
2250 3434 2377 3487 an.
2415 3447 2474 3493 ll.
2512 3435 2598 3489 Η.

1859 3433 1968 3504 (64)
2008 3433 2209 3504 Gloria.
2250 3434 2377 3487 an.
2415 3447 2474 3493 ll.
2512 3435 2598 3489 Η.

1863 3504 1973 3576 (65)
2015 3503 2228 3572 Semper
2263 3505 2496 3576 virgme._
2528 3505 2644 3569 Quo
2692 3512 2932 3576 tempore
2975 3506 3054 3557 sic
3101 3507 3357 3576 Didymus

1792 3571 2136 3643 loquebatur,
2208 3571 2397 3629 eodem
2450 3574 2670 3628 circiter
2727 3571 2989 3643 adversus
3052 3571 3355 3630 Helvidium

1795 3641 2070 3697 scribebat
2095 3641 2450 3712 llier0nymus
2487 3643 2680 3696 librum
2713 3642 2790 3695 De
2821 3643 2980 3697 beata:
3026 3645 3211 3699 Maria:
3251 3647 3357 3700 vir—

1791 3714 2018 3786 ginitate
2062 3724 2308 3786 perpetua
2362 3713 2676 3786 inscriptum
2727 3725 2940 3786 :atque
3001 3715 3103 3769 hoc
3164 3719 3354 3786 dogma

1793 3783 2090 3837 Eunomius
2123 3783 2308 3847 etiam,
2339 3791 2396 3834 ut
2429 3797 2496 3836 ex
2523 3783 2866 3851 l’hilostorgii
2912 3783 3049 3838 libro
3093 3801 3140 3838 Vl
3191 3783 3354 3839 testa-

1797 3864 1884 3908 tur
1919 3852 2161 3924 Photius,
2195 3852 2533 3924 impudenter
2571 3852 2896 3924 rejiciebat,
2927 3853 3128 3908 Nomen
3171 3871 3352 3924 porro.

1807 3921 2208 3993 Ἀειπαρθένος,
2241 3932 2368 3975 ante
2399 3923 2682 3993 Didymum
2710 3938 2735 3974 a
2764 3921 3004 3990 pluribus
3024 3939 3146 3977 cum
3171 3921 3356 3978 ethni—

1793 3997 1896 4052 cis.
1926 3992 2039 4047 tum
2075 3993 2394 4046 Christianis
2419 3992 2774 4060 scriptoribus
2813 3993 3110 4046 adhibitum
3159 3995 3352 4054 fuerat,

1792 4079 1858 4118 ac
1887 4063 1952 4116 iis
1984 4064 2242 4116 tributum
2273 4063 2506 4122 l'eminis,
2541 4078 2661 4131 quae
2690 4071 2782 4114 aut
2821 4078 3094 4131 nunquam
3144 4067 3358 4131 nupsis-

1792 4143 1933 4202 sent,
1975 4142 2069 4186 aut
2111 4143 2424 4202 perpetuam
2485 4131 2596 4185 Deo
2645 4131 3006 4202 virginitatem
3060 4135 3352 4188 vovissem.

1791 4201 1906 4256 Hoc
1951 4201 2123 4256 sensu
2161 4202 2443 4255 adhibetur
2489 4220 2517 4255 a
2563 4202 2751 4265 Dione,
2806 4201 3091 4269 Sophocle,
3124 4203 3355 4259 Eusebio

1792 4272 2129 4334 Caesariensi,
2185 4272 2387 4339 lgnatio
2431 4284 2696 4342 martyre,
2738 4283 2792 4324 et
2821 4273 2888 4324 ab
2921 4274 3057 4326 aliis.
3105 4277 3354 4327 Attamen

1794 4344 1951 4412 paulo
2001 4352 2288 4412 antequam
2363 4343 2476 4396 inec
2524 4345 2754 4412 dictaret
2803 4342 3099 4411 Didymus,
3159 4359 3353 4397 nomen

1795 4411 1920 4467 illud
1975 4411 2230 4480 peculiari
2288 4416 2446 4465 modo
2499 4412 2670 4482 beata:
2719 4411 2810 4466 Dei
2861 4412 3108 4482 genitrici
3177 4413 3356 4468 Mariae

1795 4484 2116 4536 attribuerat
2149 4499 2374 4551 magnus
2409 4483 2498 4536 ille
2544 4480 2816 4549 Origenis,
2866 4480 3027 4551 atque
3071 4481 3356 4551 Origenia-

1794 4568 1986 4606 norum
2031 4550 2370 4606 adversarius
2412 4552 2739 4622 Epiphanius
2777 4554 2826 4605 in
2872 4550 3108 4605 Panario
3164 4550 3353 4607 incred

1794 4637 2030 4686 Lxxvm,
2111 4638 2230 4690 qua:
2307 4633 2390 4676 est
2455 4622 3168 4685 Antidicomarianitarum,
3228 4639 3351 4692 pag.

1794 4693 1928 4747 1037
1965 4695 2096 4746 edit.
2140 4692 2419 4746 Colonien.
2473 4693 2600 4745 anui
2652 4692 2810 4749 1682.
2873 4691 2961 4743 ubi
3012 4691 3349 4757 scripserat:

1791 4763 1962 4815 Κενὸν
2010 4762 2115 4831 γάρ
2160 4779 2212 4814 τι
2252 4762 2433 4832 ἀκούω
2475 4763 2606 4832 περὶ)
2643 4762 2740 4831 τῆς
2781 4761 2940 4828 ἁγίας
2985 4761 3215 4832 Μαρίας
3252 4763 3354 4832 τῆς

1805 4833 2186 4899 Ἀειπαρθένου
2213 4831 2337 4885 τινὰ
2357 4831 2705 4884 διανοεῖσθαι·
2742 4847 2861 4899 quae
2889 4832 2967 4884 sic
2997 4832 3154 4883 vertit
3200 4831 3354 4885 Peta-

1795 4907 1912 4956 vins
1944 4920 1956 4955 :
1993 4900 2196 4957 Etenim
2230 4903 2400 4971 nescia
2431 4918 2583 4971 quem
2609 4903 2770 4971 audio
2801 4901 3047 4954 adversus
3073 4900 3352 4971 sanctissi-

1793 4989 1932 5024 mam
1961 4988 2357 5040 perpetuamque
2390 4970 2649 5038 Virginem
2687 4970 2914 5040 Mariam
2943 4970 3188 5024 meditari
3223 4987 3354 5026 non-

1793 5039 2134 5108 uiliiI.Quod
2161 5043 2206 5095 si
2248 5039 2422 5094 liutini
2456 5041 2751 5103 Palaestini,
2773 5109 2780 5110 ί
2805 5039 3075 5110 Pelagiani
3110 5041 3351 5110 quidem,

1791 5114 1885 5166 sed
1909 5113 2198 5180 pervetusti
2229 5110 2486 5177 auctoris,
2517 5111 2730 5166 librum
2757 5109 3230 5181 Dejideallegare
3265 5112 3354 5166 hic

1794 5179 1938 5243 licet,
1971 5185 2014 5236 is
2039 5198 2250 5251 quoque
2280 5198 2429 5235 num.
2469 5181 2540 5234 45
2562 5182 2750 5234 scribit
2778 5199 2792 5234 :
2835 5179 2916 5232 Ea:
2940 5179 3350 5249 Maria'quidem

1791 5269 1991 5316 semper
2012 5255 2205 5318 virgine
2232 5268 2416 5317 corpus
2453 5252 2728 5318 accipiens.
2771 5252 2837 5304 Et
2871 5254 3026 5318 paulo
3072 5262 3190 5320 post
3219 5271 3232 5304 :
3273 5253 3352 5304 lix

1792 5322 1903 5386 ipsa
1930 5338 2128 5387 semper
2169 5320 2374 5388 Virgine
2401 5324 2635 5375 nascitur
2668 5327 2841 5374 homo.
2868 5322 3063 5375 Verum
3095 5324 3349 5390 tempori-

1792 5391 1891 5444 bus
1915 5391 2134 5460 Didymo
2154 5394 2537 5459 posterioribus
2565 5395 2794 5445 inaxime
2827 5395 3048 5445 invaluit
3068 5394 3347 5453 idnomen,

1794 5472 1850 5532 ut
1887 5462 2014 5514 nihil
2045 5461 2378 5530 frequentius
2417 5474 2686 5527 occurrat,
2719 5478 2880 5531 quam
2913 5478 3090 5525 voces,
3123 5464 3351 5532 ἀειπαρ-

1791 5529 1960 5596 θένος,
1997 5539 2050 5584 et
2078 5529 2274 5596 semper
2301 5533 2462 5602 virgo,
2495 5533 2548 5586 in
2584 5529 2808 5596 Graecis,
2851 5548 2914 5585 ac
2959 5532 3160 5585 latinis
3197 5529 3351 5584 litur-

1791 5606 1914 5670 giis,
1950 5603 2282 5670 aittiplionis,
2309 5605 2666 5669 orationibus,
2686 5613 2850 5670 atque
2871 5603 3004 5656 adeo
3032 5605 3085 5655 in
3117 5604 3348 5671 synodo-

1793 5687 1911 5724 rum
1942 5673 2096 5734 aclis,
2137 5683 2190 5726 et
2219 5684 2528 5727 sanctorum
2557 5672 2778 5726 Patrum
2825 5675 3098 5740 operibus,
3152 5671 3243 5726 ubi
3284 5675 3349 5725 de

1784 5743 1941 5797 beata
1983 5743 2144 5797 Maria
2187 5760 2363 5800 sermo
2412 5746 2501 5800 sit.
2538 5744 2665 5798 Vide
2693 5759 2860 5812 scgm.
2899 5743 3000 5796 165
3028 5760 3082 5796 a.
