3766 6306
365 219 510 320 ισι’

1622 260 1858 316 DIDYMI
1897 256 2362 314 ALEXANDRINI

3516 258 3622 315 808

368 382 532 436 etiam
559 387 824 448 ipsemet:
858 376 921 428 ad
956 377 1127 443 ipsum
1175 377 1318 430 enim
1370 376 1639 445 pertinent
1683 391 1745 429 ea
1800 377 1913 429 loca

2117 391 2172 425 ια
2208 390 2559 444 συγγραφεις,
2623 374 2991 443 μονοκτήτορα
3031 373 3266 444 ὡρίσατο
3318 373 3500 434 αὐτὸν,
3542 377 3620 444 ὡς

371 473 422 525 in
453 471 772 540 quibussibi
803 470 916 537 ipse
970 469 1337 521 testimonium
1391 468 1584 528 reddit,
1635 469 1800 520 Deum
1861 481 1937 530 se,

369 577 432 618 ac
465 561 745 616 Dominum
781 574 898 614 esse
925 559 1226 625 declarans,
1273 575 1396 613 eum
1433 561 1572 628 apud
1625 559 1939 613 Matthzeum

370 655 586 724 quidem
636 653 847 707 diabolo
900 652 1011 705 ait:
1068 650 1190 705 Non
1217 651 1329 720 (66)
1381 653 1602 706 tentabis
1658 651 1939 704 Dominum
1986 699 1995 708 .

373 747 536 803 Deum
564 757 709 800 tuum
727 763 747 801 :
773 746 909 813 apud
928 743 1187 798 Joannem
1218 759 1346 798 vero
1372 745 1628 812 apostolis
1653 760 1666 795 :
1704 741 1804 796 Vos
1829 742 1941 811 (67)

371 837 562 890 vocatis
590 849 710 889 me:
755 833 1024 900 Magister,
1079 843 1125 885 et
1174 832 1461 885 Dominus:
1499 843 1546 885 et
1569 835 1692 886 bene
1716 833 1894 886 dicitis
1922 846 1941 883 :

370 944 485 982 sum
509 929 718 982 etenim.
746 925 980 979 Thomas
1007 939 1218 996 quoque
1246 940 1370 978 cunt
1416 923 1525 995 85
1561 925 1808 992 vestigia,
1844 939 1940 980 seu

374 1019 490 1076 loca
517 1019 814 1083 clavorum,
879 1031 1012 1086 quos
1043 1032 1070 1068 a
1118 1016 1272 1070 nobis
1305 1027 1521 1088 propter
1556 1034 1652 1072 nos
1693 1018 1944 1073 Salvator

375 1119 560 1178 utpote
589 1110 848 1175 benignus
881 1107 1084 1170 ltabuit,
1132 1106 1422 1174 palpasset,
1456 1109 1808 1164 conturbatus
1835 1124 1939 1160 non

372 1210 478 1263 est,
511 1215 607 1254 nec
633 1203 697 1253 de
733 1215 982 1265 suprema
1023 1200 1166 1255 illius
1208 1199 1596 1270 gloriﬁcatione
1647 1199 1940 1268 quidquam

371 1292 624 1346 detraxit.
665 1292 900 1346 Noverat
927 1293 1094 1356 enim,
1126 1292 1292 1346 Solius
1334 1290 1684 1360 imperatoria
1739 1306 1834 1359 per
1883 1305 1942 1344 se

370 1384 718 1448 auctoritate,
743 1392 798 1437 et
827 1383 1042 1437 inﬁnita
1072 1383 1314 1452 potentia
1339 1381 1597 1450 praeditis,
1643 1389 1695 1433 ct
1724 1381 1942 1449 optimae

372 1481 597 1538 naturae,
631 1489 734 1528 non
769 1489 896 1528 vero
935 1473 1096 1535 illius,
1141 1487 1261 1540 quae
1309 1479 1489 1526 creata
1532 1471 1620 1533 sit,
1663 1471 1939 1540 proprium

369 1579 622 1621 essenon
649 1565 807 1620 modo
854 1581 952 1634 pro
984 1565 1096 1620 suis
1141 1563 1407 1619 creaturis
1458 1563 1591 1632 pati,
1638 1563 1733 1616 sed
1779 1563 1940 1616 etiam

372 1657 736 1712 universalem
794 1673 958 1726 quam
1013 1656 1264 1720 dicimus,
1303 1663 1356 1709 et
1381 1653 1683 1725 generalem
1713 1653 1939 1708 salutem

2039 465 2136 535 τὴν
2160 465 2251 516 ἐπὶ
2280 465 2516 526 πάντων,
2550 464 2642 517 καὶ
2693 463 2780 516 διὰ
2815 464 3051 528 πάντων,
3079 465 3174 517 καὶ
3217 466 3271 516 ὲν
3324 467 3489 516 πᾶσιν
3519 483 3622 518 πα-

2041 557 2231 628 τρικὴν
2277 556 2790 628 διακληρωσάμενον
2820 555 3069 626 θεότητα,
3136 557 3334 608 οὑτωσί
3377 573 3484 608 που
3510 561 3624 620 τοῖς

2041 649 2356 720 ἁπανταχοῦ
2401 651 2644 722 γράψας·
2709 650 3164 720 Παρεισέδυσαν
3193 648 3304 718 γάρ
3335 666 3496 714 τινες
3519 650 3626 702 ἇν-

2043 744 2261 808 θρωποι
2317 740 2390 810 (οἱ
2447 739 2632 793 πάλαι
2667 738 3169 808 προγεγραμμένοι
3220 740 3307 802 εἰς
3357 737 3530 789 τοῦτο
3554 734 3624 789 τὸ

2041 832 2237 900 κρῖμα)
2277 831 2534 898 ἀσεϐεῖς,
2569 831 2684 898 τὴν
2711 831 2815 884 τοῦ
2853 831 2999 884 Θεοῦ
3057 829 3225 899 titul»-
3250 828 3426 898 χάριν
3447 846 3631 897 μετα-

2043 924 2307 988 τιθέντες
2335 927 2420 990 εις
2454 924 2795 994 ἀσέλγειαν,
2821 922 2916 975 καὶ
2967 921 3072 974 τὸν
3090 923 3284 990 μόνον
3308 921 3626 984 Δεσπότην-

2041 1019 2140 1071 καὶ
2191 1019 2409 1086 Κύριον
2463 1015 2630 1087 ἡμῶν
2675 1015 2916 1084 Ἰησοῦν
2943 1015 3198 1082 Χριστὸν
3243 1015 3619 1081 ἀρνούμενοι.

2054 1106 2211 1158 Ἀλλὰ
2278 1109 2370 1160 καὶ
2404 1105 2607 1176 Πέτρος
2659 1107 2686 1159 ὁ
2743 1107 2800 1158 ὲν
2848 1103 3162 1164 ἀποστόλοις
3198 1105 3512 1173 κορυφαῖος,
3561 1103 3627 1155 ἐν

2041 1199 2156 1259 ταῖς
2183 1197 2450 1267 Πράξεσιν
2483 1197 2729 1264 φαίνεται
2764 1199 2933 1248 εἰπών
2958 1211 2971 1224 ·
3011 1194 3124 1248 Τὸν
3151 1194 3364 1261 Λόγον,
3392 1193 3468 1246 ὃν
3503 1194 3624 1245 ἀπ-

2040 1287 2311 1342 έστειλεν
2323 1288 2442 1354 τοῖς
2464 1288 2612 1354 υἱοῖς
2655 1287 2911 1356 Ἰσραὴλ.
2935 1284 3625 1356 εὺαγτελιζόμενοςεΙρή-

2040 1396 2157 1448 νην
2187 1380 2283 1433 διὰ
2318 1379 2521 1448 Ἰησοῦ
2555 1380 2834 1447 Χριστοῦ,
2866 1376 3043 1446 οὗτός
3077 1379 3206 1432 ἐστι
3240 1379 3480 1431 πάντων
3504 1378 3624 1431 Κύ-

2034 1487 2183 1538 ριος.
2211 1470 2319 1524 Ποῦ
2353 1471 2439 1542 (57
2470 1471 2522 1541 b)
2586 1467 2699 1535 οὖν,
2729 1472 2762 1543 ἢ
2799 1469 2934 1534 πῶς,
2991 1471 3024 1542 ἢ
3064 1471 3190 1524 πότε
3217 1469 3501 1532 τοσαύταις
3530 1471 3624 1520 ὲν-

2042 1563 2234 1632 αργέσι
2289 1579 2347 1614 τε
2402 1563 2496 1615 καὶ
2529 1563 2849 1633 ἱσοτρόποις,
2898 1563 2992 1616 καὶ
3047 1561 3483 1633 ἀπαραλλάκτως
3521 1556 3620 1611 τοῦ

2043 1653 2255 1724 Πατρὸς
2293 1654 2650 1724 τετιμημένος
2675 1653 3068 1724 χρησμῳδίαις,
3102 1654 3352 1724 ἀνόμοιος
3375 1653 3622 1721 εἰσκομι-

370 1742 580 1815 largiti,
609 1747 769 1816 idque
796 1749 847 1802 iit
881 1756 1166 1800 aeternum.
1195 1744 1398 1798 Idcirco
1431 1744 1552 1797 inde
1585 1745 1747 1798 etiam
1779 1743 1943 1811 majo-
1975 1743 2014 1797 Β
2046 1744 2194 1816 σθείη
2221 1763 2235 1810 ;

368 1849 482 1889 rem
531 1836 778 1894 ﬁduciam
814 1847 1078 1903 ;sumens,
1131 1838 1339 1893 ﬁrmant
1393 1839 1441 1893 ei
1493 1838 1650 1891 ﬁdem
1728 1838 1962 1894 vicissim
2040 1841 2191 1908 quasi
2256 1839 2511 1893 tributum
2574 1837 2751 1904 olfert,
2807 1848 2862 1894 et
2909 1840 3108 1894 clamat
3153 1859 3166 1894 ε
3212 1837 3465 1891 Dominus
3504 1836 3595 1906 (68

369 1941 536 1989 meus,
568 1938 616 1981 et
649 1927 786 1983 Deus
817 1946 979 1985 meus.
1007 1929 1063 1983 ln
1098 1929 1385 1984 catholicis
1431 1944 1558 1983 vero
1590 1929 1792 1999 (idest,
1865 1929 2278 2000 universalibus)
2345 1929 2597 2000 Epistolis
2661 1945 2876 2001 quoque
2914 1932 3164 1986 deitatem
3209 1928 3344 1982 Filio
3394 1943 3460 1982 ac
3507 1927 3616 1980 Pa-

369 2014 438 2066 tri
468 2028 535 2070 ex
563 2032 739 2086 aequo,
769 2027 823 2074 et
848 2019 1113 2074 similibus
1137 2019 1412 2073 vocabulis
1445 2020 1744 2074 tribuentes
1779 2020 2016 2075 Joannes
2061 2036 2126 2075 ac
2155 2020 2319 2077 Judas
2374 2023 2446 2077 ita
2515 2023 2868 2093 scripserunt,
2933 2031 2993 2076 ut
3071 2030 3224 2073 antea
3256 2019 3368 2089 (69)
3413 2018 3620 2071 dictum

367 2113 471 2158 est.
498 2103 736 2162 Joannes
770 2109 1012 2177 quidem,
1051 2130 1277 2184 magnus
1305 2115 1391 2169 ille
1415 2115 1714 2184 theologus,
1747 2116 1812 2168 lit
1877 2119 2109 2171 novimus
2171 2118 2305 2189 (70),
2367 2119 2559 2188 inquit,
2620 2120 2757 2188 quod
2803 2117 3026 2173 Verbum
3061 2117 3154 2170 Dei
3183 2117 3338 2178 venit,
3383 2126 3429 2168 et
3470 2117 3622 2171 dedit

368 2192 747 2249 nobismentem
770 2199 904 2270 (71),
928 2211 983 2254 ut
1004 2219 1373 2271 cognoscamus
1395 2222 1568 2260 verum
1631 2205 1795 2258 Deum
1833 2205 1984 2276 (72):
2028 2218 2075 2261 et
2128 2224 2306 2262 sumus
2346 2210 2400 2262 in
2438 2227 2554 2263 vero
2589 2208 2730 2263 Filio
2762 2209 2857 2262 Dei
2899 2208 3027 2263 Iesu
3072 2207 3275 2262 Christo
3315 2209 3453 2279 (73).
3511 2206 3622 2262 Hic

367 2295 443 2338 est
477 2301 627 2342 verus
657 2288 812 2354 Deus,
852 2301 903 2345 et
937 2294 1042 2346 vita
1067 2307 1281 2350 aeterna.
1339 2295 1501 2362 Quasi
1547 2297 1725 2352 dicat:
1771 2297 1948 2350 Alium
1988 2314 2054 2353 ne
2082 2314 2314 2368 quaeras,
2342 2301 2432 2370 qui
2461 2301 2530 2354 sit
2557 2316 2623 2355 ex
2643 2301 2875 2357 essentia
2911 2299 3074 2364 Deus,
3097 2310 3189 2354 aut
3255 2299 3422 2354 Filius
3483 2300 3617 2354 Dei:

378 2391 500 2428 nam
536 2376 602 2430 de
639 2378 755 2448 ipso
803 2379 1030 2452 loquens
1083 2383 1164 2438 bis
1206 2385 1299 2439 tibi
1343 2386 1450 2438 dixi
1499 2401 1710 2452 vocent,
1760 2403 1944 2441 verus:
1982 2389 2106 2456 quia
2132 2401 2188 2444 et
2214 2390 2382 2446 Filius
2405 2407 2564 2446 verus
2591 2401 2692 2458 est,
2723 2401 2779 2447 et
2843 2394 2981 2446 Deus
3057 2406 3236 2456 verus,
3287 2393 3377 2460 qui
3416 2391 3620 2446 intellio

367 2467 630 2538 gentiam,
663 2486 756 2525 seu
789 2485 1023 2529 mentem
1053 2476 1198 2530 dedit
1238 2477 1324 2538 iis,
1367 2478 1456 2545 qui
1502 2478 1647 2530 illam
1693 2480 1936 2546 accipere
1973 2490 2128 2535 erant
2174 2481 2318 2550 digni
2379 2482 2514 2548 (7t).
2559 2484 2705 2536 Adeo
2750 2493 2808 2536 ttt
2888 2497 3212 2553 cegnoscere
3260 2483 3384 2538 inde
3425 2484 3609 2546 liceat.

370 2561 544 2628 ipsum
575 2572 626 2614 et
661 2577 790 2617 vere
828 2566 1065 2632 genitum
1099 2565 1286 2630 fuisse,
1319 2578 1373 2623 et
1436 2586 1560 2626 vere
1602 2571 1726 2633 Deo,
1759 2573 1848 2642 qui
1901 2572 2049 2628 illum
2113 2577 2318 2643 genuit,
2379 2575 2890 2630 consubstantialem
2955 2591 3101 2633 esse.
3127 2574 3290 2630 Judas
3309 2587 3518 2641 autem,
3560 2577 3608 2630 is

370 2667 564 2722 nempe
609 2656 702 2724 qni
741 2657 882 2711 inter
913 2657 1192 2713 duodecim
1227 2659 1345 2713 illos
1384 2662 1650 2732 ascriptus
1693 2673 1796 2727 est,
1831 2665 2044 2718 unicum
2082 2663 2365 2718 Dominum
2396 2666 2509 2736 (75)
2541 2667 2713 2736 ipsum
2749 2665 3030 2732 deﬁnivit,
3097 2677 3282 2734 utpote
3335 2683 3461 2722 eum
3525 2670 3619 2740 qui

366 2754 646 2813 paternam
683 2747 962 2812 deitatem,
1007 2764 1168 2818 super
1194 2753 1399 2817 omnia,
1429 2762 1482 2805 et
1530 2771 1622 2823 per
1691 2754 1893 2816 omnia,
1939 2765 1994 2808 et
2031 2755 2084 2808 in
2130 2757 2382 2811 omnibus
2435 2757 2806 2822 exsistentem,
2863 2758 3042 2812 habet.
3096 2756 3186 2812 Sic
3229 2759 3373 2813 enim
3421 2760 3620 2816 alicubi

370 2839 436 2890 ad
473 2838 756 2895 universos
805 2843 1028 2912 populos
1104 2847 1362 2913 scripsit:
1410 2845 1834 2901 Subintroierunt
1893 2848 2004 2918 (76)
2047 2850 2182 2902 enim
2216 2851 2430 2920 quidam
2469 2850 2702 2903 homines
2753 2850 2864 2919 (qui
2904 2851 3027 2904 olim
3063 2853 3353 2920 prwscripti
3400 2864 3525 2908 sunt
3567 2858 3623 2910 in

371 2928 469 2982 hoc
506 2932 788 3004 iudicium)
820 2935 988 3003 impii,
1037 2935 1137 2988 Dei
1172 2938 1334 2990 nostri
1369 2939 1598 3005 gratiam
1675 2940 2044 3008 transferentes
2112 2940 2166 2993 in
2229 2941 2594 3004 petulantiam,
2635 2950 2683 2993 et
2715 2942 2887 2993 solum
2924 2941 3316 2996 Dominatorem
3360 2954 3408 2996 et
3445 2943 3625 2998 Domi-

372 3035 495 3072 num
531 3033 763 3074 nostrum
795 3023 975 3078 Jesum
1000 3026 1264 3084 Christum
1301 3044 1566 3102 negantes.
1613 3037 1716 3089 Sed
1763 3047 1811 3089 et
1857 3035 2072 3089 Petrum
2131 3037 2245 3107 86
2306 3036 2670 3105 apostolorum
2739 3038 3083 3108 corypltzeum
3129 3039 3181 3091 in
3219 3041 3368 3094 Actis
3401 3041 3609 3096 dixisse

371 3121 582 3164 constat
645 3112 756 3182 (77)
809 3134 822 3170 :
902 3115 1123 3173 Verbum
1169 3123 1282 3191 (78)
1331 3125 1469 3195 quod
1513 3127 1654 3180 misit
1692 3126 1818 3195 [iliis
1870 3127 2042 3182 Israel
2094 3131 2414 3183 annuntians
2469 3145 2649 3196 pacem
2708 3145 2799 3196 per
2826 3128 3006 3183 Jesum
3039 3128 3330 3194 Christum,
3397 3131 3482 3185 hic
3539 3145 3616 3187 est

371 3207 604 3258 omnium
635 3206 907 3264 Dominus.
971 3212 1196 3268 Ubinam
1243 3234 1390 3287 ergo,
1435 3230 1525 3273 aut
1558 3226 1848 3290 quomodo,
1889 3232 1980 3274 aut
2017 3225 2360 3292 quandonam
2417 3224 2528 3286 ille,
2553 3224 2646 3293 qui
2680 3224 2863 3286 tantis,
2898 3233 3115 3290 tamque
3150 3223 3513 3288 evidentibus,
3557 3239 3615 3280 et

369 3301 610 3367 ejusdem
650 3304 898 3359 omnibus
951 3307 1120 3370 modi,
1176 3308 1413 3378 nihilque
1479 3311 1622 3365 inter
1669 3326 1729 3364 se
1782 3314 2212 3383 discrepantibus
2273 3315 2450 3370 Patris
2503 3315 2737 3369 oraculis
2779 3313 3061 3370 decoratus
3119 3312 3220 3368 luit
3261 3314 3399 3383 (79),
3453 3317 3619 3372 dissi-

368 3395 514 3448 milis
545 3394 836 3464 productus
871 3395 1036 3450 fuisse
1063 3399 1167 3454 dici
1200 3401 1412 3468 potest?

956 3489 1382 3548 CAP.XXVHL
1974 3509 2017 3566 ς

368 3575 446 3632 De
479 3579 757 3651 _iis_lot:is,
812 3584 864 3633 in
911 3584 1097 3646 quibus
1146 3586 1394 3651 scriptum
1433 3595 1529 3648 est,
1584 3583 1778 3638 Filium
1831 3587 1936 3639 lar-

439 3649 541 3717 giri
563 3649 676 3721 (80)
705 3667 866 3706 omne
895 3655 1215 3718 bonum;et,
1250 3649 1484 3718 exoriri;
1523 3665 1588 3712 et.
1625 3672 1746 3710 esse
1769 3656 1936 3710 solem

432 3722 697 3793 justitite;
728 3732 802 3782 et,
850 3728 1325 3787 sanationenuet,
1381 3725 1693 3779 thesaurum
1725 3729 1940 3793 sapien-

445 3791 530 3844 tiae
577 3801 632 3845 et
657 3793 899 3846 scicntia:
924 3811 937 3858 ;
966 3804 1035 3853 ct,
1059 3795 1227 3847 lucem
1265 3811 1276 3844 :
1317 3810 1404 3846 eos
1439 3811 1576 3857 vero,
1599 3791 1939 3862 quicredunt,

441 3876 604 3928 neque
629 3864 1066 3916 scandalizentur
1091 3866 1142 3916 in
1174 3865 1314 3930 ipso,
1341 3864 1478 3917 ﬁlios
1509 3865 1642 3919 lucis
1667 3865 1805 3933 ﬁeri.

437 3955 727 4010 Enimvero
767 3957 856 4025 qui
907 3955 1153 4012 laudibus
1201 3957 1349 4010 illum
1381 3957 1742 4018 celebrarunt,
1783 3957 1836 4019 ii,
1885 3967 1943 4014 ut

2655 3491 2812 3543 ΚΕΦ.
2848 3491 2983 3544 KH'.

2043 3584 2182 3652 Περὶ
2210 3583 2314 3635 τοῦ
2339 3581 2446 3652 τὸν
2483 3580 2618 3634 Υὶὸν
2641 3583 2764 3652 (πᾶν
2795 3581 2996 3650 ἀγαθὸν
3048 3581 3357 3636 ἀνατέλλειν
3377 3599 3390 3612 ·
3425 3581 3523 3635 καὶ
3552 3579 3628 3636 sl-

2115 3651 2200 3704 ναι
2230 3652 2382 3724 ἥλιον
2407 3651 2756 3724 (δικαιοσύνης
2774 3668 2787 3682 ο
2837 3653 2931 3724 καὶ
2966 3651 3116 3724 iactv
3142 3669 3181 3724 ’γ
3207 3652 3304 3724 καὶ
3351 3652 3628 3724 θησαυρὸν

2116 3721 2305 3792 σοφίας
2334 3723 2428 3774 κα).
2455 3721 2746 3791 γνώσεωςο
2777 3723 2873 3792 καὶ
2913 3723 3028 3790 φῶς
3051 3739 3064 3752 ’
3091 3723 3189 3774 καὶ
3215 3723 3357 3786 τοὺς
3380 3721 3627 3776 πιστεύ-

2116 3810 2314 3856 οντας,
2344 3793 2442 3844 καὶ
2500 3792 2580 3860 μὴ
2639 3791 3214 3862 σκανδαλιζομένους
3267 3795 3354 3858 εὶς
3414 3795 3626 3856 αὐτὸν,

2116 3863 2264 3925 ῦῐοὺς
2291 3863 2466 3930 φωτὸς
2489 3864 2776 3932 γίνεσθαι.

2117 3957 2180 4008 Οἱ
2215 3953 2345 4022 γοῦν
2378 3955 2505 4025 περὶ
2563 3953 2726 4007 αὑτοῦ
2782 3953 3106 4024 ὑμνηκότες,
3171 3952 3442 4025 διαφόρως
3493 3954 3626 4024 ἡμῖν

368 4049 554 4102 multis
583 4047 758 4101 modis
775 4047 890 4115 ejus
935 4047 1213 4111 deitatem,
1260 4045 1662 4116 perfectamque
1701 4048 1943 4116 prepria-

439 4223 551 4286 (ﬁﬁ)
595 4223 740 4293 Non.
767 4223 965 4293 Matth.
992 4238 1065 4286 tv,
1098 4221 1292 4293 7r.¥ubi,
1331 4223 1430 4275 οὐκ
1461 4222 1829 4293 ἐκπειράσεις.

439 4294 551 4364 (67)
597 4292 723 4364 Yos.
757 4292 924 4364 Joan.
950 4309 1069 4356 xm,
1112 4291 1198 4343 15.

439 4361 553 4429 (tiS)
596 4363 872 4416 Dominus.
903 4363 1055 4417 Joau.
1085 4376 1174 4421 xx,
1215 4361 1305 4416 ‘28.

443 4433 552 4504 (69)
595 4433 803 4504 Antea.‘
833 4432 1057 4504 Joannis
1105 4432 1279 4504 locum
1329 4433 1508 4485 attulit
1557 4448 1726 4502 segm.
1779 4434 1839 4487 3i
1889 4435 1938 4489 b.

368 4492 732 4557 Judm'autem
769 4492 933 4556 \lerba
965 4505 1016 4556 in
1049 4502 1316 4569 capitibus
1348 4517 1466 4564 qtue
1500 4492 1796 4568 periErunt.

439 4574 553 4642 (70)
595 4571 662 4625 Et
716 4572 968 4625 novimus.
1005 4571 1025 4624 l
1057 4570 1211 4626 Joan.
1255 4587 1308 4630 v,
1361 4573 1450 4626 20.
1497 4573 1680 4626 Gratca
1729 4573 1939 4628 editio:

367 4644 478 4697 Οἵδ.
513 4643 570 4698 δὲ
600 4644 648 4696 ὃ.
683 4644 712 4696 ὁ
744 4643 870 4706 Υἱὸς
902 4643 996 4696 τοῦ
1023 4685 1038 4699 .
1067 4684 1081 4696 .
1110 4681 1124 4695 .
1157 4642 1251 4695 καὶ
1276 4643 1526 4696 δέδωκεν.

439 4715 553 4782 (71)
598 4713 842 4767 Mentem.
877 4712 931 4766 lit
961 4718 1307 4766 enarratione
1354 4718 1417 4764 ad
1455 4715 1597 4766 hunc
1648 4711 1818 4764 locum
1871 4713 1944 4767 ait

368 4783 648 4854 Didymus,
689 4783 926 4837 διάνοιαν
972 4784 1110 4837 idem
1162 4784 1464 4854 Iticicsse,
1515 4796 1676 4850 atque
1719 4793 1941 4854 mentem

368 4851 554 4918 illaut,
615 4856 680 4908 de
729 4871 832 4922 qua
874 4856 1076 4908 dictum
1123 4864 1204 4906 est
1269 4853 1285 4906 Ι
1372 4853 1494 4907 Cor.
1551 4868 1626 4914 lt,
1689 4852 1770 4915 l6,
1817 4851 1942 4904 νοῦν

367 4925 606 4995 ξριστοῦ
649 4925 864 4995 ἔχομεν,
904 4925 1078 4995 idest
1118 4933 1368 4987 mentem,
1421 4939 1515 4976 seu
1553 4923 1942 4992 cognitionem,

368 4992 564 5046 Christi
618 4992 888 5048 habemus.
939 4993 1193 5062 Vulgalus
1245 4995 1343 5046 ittt.
1396 5005 1680 5061 utrantque
1733 5008 1941 5055 vocent,

366 5063 624 5128 διάνοιαν,
652 5075 705 5118 et
732 5064 876 5126 νοῦν,
913 5066 1073 5118 vertit
1102 5080 1308 5116 sensum
1348 5074 1454 5116 tum
1501 5064 1609 5128 ltic,
1645 5075 1754 5116 tttttt
1795 5063 1942 5117 alibi.

368 5134 484 5197 Quo
515 5137 672 5187 modo
707 5146 857 5190 vetus
891 5149 1106 5202 quoque
1136 5133 1320 5186 lrcnati
1353 5134 1617 5201 interpres
1651 5132 1944 5185 transferre

369 5204 539 5267 solet;
581 5213 639 5255 ut
668 5204 758 5256 lib.
808 5220 868 5266 ιι,
914 5219 1030 5270 cap.
1090 5204 1178 5263 t3,
1230 5205 1316 5256 ubi
1356 5204 1592 5271 legitur:
1632 5213 1768 5254 totus
1825 5218 1942 5253 cum

368 5274 640 5344 sitsensus
669 5273 1013 5344 (Dens).hl€t
1061 5274 1113 5324 in
1140 5277 1450 5344 apocrypha
1506 5272 1656 5326 Pauli
1709 5271 1942 5344 Epistula

369 5342 433 5393 ad
464 5341 821 5397 Laodicenses
861 5341 872 5394 ἐ
911 5341 1092 5395 Estou’
1118 5342 1257 5409 ﬁrmi
1286 5341 1524 5398 iuseum
1550 5343 1762 5396 Christi.

440 5411 554 5481 (79.)
598 5411 782 5464 Deum.
843 5411 978 5475 Vox,
1011 5412 1198 5475 Deum,
1228 5415 1376 5466 deest
1407 5416 1456 5465 in
1490 5413 1690 5468 Grzccis
1718 5412 1940 5466 Bibliis:

371 5484 669 5552 legiturque
709 5484 760 5535 itt
792 5483 855 5537 iis
890 5485 1185 5548 duntaxat,
1229 5483 1318 5554 τὸν
1335 5482 1608 5554 ἀληθινόν,
1647 5484 1698 5554 id
1728 5493 1831 5548 est,
1857 5499 1944 5534 ue—
1985 5545 1994 5554 _

369 5569 506 5615 rum,
536 5554 668 5614 sive,
698 5568 815 5605 eum
854 5554 944 5622 qui
993 5569 1141 5605 verus
1165 5563 1262 5606 est.
1295 5553 1362 5605 At
1394 5553 1644 5623 [lydintns
1690 5553 1740 5606 iit
1781 5557 1942 5605 citata

368 5623 904 5694 t-tiatttenarratioue
950 5623 1076 5694 legit
1117 5638 1235 5677 cant
1285 5639 1490 5689 vocent,
1547 5625 1732 5688 Deum,
1783 5634 1840 5677 ιιι
1889 5632 1944 5676 et

375 5691 521 5760 Vulg.
554 5693 838 5764 interpres.

2045 4047 2145 4118 τὴν
2174 4046 2402 4118 θεότητα
2441 4045 2629 4111 αὑτοῦ,
2670 4045 2841 4099 καὶτὸ
2867 4045 3068 4109 τελέως
3096 4046 3260 4100 αὑτὸν
3292 4048 3624 4116 προεστάναι

2119 4225 2230 4294 (75)
2264 4225 2490 4284 Christo.
2519 4227 2703 4280 Graeca
2732 4225 2895 4279 editio
2922 4243 2935 4278 :
2969 4226 3028 4277 ὲν
3054 4221 3130 4292 τῷ
3157 4221 3415 4294 ἀληθινῷ,
3456 4225 3516 4276 ὲν
3549 4225 3626 4294 τῷ

2048 4293 2162 4364 Υἱῷ
2195 4296 2372 4366 (αὑτοῦ
2416 4298 2472 4351 ’1.
2513 4297 2576 4350 Χ.
2602 4334 2617 4350 .
2647 4337 2661 4350 .
2689 4334 2702 4348 .
2739 4298 2832 4348 κα).
2859 4297 2891 4366 ἡ
2927 4295 3039 4364 ζωὴ
3067 4295 3303 4366 αἱῴνιος.

2119 4363 2231 4432 (74)
2274 4366 2378 4430 Qui
2425 4367 2571 4419 illam
2620 4368 2852 4433 accipere
2880 4363 3045 4417 'erant
3091 4364 3258 4430 digiti.
3305 4363 3625 4431 llujusmodi

2046 4434 2391 4498 locutionem,
2429 4439 2656 4504 benigne
2702 4452 2730 4486 a
2781 4435 2980 4488 lectore
3027 4433 3626 4504 accipiendauttbabet

2048 4507 2241 4571 Smpins
2275 4506 2529 4576 Didymus
2561 4503 2678 4558 tum
2716 4505 2844 4576 hic,
2881 4516 2989 4576 tum
3036 4503 3258 4576 ιιι-Μ)το
3306 4503 3380 4576 De
3418 4503 3623 4572 Spiritu

2047 4584 2249 4646 sancto,
2310 4571 2432 4646 paig.
2499 4577 2598 4629 133
2648 4585 2700 4629 ct
2749 4573 2854 4646 l3ﬁ
2891 4574 3022 4629 edit.
3072 4571 3469 4646 Veronensing
3511 4585 3623 4626 tum

1976 4664 2020 4717 ι)
2049 4645 2197 4717 alibi.
2236 4644 2571 4717 Quinetiam
2617 4646 2754 4713 apud
2797 4645 3130 4698 Cletttentem
3173 4644 3622 4708 Alexandrinum,

2049 4723 2098 4767 et
2131 4715 2264 4786 alios
2284 4715 2485 4786 Patres
2514 4717 2725 4786 legitur.

2121 4783 2231 4853 (75)
2271 4781 2590 4839 Dominum.—
2635 4785 2764 4848 Seu,
2823 4798 3165 4853 possessorem
3197 4798 3214 4835 :
3243 4796 3401 4852 quem
3448 4781 3626 4838 Lucas

2048 4868 2260 4924 quoque
2289 4856 2339 4906 in
2369 4858 2513 4910 Actis
2549 4872 2619 4919 tv,
2650 4857 2740 4919 3i,
2774 4855 2905 4907 dixit
2937 4857 3197 4925 κτήτορα.

2120 4925 2231 4994 (76)
2272 4925 2738 4994 Subintroierunt,
2761 4925 2936 4994 Epist.
2970 4921 3092 4978 Jud.
3127 4937 3280 4994 vers.

2119 4990 2230 5064 (77)
2271 4995 2640 5064 Corypha’um.
2701 4993 2843 5047 Νοιό
2902 4993 3114 5048 Ernesti
3157 4991 3340 5064 Grabti
3369 4990 3624 5064 _ltominis

2049 5059 2596 5134 heterodoxi'ttpinio,
2640 5079 2744 5133 qua
2787 5079 2890 5118 non
2939 5064 3178 5125 Petrum,
3228 5061 3336 5134 sed
3362 5059 3622 5134 Jacohuttt

2049 5132 2676 5202 apostolorum‘pritnunt
2706 5135 2874 5188 fuiSse
2907 5144 3076 5196 retur,
3131 5148 3251 5185 cuttt
3299 5133 3409 5202 risu
3447 5132 3622 5202 potius

2048 5205 2363 5272 excipienda
2421 5199 2524 5266 est,
2580 5219 2741 5271 quam
2797 5203 3110 5259 refellenda.
3178 5203 3305 5255 Vide
3365 5199 3621 5272 blassueti

2047 5270 2204 5340 notas
2251 5274 2316 5325 ad
2366 5273 2553 5328 [rena'i
2594 5270 2787 5328 librum
2823 5289 2905 5337 ιιι,
2955 5289 3072 5340 cap.
3103 5273 3157 5336 3,
3194 5287 3342 5326 num.
3386 5270 3444 5335 2,
3496 5285 3619 5340 pag.

2045 5339 2172 5397 9.00.
2208 5343 2342 5413 Vide
2374 5353 2426 5398 et
2453 5359 2599 5398 uteas
2624 5345 2689 5398 ad
2730 5360 2898 5413 segttt.
2942 5339 3046 5396 106
3075 5345 3123 5396 b.

2119 5413 2228 5484 (78)
2275 5411 2520 5467 Verbum.
2566 5415 2687 5468 Act.
2717 5431 2770 5478 χ,
2798 5411 2891 5468 36.

2276 5484 2579 5564 Decoratus.
2623 5484 2800 5564 Codex
2833 5484 3106 5564 mendose,
3137 5480 3530 5564 τετηρημένος.

2119 5553 2230 5624 (80)
2274 5553 2505 5623 Largiri.
2549 5555 2603 5608 ltt
2647 5555 2837 5609 Graeco
2881 5554 3145 5624 excidisse
3184 5553 3411 5622 conjicio
3462 5564 3620 5608 voces
3713 5565 3716 5568 '

2049 5623 2308 5698 παρέχειν
2336 5627 2448 5691 καί,
2479 5637 2598 5696 post
2633 5641 2815 5681 vocent
2843 5623 3061 5694 ἀγαθόν.
