3688 6306
138 307 220 362 109
1187 304 1279 358 DE
1313 303 1693 360 ΤιιιΝιΤΑτΕ
1733 299 1932 357 LIBER
1972 297 2252 356 PRIMUS.

3223 293 3338 351 M0

133 423 220 478 τῶν
239 418 433 473 οἰκείων
473 416 650 488 ἔργων
692 417 1111 483 ἐπιδεικνύντες,
1158 418 1517 484 διδάσκουσιν,
1575 419 1610 471 ὃν

1817 432 1877 470 .m
1911 414 2081 485 ipsius
2094 423 2464 469 creaturarum
2491 409 2933 490 gubernationem
2977 409 3132 463 nobis
3157 419 3335 464 osten-

131 515 262 575 αὑτός
282 514 386 564 ἐστι
408 509 604 573 παντὸς
635 508 844 578 ἀγαθοῦ
872 509 1225 580 παρεκτικὸς,
1259 511 1353 564 καὶ
1379 510 1492 578 φῶς
1524 511 1662 578 ἀγα-

131 604 314 666 θοειδὲς,
343 603 430 655 καὶ
477 601 826 669 ἀγαθοποιὸν,
881 603 972 654 καὶ
1018 602 1200 672 ἥλιος·
1218 602 1430 673 νοητὸς,
1459 601 1537 672 τῷ
1566 600 1658 670 ἀφ’

125 694 286 749 ἑαυτοῦ
313 693 522 762 ἀλήκτῳ
557 692 698 761 φωτὶ
747 692 1190 765 ἀπολαμπρύνων
1216 694 1284 746 τὰ
1305 693 1530 764 ὄμματα
1555 692 1662 747 τῶν

121 785 337 840 ἀπλανῶν
388 785 479 836 καὶ
502 782 769 837 δεκτικῶν
801 784 1008 854 ψυχῶν,
1039 785 1132 838 καὶ
1163 784 1295 837 είσω
1337 784 1437 854 τῆς
1467 783 1662 854 νοητῆς

118 879 240 944 ἄγων
265 875 564 946 περιωπῆς,
589 876 684 928 καλ⁴
731 875 902 928 ποιῶν
944 878 1098 948 ὁρᾷν,
1128 875 1164 930 ἃ
1195 877 1268 947 μὴ
1303 877 1566 948 πρότερον
1593 871 1660 928 δι’

118 967 352 1039 ἁμαρτίας
381 968 514 1038 ὁρᾷν
569 966 688 1020 καθ’
720 967 859 1021 αὑτὰ
896 968 1160 1036 ἐπεφύκει
1182 984 1196 998 ’
1233 967 1265 1039 ἢ
1299 968 1394 1021 καὶ
1420 967 1538 1020 ὅλον
1568 967 1660 1020 τὸν

117 1064 269 1131 ἄρτιον
291 1058 573 1129 ἄνθρωπον
593 1059 856 1128 φωτοειδῆ
879 1057 1064 1122 ποιῶν,
1091 1059 1166 1122 ὠς
1198 1061 1226 1112 ὁ
1248 1059 1397 1128 ἣλιος
1425 1056 1658 1128 ἡλιοειδῆ

116 1153 168 1204 τὰ
200 1149 410 1218 σώματα
439 1149 510 1202 τὰ
537 1153 596 1204 ὲν
611 1143 694 1213 οἷς
724 1151 1116 1222 παραγίνεται·
1148 1150 1228 1204 ἔτι
1248 1150 1306 1203 δὲ
1337 1152 1418 1205 ὅτι
1451 1151 1544 1204 καὶ
1579 1149 1661 1204 τα-

117 1260 197 1304 σις,
239 1243 324 1294 καὶ
357 1240 632 1312 θησαυρὸς
663 1243 854 1312 σοφίας
896 1243 990 1295 καὶ
1025 1241 1278 1311 γνώσεως
1314 1241 1659 1311 ἀδαπάνητος

114 1334 188 1384 καὶ
211 1331 516 1402 πανταρκὴς
535 1334 816 1402 τυγχάνει.
848 1333 958 1386 Καὶ
984 1333 1034 1385 oi
1078 1333 1207 1401 περ).
1243 1330 1405 1385 αὐτὸν
1434 1332 1657 1403 εἰλικρι-

111 1421 198 1480 νῶς
219 1420 561 1488 διακείμενοι,
587 1420 665 1484 ὡς
686 1421 780 1474 καὶ
802 1421 928 1492 περὶ
957 1421 1050 1475 τὸν
1083 1422 1303 1492 Πατέρα
1327 1421 1513 1486 αὐτοῦ,
1551 1421 1658 1474 υἱοὶ

111 1511 258 1579 φωτὸς
285 1510 546 1577 γίνονται,
578 1511 721 1565 καθὰ
750 1514 854 1565 υἱοὶ
877 1511 970 1564 τοῦ
998 1512 1132 1565 Θεοῦ
1169 1513 1382 1584 Πατρός
1403 1529 1417 1543 ·
1445 1513 1520 1575 ὡς
1538 1511 1654 1583 ήνί-

112 1617 169 1652 κα
189 1599 648 1670 διακηρύττουσιν,
681 1601 963 1672 Μαλαχίας
996 1603 1096 1672 μέν
1115 1616 1128 1630 °
1170 1602 1466 1657 Ἆνατελεῐ
1488 1602 1651 1672 ὑμῖν,

109 1689 209 1755 τοῖς
236 1691 620 1759 φοϐουμένοις
662 1693 726 1746 τὸ
756 1693 944 1762 ὄνομα
974 1712 1115 1762 μου,
1151 1694 1322 1761 ἣλιος
1346 1695 1650 1749 δικαιοσύ-

1767 510 1916 572 dant,
1955 509 2170 572 docent,
2208 507 2382 574 ipsum
2411 502 2646 568 cujusvis
2674 503 2798 556 boui
2830 501 3136 570 largitorem
3169 514 3331 568 esse;

1765 608 1820 652 et
1844 599 2084 653 bonitate
2115 596 2388 665 praeditam
2430 592 2564 663 (81),
2593 593 2965 661 bonorumque
3001 590 3330 646 eli‘ectricetn

1765 689 1975 753 lucem;
2001 698 2058 744 et
2097 688 2381 759 mysticum
2414 687 2606 752 solem,
2635 685 2723 754 qui
2761 684 3084 738 indelicienti
3132 683 3332 738 lumine

1763 796 1794 836 a
1824 795 1885 834 se
1910 780 2032 847 ipso
2087 784 2372 832 emanante
2420 776 2771 829 inerrantium
2811 773 2945 844 (82),
2985 773 3333 841 ejusdemque

1764 870 1980 926 luminis
2030 870 2306 938 capacium
2357 872 2658 922 animarum
2707 865 2891 920 oculos
2944 865 3226 928 illuminat,
3277 872 3333 917 et

1764 962 1906 1015 intra
1941 961 2222 1031 mysticam
2253 959 2524 1028 speculam
2558 958 2724 1026 degit,
2755 971 2820 1010 ac
2853 971 2938 1019 ea,
2966 971 3087 1024 qua:
3109 955 3180 1011 ob
3205 969 3330 1023 pec-

1762 1063 1882 1107 cata
1904 1053 1974 1107 ita
2005 1053 2158 1122 prius
2180 1059 2490 1119 comparata
2518 1058 2694 1116 erant,
2723 1059 2780 1102 ut
2816 1051 2926 1118 ipsa
2950 1064 3044 1118 per
3063 1063 3122 1104 se
3146 1049 3330 1102 videre

1761 1161 1864 1202 non
1897 1153 2136 1214 possent,
2166 1141 2378 1196 videndi
2411 1141 2666 1195 facultate
2709 1141 2890 1204 donat,
2923 1149 3018 1192 aut
3048 1139 3212 1193 etiam
3249 1148 3331 1192 to-

1767 1245 1876 1288 tum
1913 1233 2210 1304 perlectum
2243 1232 2512 1287 hominem
2541 1231 2773 1286 lucidum
2804 1230 2958 1294 facit,
2990 1232 3132 1285 sicut
3169 1241 3224 1285 et
3249 1229 3331 1284 sol

1757 1326 1932 1390 clara,
1968 1325 2184 1394 sibique
2215 1324 2410 1378 similia
2442 1324 2617 1378 reddit
2643 1337 2894 1392 corpora,
2930 1322 2998 1376 ad
3042 1336 3163 1390 quae
3204 1336 3330 1390 per-

1758 1421 1934 1491 tingit.
1973 1419 2108 1474 Eum
2144 1420 2361 1487 insuper
2393 1428 2449 1472 et
2482 1418 2817 1474 sanationem
2843 1430 2966 1471 esse
3011 1415 3227 1480 docent,
3275 1422 3333 1469 et

1759 1515 2064 1566 thesaurum
2122 1511 2396 1578 sapientia:
2464 1520 2520 1564 et
2590 1508 2828 1564 scientia!
2897 1507 3327 1573 inexhaustum,

1754 1619 2048 1673 omnesque
2090 1602 2368 1673 juvantem
2409 1601 2542 1669 (85).
2577 1603 2655 1655 Ac
2683 1601 2894 1654 demum
2941 1613 3053 1660 eos,
3083 1599 3173 1668 qui
3202 1612 3331 1666 erga

1757 1695 1956 1762 ipsum,
1986 1695 2126 1749 sicut
2153 1709 2279 1763 erga
2313 1692 2528 1748 Patrem
2572 1693 2710 1761 ejus,
2761 1693 2974 1747 sincero
3025 1691 3206 1744 animo
3251 1688 3331 1741 af-

107 1800 217 1849 rtjc,
256 1782 352 1836 καὶ
390 1783 558 1849 ἴασις
589 1785 658 1838 ὲν
689 1785 820 1852 ταῖς
876 1787 1160 1855 πτέρυξιν
1191 1789 1396 1842 αὐτοῦ.
1452 1789 1610 1861 Πέτρε

1817 1784 1882 1838 cti
1909 1792 2054 1849 sunt,
2083 1783 2222 1838 ﬁlios
2249 1785 2384 1839 lucis
2415 1798 2536 1839 esse
2565 1785 2736 1848 aiunt,
2771 1783 2910 1836 sicut
2945 1781 3036 1834 lilii
3084 1789 3208 1833 sunt
3237 1779 3328 1832 Dei

106 1874 168 1935 δὲ,
189 1877 322 1946 ὲντῇ
351 1875 582 1947 δευτέρᾳ
623 1877 944 1948 Ἐπιστολῇ·
982 1879 1130 1946 Ἕως
1176 1876 1246 1936 οὗ
1279 1880 1467 1949 ἡμέρα
1491 1880 1656 1936 διαυ-

107 1966 260 2034 γάσῃ,
290 1966 386 2020 καὶ
418 1969 744 2036 Φωσφόρος
776 1969 1058 2040 ἀνατείλῃ
1116 1971 1185 2024 ἐν
1208 1971 1340 2038 ταῖς
1385 1972 1656 2042 καρδίαις

106 2055 261 2123 ὑμῶν.
300 2057 526 2126 Ἔλεγεν
569 2058 648 2123 δὲ,
673 2054 848 2129 οἶμαι,
877 2060 968 2113 τὸν
1009 2062 1118 2115 ἀπὸ
1145 2066 1243 2133 τῆς
1271 2063 1528 2135 δευτέρας
1559 2066 1656 2118 αὺ-

104 2144 178 2196 τοῦ
208 2146 519 2215 ἐπιφανείας
549 2147 790 2218 ἀνίσχειν
825 2148 1086 2220 μέλλοντα
1117 2155 1236 2214 ταῖς
1267 2151 1466 2224 ψυχαῖς
1487 2172 1654 2224 φωτι-

105 2236 232 2306 σμὸν,
254 2239 346 2289 καὶ
371 2238 550 2292 πάντα
570 2240 1072 2311 καταφαιδρύνοντα
1100 2241 1168 2295 τὰ
1193 2243 1368 2313 σκότῳ
1393 2261 1657 2317 κεκρατη-

103 2333 234 2399 μένα.
261 2332 370 2382 Καὶ
403 2331 665 2404 ἑτέρωθι*
721 2334 830 2388 Kal
888 2336 927 2403 ἠ
958 2335 1109 2400 δόξα
1165 2339 1386 2405 K-vpiov
1422 2338 1520 2392 ἐπὶ
1580 2337 1656 2392 σὲ

99 2422 498 2478 ἀνατέταλκεν.
552 2425 821 2496 Ζαχαρίας
871 2427 928 2481 δὲ
982 2432 1384 2500 προεφήτευσεν
1407 2446 1422 2459 ο
1481 2431 1558 2485 ΕΖ
1598 2447 1655 2485 τι

99 2510 312 2576 ἀγαθὸν,
337 2512 527 2566 αὑτοῦ
546 2528 562 2545 ·
588 2513 686 2567 καὶ
715 2515 772 2569 ει
801 2532 855 2568 τι
874 2517 1082 2584 καλὸν,
1104 2521 1237 2588 παρ’
1260 2521 1443 2575 αὑτοῦ
1460 2522 1651 2576 ἔσται.

99 2603 188 2654 Καὶ
212 2601 437 2668 Παῦλος,
489 2603 627 2673 πρὸς
657 2606 756 2675 μὲν
785 2607 1113 2672 Κολοσσαεῖς
1144 2611 1270 2682 περ).
1305 2610 1396 2681 [58
1439 2611 1494 2682 a]
1551 2612 1653 2664 αὐ-

98 2692 173 2744 τοῦ
200 2693 297 2762 ἔφη
319 2708 333 2722 '
370 2695 467 2747 Ἑν
496 2687 544 2760 ᾦ
570 2697 732 2749 εἰσιν
758 2697 978 2765 πάντες
1003 2703 1056 2754 oi
1085 2702 1376 2769 θησαυροὶ
1415 2702 1526 2771 τῆς
1546 2718 1654 2758 σο-

95 2786 216 2852 ξίας
245 2785 339 2838 καὶ
377 2784 657 2854 γνώσεως
681 2789 1016 2859 ἀπόκρυφοι
1034 2809 1048 2821 ο
1079 2793 1215 2863 πρὸς
1243 2793 1298 2846 δὲ
1328 2795 1651 2865 Ῥωμαίους,

95 2879 242 2943 Λέγει
268 2875 398 2946 γὰρ,
427 2877 617 2948 φησὶν,
651 2880 691 2946 ἡ
732 2881 942 2950 Γραφή
969 2899 981 2913 ·
1015 2880 1142 2948 Πᾶς
1175 2886 1208 2936 ό
1232 2887 1531 2939 πιστεύω·
1558 2887 1652 2941 ἐπ’

93 2965 248 3032 αὐτῷ,
291 2969 364 3022 οὐ
415 2971 1003 3038 καταισχυνθήσεται
1023 2991 1035 3002 ’
1087 2977 1159 3027 οὐ
1214 2974 1326 3045 γάρ
1367 2977 1498 3032 ἐστι
1529 2977 1654 3031 δια-

90 3059 260 3126 στολὴ
296 3059 596 3114 Ἰουδαίου
629 3062 727 3115 καὶ
746 3063 1051 3130 Ἕλληνος
1070 3082 1082 3095 ·
1113 3070 1146 3120 o’
1171 3067 1280 3136 γὰρ
1304 3067 1486 3135 αὐτὸς
1537 3071 1654 3123 Κύ-
1679 3102 1722 3160 c

89 3168 195 3217 μσς
215 3150 475 3214 πάντων,
506 3153 790 3206 πλουτῶν
811 3158 897 3221 εἰς
917 3155 1146 3224 πάντας
1167 3160 1306 3225 τοὺς
1328 3161 1649 3217 ἐπικαλου-

88 3243 284 3310 μένους
309 3246 502 3298 αὺτόν
525 3260 540 3274 °
574 3243 694 3311 πᾶς
719 3246 829 3314 γὰρ
879 3247 944 3312 ὃς
969 3250 1398 3319 ἐπικαλέσηται
1426 3252 1492 3304 τὸ
1515 3253 1648 3306 ὄνο-

88 3353 155 3402 μα
183 3338 420 3403 Κιιοίσυ,
452 3336 812 3403 σωθήσεται.
859 3340 1015 3393 Ποῖον
1044 3340 1099 3392 δὲ
1129 3342 1297 3411 ὄνομα
1330 3343 1650 3396 ἐπικαλοῦν-

88 3429 266 3482 rutro;
303 3429 455 3494 Υξοῦ,
493 3431 542 3482 οἱ
577 3431 710 3500 μηδὲ
749 3431 878 3484 Θεὸν
903 3433 1172 3496 ἄκτιστον,
1211 3434 1345 3504 μηδὲ
1370 3435 1496 3489 Υίὸν
1527 3437 1653 3507 ὁμο-

87 3522 244 3574 οὐσιον
273 3523 350 3592 τῷ
386 3523 569 3594 Πατρὶ
597 3522 844 3590 λέγοντες
873 3524 1034 3577 αὑτὸν
1073 3525 1164 3578 τὸν
1198 3525 1524 3590 καλλίνικον,
1557 3527 1649 3581 τὸν

89 3614 287 3684 Σωτῆρα
313 3613 571 3684 οὐρανοῦ,
598 3615 691 3667 καὶ
718 3615 840 3683 γῆς,
866 3615 956 3667 καὶ
993 3615 1285 3688 Θαλάσσης;
1317 3618 1428 3670 Καὶ
1473 3617 1650 3674 Ἰωάν-

148 3795 249 3862 (8|)
287 3793 882 3866 Bonitateiprteditam.
917 3793 1387 3866 Quemadmodum
1421 3794 1648 3866 θυμοει-

92 3866 169 3934 δής
215 3867 418 3919 dicitur
481 3865 779 3924 animosus,
849 3875 942 3916 aut
997 3864 1319 3928 iracundus;
1378 3865 1447 3918 ita
1498 3864 1648 3934 ’ἁγα-

93 3935 297 4003 ὃοειδής,
335 3934 569 3986 bonitate
595 3935 871 4004 prwditus,
906 3949 998 3988 seu
1027 3935 1212 3996 bonus,
1243 3950 1335 3987 seu
1364 3935 1641 4004 beneﬁcus,

94 4017 136 4054 nl
166 4017 303 4073 puto.
341 4004 725 4073 Suspicabitur
760 4003 990 4058 fortasse
1025 4005 1147 4069 quis
1185 4005 1465 4072 legendum
1491 4003 1639 4071 esse,

88 4071 182 4142 eo:
218 4073 522 4143 αὐγοειδὲς.
565 4071 673 4126 Sed
713 4073 915 4128 codicis
949 4074 1108 4128 lectio
1150 4074 1486 4128 sollicitanda
1533 4090 1640 4130 non

88 4157 154 4197 est
178 4165 189 4197 :
214 4142 337 4198 cuin
366 4142 710 4198 .Iamblichus
753 4158 965 4214 quoque
991 4153 1116 4198 ante
1143 4143 1428 4214 Didymum
1450 4146 1641 4198 eodem

89 4218 321 4269 vocabulo
358 4228 506 4284 usus,
539 4214 791 4284 sitiapud
826 4212 1086 4268 Joannem
1133 4212 1450 4284 Stobensem
1495 4214 1642 4284 λόγῳ

88 4288 249 4350 primo.
279 4285 370 4338 Τὰ
395 4284 455 4336 δὲ
485 4283 688 4354 ἀρετῆς
712 4283 849 4354 ξργα
894 4283 1135 4354 (inquit)
1173 4283 1494 4354 ἀγαθοειδῆ·
1523 4283 1643 4354 quas

89 4355 150 4408 sic
175 4358 333 4408 vertit
360 4352 674 4420 interpres:
716 4352 936 4406 Virtutis
967 4363 1142 4406 autem
1176 4370 1330 4421 opera
1370 4352 1490 4406 boni
1532 4352 1644 4412 for-

91 4442 198 4475 tum
223 4427 437 4479 habent.
474 4422 550 4475 De
577 4425 842 4490 scriptore
870 4434 1081 4486 autem,
1117 4425 1208 4491 qui
1257 4427 1356 4477 sub
1399 4425 1530 4477 Dion

88 4495 396 4563 Areopagitae
445 4493 664 4547 nomine
701 4495 850 4556 latet,
885 4509 948 4547 ac
992 4495 1234 4546 eamdem
1268 4508 1454 4547 vocem
1481 4493 1568 4548 adl

91 4566 176 4626 bet,
199 4567 325 4618 nihil
357 4566 505 4622 dico,
535 4564 677 4630 quod
709 4579 830 4616 eum
866 4565 1090 4633 Didymo
1124 4566 1475 4619 recentiorem
1515 4579 1637 4618 esse

89 4639 213 4687 uide
251 4634 536 4704 probabile
590 4635 854 4694 videatur,
900 4635 1130 4701 ideoque
1177 4634 1333 4702 hujus
1385 4635 1635 4704 vocabuli

94 4702 326 4768 vetustas,
351 4719 519 4771 quam
548 4718 754 4770 quaero,
791 4705 923 4757 satis
955 4718 1018 4756 ex
1049 4718 1115 4757 eo
1149 4719 1252 4756 non
1284 4702 1562 4772 probetur.

145 4775 240 4844 (82)
298 4774 687 4829 lnerrantium.
764 4773 1087 4843 Allegoriam
1154 4789 1184 4826 a
1248 4775 1360 4844 sole
1421 4777 1635 4829 ductam

89 4843 426 4914 persequitur,
492 4853 687 4914 atque,
725 4844 792 4896 ab
856 4846 1022 4898 astris
1086 4843 1471 4908 inerrantibus,
1539 4859 1635 4897 seu

93 4917 203 4968 lixis.
241 4913 488 4969 Animas
516 4926 648 4982 ergo
676 4913 1005 4982 interpretor
1047 4923 1269 4983 peccato
1311 4929 1420 4968 non
1458 4915 1636 4985 inqui-

92 4996 231 5038 BIUEL

147 5056 243 5124 (83)
290 5052 599 5124 lavantem.
653 5051 881 5124 Olympii
928 5051 1081 5108 Jovis
1129 5053 1318 5123 digito.
1366 5053 1640 5110 Clemente

95 5135 202 5196 teste
227 5122 664 5196 iniProtreptico,
708 5122 928 5178 Phidias
960 5122 1261 5192 insculpsit,
1314 5124 1641 5196 Πανταρκὴς

94 5194 242 5257 καλός.
271 5195 370 5249 Est
397 5204 577 5266 autem
612 5197 930 5266 mynpxij;
974 5196 1065 5264 qui
1105 5196 1356 5250 omnibus
1398 5194 1637 5266 prodest,

96 5278 166 5315 aut
186 5266 270 5330 qui
300 5265 558 5318 omnibus
583 5262 801 5318 sulIicit.

148 5335 245 5399 (id)
277 5334 516 5389 On'etur.
549 5332 777 5389 Malach.
815 5349 885 5396 tv,
918 5332 972 5389 2.

147 5405 244 5474 (83)
272 5406 467 5459 Donec.
493 5403 536 5456 ll
563 5403 710 5458 Petr.
741 5421 779 5470 l,
814 5403 902 5458 19.

148 5473 246 5538 (86}
269 5475 484 5530 Omnia.
518 5475 914 5545 Origenismum
945 5474 1032 5529 hic
1052 5473 1286 5532 fortasse
1311 5475 1474 5545 aliqui
1511 5477 1642 5532 sub-

93 5543 334 5600 c‘lacient.
378 5548 446 5599 At
473 5562 596 5617 cum
622 5543 1261 5617 'Didyniusisempiternos
1292 5543 1641 5617 reproborum

97 5618 321 5668 cruciatus
351 5627 405 5669 et
454 5617 506 5668 in
537 5616 678 5670 libro
711 5619 786 5668 De
821 5615 1025 5680 Spiritu
1075 5629 1261 5672 sancto
1298 5615 1447 5671 num.
1475 5616 1542 5670 47
1579 5635 1644 5672 ac

99 5683 152 5735 ΞΒ
173 5688 289 5739 etin
317 5687 413 5739 hoc
437 5701 607 5754 opere
629 5701 804 5753 segni.
827 5684 926 5738 221
964 5704 1017 5748 a,
1060 5696 1222 5756 atque
1259 5688 1383 5742 alibi
1409 5702 1642 5757 agnove-

102 5764 153 5805 nt
174 5772 188 5818 ;
210 5767 477 5825 propterea
511 5759 807 5826 dzetnouas,
843 5757 1265 5826 reproborumve
1321 5759 1528 5813 animas
1558 5759 1643 5814 ni-

1571 4426 1638 4548 )siii
1673 4459 1716 4514 ι)

1757 1875 1952 1930 Patris.
1982 1875 2105 1929 llaec
2146 1876 2255 1945 87
2302 1875 2445 1929 enim
2495 1875 2808 1944 przedicant.
2859 1872 3149 1926 Malachias
3205 1872 3329 1940 qui-

1757 1967 1919 2021 dem:
1954 1965 2300 2035 0rietur(84)
2325 1965 2487 2029 vobis,
2525 1967 2613 2034 qui
2662 1965 2852 2018 timetis
2903 1980 3086 2018 nomen
3131 1979 3326 2031 meum,

1755 2059 1833 2112 sol
1851 2058 2112 2127 justitiw;
2152 2067 2198 2110 et
2243 2058 2438 2112 sanitas
2486 2058 2542 2110 in
2591 2057 2690 2111 alis
2731 2056 2865 2122 ejus.
2916 2055 3108 2109 Petrus
3148 2064 3324 2108 autem

1757 2153 1810 2206 in
1863 2153 2096 2208 secunda
2132 2151 2408 2219 Epistola:
2458 2149 2633 2202 Donec
2685 2149 2793 2220 (85)
2843 2149 2954 2202 dies
2996 2149 3242 2213 cinxerit,
3279 2155 3327 2200 et

1757 2245 1968 2314 Lucifer
1993 2254 2138 2316 oqtus
2165 2244 2230 2297 sit
2254 2243 2306 2296 in
2329 2243 2568 2296 cordibus
2618 2242 2818 2296 vestris.
2872 2240 3322 2293 llluminationem

1756 2347 1956 2400 autem,
1994 2344 2052 2389 ut
2081 2345 2230 2403 puto,
2269 2334 2516 2404 intelligit
2543 2348 2607 2386 ex
2643 2332 2880 2387 secundo
2934 2331 3051 2399 ejus
3095 2332 3326 2384 adventtt

1757 2429 1810 2482 in
1843 2429 2124 2481 animabus
2154 2428 2436 2491 oriturum,
2467 2442 2531 2479 ac
2559 2427 2740 2478 omnia
2771 2423 2904 2493 (86),
2937 2438 3056 2491 qua:
3109 2439 3135 2475 a
3172 2433 3324 2475 tene-

1757 2521 1870 2574 bris
1899 2531 2166 2583 tenentur,
2195 2518 2637 2587 exsplendescere
2678 2516 2984 2570 facientem.
3033 2515 3098 2568 Et
3151 2514 3276 2568 alibi
3307 2532 3323 2570 :

1759 2611 1824 2664 Et
1848 2612 2016 2681 gloria
2045 2610 2153 2682 (87)
2182 2611 2392 2663 Domini
2417 2625 2573 2676 super
2616 2619 2664 2660 te
2713 2617 2828 2660 orta
2888 2616 2984 2661 est.
3035 2606 3328 2660 Zacharias

1757 2717 1937 2762 autem
1971 2706 2050 2760 sic
2081 2705 2453 2774 prophetavit:
2483 2701 2539 2756 Si
2566 2703 2688 2771 quid
2720 2702 2828 2771 (88)
2857 2700 3068 2764 bonum,
3087 2702 3150 2753 ab
3189 2701 3326 2769 ipso,

1755 2807 1826 2859 et,
1859 2799 1906 2851 si
1933 2798 2057 2867 quid
2092 2799 2389 2865 pulchrum,
2413 2795 2476 2848 ab
2515 2797 2626 2862 ipso
2675 2795 2772 2846 erit
2786 2810 2805 2856 ;
2855 2801 2910 2846 et
2962 2793 3210 2846 scribens
3257 2791 3327 2846 ad

1756 2889 2104 2944 Colossenses
2136 2885 2348 2950 Paulus,
2385 2887 2450 2939 de
2478 2885 2569 2938 illo
2609 2885 2744 2937 dixit
2771 2901 2783 2936 :
2831 2882 2898 2936 In
2923 2899 3023 2952 quo
3065 2881 3176 2953 (89)
3203 2889 3326 2936 sunt

1757 2998 1933 3035 omnes
1956 2980 2187 3034 thesauri
2213 2978 2484 3044 sapientia:
2527 2987 2572 3030 et
2609 2978 2838 3030 scientiae
2883 2975 3214 3040 absconditi;
3264 2977 3320 3030 in

1757 3072 1991 3142 Epistola
2015 3086 2144 3125 vero
2175 3072 2240 3123 ad
2269 3070 2541 3124 Romanos
2571 3071 2678 3123 ait:
2717 3068 2852 3122 Dicit
2878 3069 3016 3122 enim
3042 3067 3153 3139 (90)
3180 3067 3327 3122 Scri-

1753 3175 1906 3231 ptura
1933 3182 1952 3214 :
1977 3160 2178 3226 Omnis,
2222 3163 2308 3230 qui
2332 3162 2495 3214 credit
2525 3162 2578 3213 in
2610 3159 2783 3224 illum,
2811 3176 2916 3213 non
2951 3160 3322 3224 confundetur.

1757 3255 1881 3308 Non
1912 3254 2049 3306 enim
2074 3263 2147 3306 est
2182 3253 2449 3305 distinctio
2469 3250 2669 3314 Judwi,
2705 3261 2751 3303 et
2788 3248 2994 3313 Grtcci;
3031 3265 3151 3302 nam
3186 3251 3323 3304 idem

1762 3346 2013 3399 Dominus
2035 3344 2291 3406 omnium,
2315 3345 2458 3397 dives
2493 3346 2546 3396 in
2586 3359 2784 3406 omnes,
2838 3344 2926 3412 qui
2973 3344 3212 3396 invocant
3254 3343 3325 3396 ιι-

1755 3436 1898 3489 tum:
1926 3436 2096 3490 omnis
2129 3437 2265 3490 enim
2315 3436 2608 3506 quicunque
2651 3435 2961 3488 invocaverit
2998 3451 3185 3488 nomen
3216 3426 3350 3487 Do?

1755 3529 1902 3594 mini,
1931 3527 2108 3581 salvus
2135 3526 2252 3580 erit.
2281 3526 2448 3593 Quale
2475 3536 2654 3580 autem
2684 3524 2804 3578 Filii
2831 3531 3024 3578 nomen
3071 3526 3324 3578 invocant

1757 3621 1849 3688 qui
1881 3620 2055 3689 ipsum
2087 3618 2232 3685 ctnli,
2262 3627 2317 3673 et
2346 3626 2525 3684 terrae,
2559 3624 2614 3672 ct
2638 3616 2803 3671 maris
2824 3614 2934 3686 (91)
2973 3617 3325 3671 victoriosum

1756 3795 1832 3849 hil
1861 3796 1964 3850 huc
1997 3795 2270 3865 pertinere
2300 3795 2642 3860 crediderim,
2675 3797 2768 3852 sed
2804 3797 2992 3852 eodem
3020 3797 3132 3850 fere
3161 3811 3323 3851 sensu

1753 3866 1868 3919 haec
1891 3881 1921 3918 a
1956 3865 2179 3936 Didymo
2212 3867 2336 3930 dici,
2363 3883 2470 3936 quo
2502 3868 2551 3919 in
2582 3867 2750 3933 prima
2781 3869 2846 3921 ad
2873 3865 2996 3921 Cor.
3018 3881 3088 3929 IV,
3110 3867 3162 3931 5,
3188 3867 3325 3936 scri-

1749 3945 1899 4006 ptum
1931 3951 1960 3989 a
1980 3934 2157 4006 Paulo
2185 3936 2286 3988 fuit
2319 3954 2331 3989 :
2363 3935 2535 3990 Donec
2565 3941 2728 3990 veniat
2752 3937 3028 4001 Dominus,
3054 3937 3146 4006 qui
3171 3944 3222 3990 et
3249 3935 3322 3989 il-

1747 4001 2020 4058 luminabit
2047 4006 2349 4058 abscondita
2378 4009 2725 4061 tenebrarum.

1819 4073 1932 4142 (87)
1964 4075 2031 4127 Et
2065 4073 2254 4141 gloria.
2290 4075 2392 4129 lsa.
2421 4091 2506 4140 ωε,
2549 4078 2598 4130 1.

1820 4143 1933 4216 (88)
1957 4145 2194 4216 Siquid.
2235 4144 2562 4216 Zachaprs,
2596 4147 2685 4209 17,
2717 4145 2912 4214 legitur
2949 4164 2962 4200 :
2995 4147 3066 4201 Εἴ
3091 4163 3144 4198 τι
3179 4146 3323 4216 ἀγα-

1749 4213 1840 4267 θὸν
1872 4213 2065 4277 αὐτοῦ,
2094 4215 2189 4268 καὶ
2211 4215 2335 4267 εἴτι
2359 4215 2521 4286 καλὸν
2552 4216 2680 4285 παρ’
2707 4213 2894 4272 αὑτοῦ.
2927 4216 3196 4286 Complut.
3228 4213 3320 4271 la-

1748 4300 1868 4356 men
1901 4286 2066 4356 editio
2111 4301 2296 4338 vocem
2327 4285 2477 4356 παρὰ
2507 4287 2727 4350 omittit,
2763 4302 2922 4354 quam
2965 4287 3123 4340 habet
3145 4287 3318 4341 lt‘ran-

1750 4355 2076 4425 colurtensis
2110 4373 2123 4409 :
2156 4369 2257 4425 vox
2284 4355 2415 4409 vero
2439 4355 2593 4408 ἐσται
2639 4357 2921 4425 utrobique
2959 4359 3316 4411 desideratur.

1747 4422 1934 4493 itaque
1958 4425 2044 4479 hic
2078 4440 2174 4492 pro
2212 4424 2291 4478 ἔτι
2319 4429 2433 4493 lego
2467 4425 2522 4478 εί
2551 4443 2624 4488 τι,
2654 4422 2954 4493 praesertim
2994 4444 3114 4480 cum
3151 4428 3318 4482 libra-

1747 4497 1859 4574 rius
1889 4505 2019 4550 ante
2046 4495 2174 4550 illud
2219 4495 2301 4548 ἔτι
2344 4495 2788 4564 interpunctionis
2833 4505 3013 4550 notam
3051 4511 3318 4566 apposue-

1743 4576 1832 4619 ΓΙΙ.

1815 4633 1928 4703 (89)
1955 4635 2020 4688 In
2047 4651 2170 4700 qua.
2204 4634 2410 4690 Coloss.
2448 4651 2508 4699 tt,
2539 4637 2592 4691 5.

1816 4705 1925 4775 (90)
1949 4704 2084 4759 Dicit
2108 4706 2268 4762 enim.
2302 4706 2455 4761 liom.
2481 4722 2535 4769 χ,
2563 4705 2954 4761 M-l5.Grteca
2987 4705 3142 4770 edit.,
3183 4703 3318 4756 Ἰου-

1743 4774 1892 4847 δαίου
1910 4774 2007 4847 τε,
2041 4785 2096 4829 et
2122 4776 2278 4847 paulo
2302 4787 2450 4847 post,
2487 4775 2544 4840 ὃς
2569 4777 2634 4830 ἂν
2658 4775 3066 4845 ἐπικαλέσηται.

1815 4845 1926 4916 (91)
1957 4843 2026 4898 Et
2053 4846 2236 4898 maris.
2289 4845 2680 4916 Origcnismutn
2731 4847 2820 4900 hic
2876 4842 3090 4916 quoque
3133 4842 3312 4911 suspi-

1745 4913 1855 4969 cari
1885 4917 2120 4984 proclive
2151 4924 2252 4976 est.
2279 4913 2408 4968 iteni
2440 4926 2496 4969 ut
2518 4932 2687 4984 segni.
2720 4916 2788 4970 67
2807 4933 2860 4968 a.
2883 4913 3143 4982 Origenes
3171 4916 3313 4967 enim

1747 4987 1819 5039 lib
1871 5003 1885 5039 ι
1919 4986 1992 5040 De
2009 4985 2280 5056 principiis
2305 4986 2476 5056 (num.
2519 4987 2552 5038 4
2584 4995 2637 5039 et
2665 4987 2719 5050 5,
2761 5001 2880 5054 pag.
2911 4984 3000 5052 73)
3033 4985 3163 5056 solis
3196 4984 3317 5036 ani-

1749 5073 1889 5109 mam
1933 5055 2278 5125 antiquiorem
2317 5055 2459 5108 dixit
2516 5056 2818 5125 alligatioue
2867 5056 2978 5122 ejus
3018 5055 3086 5106 ad
3103 5069 3313 5125 corpus.

1744 5128 1821 5179 Ac
1851 5136 2033 5180 sextus
2057 5122 2123 5178 ex
2148 5122 2627 5180 anathematisinis
2657 5125 2708 5178 in
2753 5122 3034 5193 Origenem
3093 5124 3216 5178 latis
3239 5125 3348 5182 sic.

1746 5211 1806 5249 se
1835 5198 1993 5250 habet
2032 5212 2047 5254 ;
2073 5193 2132 5248 Si
2157 5195 2276 5262 quis
2300 5195 2424 5246 dicit
2448 5196 2652 5256 caelum,
2677 5205 2723 5246 et
2748 5194 2928 5257 solem,
2952 5204 2998 5247 et
3029 5194 3231 5256 lunam,
3265 5203 3316 5246 et

1747 5267 1946 5327 stellas,
1977 5275 2024 5319 et
2069 5280 2254 5326 aquas,
2299 5280 2415 5332 qua:
2462 5281 2615 5332 super
2654 5266 2806 5318 ctzlos
2837 5276 2984 5328 sunt,
3031 5267 3320 5327 animatas,

1747 5346 1799 5388 et
1825 5336 2117 5389 materiales
2159 5350 2267 5387 esse
2303 5337 2556 5400 quasdam
2614 5336 2846 5394 virtutes,
2911 5337 3189 5387 anathema
3227 5334 3319 5388 sit.

1751 5405 1826 5459 De
1849 5406 2002 5474 aquis
2036 5420 2182 5468 vero,
2223 5420 2341 5474 qute
2362 5421 2516 5473 super
2539 5414 2734 5459 terram
2763 5414 2904 5468 sunt,
2928 5405 2979 5457 id
3004 5404 3175 5474 ipsum
3201 5418 3325 5474 scn-

1750 5473 2213 5544 sisse’Origenem
2252 5473 2478 5527 allirmat
2522 5475 2579 5528 S.
2638 5475 2967 5544 Epiphanius
3034 5473 3321 5544 inlitteris

1752 5547 1821 5598 ad
1854 5544 2107 5597 Joannem
2144 5543 2690 5614 Jerosolymitanum.
2723 5549 2791 5598 At
2817 5546 3063 5612 equidem
3094 5543 3144 5594 in
3178 5556 3319 5608 pra:-

1751 5631 1879 5672 sens
1915 5617 2025 5669 haec
2080 5614 2344 5669 duntaxat
2406 5616 2590 5668 lectori
2623 5614 3096 5668 animadvertenda
3125 5626 3321 5678 propo-

1752 5704 1894 5741 nam.
1954 5683 1993 5739 l.
2030 5683 2316 5756 Didymtttn
2376 5684 2836 5756 nihil_aliudihis
2881 5680 3320 5756 fortasseAverbis

1756 5758 1906 5825 velle,
1933 5771 2089 5827 quam
2127 5751 2269 5826 quod
2301 5754 2356 5811 in
2385 5755 2474 5811 lib.
2518 5754 2594 5808 De
2635 5755 2780 5822 Spir.
2813 5763 2994 5807 sancto
3024 5751 3322 5820 scripserat
