3766 6308
123 298 214 349 ΗΞ

1216 294 1303 350 DE
1343 295 1717 351 TRINITATE
1757 295 1955 350 LIBER
1997 294 2274 351 PRIMUS.

3258 289 3365 345 ιιι.

119 407 608 481 μοιςὼτιστήτω
631 425 769 478 μοι·
827 407 924 462 καὶ
957 409 1049 475 τίς
1093 411 1126 462 ὀ
1171 412 1522 478 κρινόμενός
1561 428 1662 479 μοι

1826 410 1945 464 nodi
1978 408 2045 462 ab
2093 408 2280 462 eodem
2323 407 2581 476 pronheta
2625 419 2693 460 ex
2741 419 2972 475 persona
3026 403 3232 458 Domini
3283 405 3368 457 ui-

118 500 392 570 ἐῃεισάτω
445 518 556 568 μοι
577 517 592 530 ⁶
631 501 748 554 ἀντὶ
777 500 892 563 τοῦ,
928 499 995 552 Εἴ
1037 518 1120 563 τις
1150 500 1263 570 ἔχει
1288 502 1471 554 δίκαια
1493 502 1690 569 λέγειν,

118 593 182 654 si»;
209 591 384 661 ἔργοις
415 591 812 662 ὠχυρωμένος,
844 593 1215 662 ἀντενεχθήτω
1241 611 1328 662 μοι
1353 592 1558 645 Θέλοντι
1581 592 1696 645 τοῦ-

121 701 188 741 το,
220 683 308 733 καὶ
341 682 711 752 πλησιασάτω
749 685 861 744 τοῖς
895 683 1094 750 λόγοις.
1131 683 1301 736 Ἔνιοι
1339 683 1396 736 δὲ
1426 683 1696 753 ἀναγινώ-

122 788 286 823 σκουσι
316 773 551 824 τοιὼσδε
581 789 595 802 ⁸
637 773 730 838 Τίς
761 775 794 825 ὀ
815 771 1166 842 κρινόμενός
1196 790 1334 841 μοι;
1360 773 1522 826 ἀντί·
1553 772 1697 825 τοῦτ’

123 864 237 923 ἔπι,
271 864 388 914 κατ’
418 863 661 934 ἀντικρὺ
689 863 782 915 καὶ
815 864 1003 934 πόρρω
1027 881 1128 915 που
1157 865 1336 934 στήτω
1367 881 1488 933 μου,
1520 864 1595 926 ὡς
1623 862 1698 933 μὴ

121 953 239 1020 ἔχων
280 953 468 1019 ἐφόδια
501 954 672 1018 καλὰ,
705 954 798 1006 καὶ
854 955 942 1008 διὰ
973 955 1131 1007 τοῦτο
1180 955 1535 1026 συγκριθῆναι
1584 972 1696 1024 μοι,

122 1045 200 1096 καὶ
248 1045 554 1113 ἐπιψαῦσαι
620 1045 713 1098 τοῦ
755 1045 1126 1116 καθαροτάτου
1170 1045 1410 1116 βήματος
1460 1046 1695 1111 ἀνάξιος.

123 1132 226 1194 Τοῖς
263 1133 368 1200 γὰρ
401 1133 616 1198 ἀξίοις,
657 1136 706 1186 ει
759 1134 1078 1204 τυγχάνοιεν
1126 1134 1234 1188 τῶν
1269 1135 1470 1203 καλῶν,
1524 1135 1697 1200 οὐδεὶς

123 1222 286 1287 φθόνος
308 1238 325 1255 ο
355 1225 548 1287 αὐτοῖς
576 1224 687 1295 γὰρ
716 1225 1058 1294 ἡτοίμασται.

1798 514 1942 556 ctum
1971 511 2053 556 est
2081 520 2094 556 :
2123 501 2253 564 Quis
2275 509 2348 552 est
2374 500 2482 567 (99)
2509 499 2598 567 qui
2621 499 2782 566 litiget
2805 514 3001 550 mecum
3023 496 3364 566 2&~mo~rﬂ‘rm

1804 593 1927 663 (hoc
1951 600 2051 652 est,
2085 590 2322 657 obsistat)
2353 590 2502 642 mihi.
2533 587 2596 640 Et
2627 589 2743 656 quis
2766 599 2861 652 est,
2915 587 3006 655 qui
3041 585 3202 653 litiget
3247 599 3363 636 me-

1805 698 1924 734 cum
1949 682 2199 735 ?accedat
2225 681 2293 732 ad
2313 695 2412 732 me.
2437 681 2590 744 Quod
2620 679 2840 745 perinde
2862 685 2946 731 est
2973 689 3038 729 ac
3065 677 3110 728 si
3130 675 3367 729 diceret:

1805 774 1860 828 Si
1891 774 2010 842 quis
2045 773 2282 828 rationes
2312 773 2494 836 habet,
2531 785 2668 838 quas
2697 785 2794 839 pro
2829 785 2889 824 se
2926 768 3138 832 afferat,
3184 777 3369 836 utpote

1801 864 2056 931 operibus
2105 861 2367 925 munitus,
2425 859 2470 913 is
2507 872 2693 913 contra
2745 873 2830 912 me
2875 859 3075 922 veniat,
3122 856 3211 925 qui
3268 857 3370 910 hoc

1799 955 1938 1018 volo,
1971 964 2027 1006 et
2059 968 2152 1020 per
2183 967 2459 1007 sermones
2498 966 2708 1004 mecum
2755 951 3156 1017 congredimur.
3188 947 3368 1014 Aliqui

1797 1044 1910 1114 89
1938 1052 2116 1097 autem
2155 1043 2336 1112 legunt
2365 1043 2478 1097 sic:
2507 1042 2636 1106 Quis
2682 1052 2756 1094 est
2801 1043 2889 1110 qui
2932 1040 3094 1108 litiget
3128 1040 3372 1091 mecum?

1797 1135 1916 1188 ἀντί
1943 1134 2016 1205 (l)
2045 1175 2060 1200 ,
2097 1135 2148 1188 id
2180 1143 2282 1199 est,
2314 1149 2378 1186 ea:
2417 1135 2650 1196 adverso,
2676 1141 2727 1185 et
2774 1131 2967 1185 alicubi
3011 1131 3166 1198 longe
3211 1144 3240 1182 a
3284 1143 3372 1181 me

1798 1225 1998 1294 στήτω,
2026 1226 2076 1278 id
2123 1235 2225 1290 est,
2280 1234 2398 1288 stet,
2443 1233 2626 1291 utpote
2679 1224 2769 1292 qui
2815 1224 2949 1276 bona
3000 1222 3198 1274 viatica
3259 1218 3358 1288 (2),

127 1328 294 1383 nempe
324 1316 463 1367 bona
499 1330 697 1382 Opera,
729 1331 835 1370 non
897 1313 1084 1378 habet,
1145 1324 1307 1383 atque
1347 1317 1416 1370 ob
1460 1317 1601 1369 hanc
1662 1329 1881 1370 causam
1946 1333 2154 1371 mectnn
2220 1316 2565 1381 contendere,
2599 1323 2653 1368 et
2682 1315 3090 1367 mundissinnnn
3123 1310 3355 1367 tribunal

123 1421 274 1458 meum
300 1405 580 1474 attingere
623 1407 872 1477 indignus
901 1407 979 1478 (5)
1006 1416 1122 1462 est:
1158 1423 1280 1460 nam
1326 1408 1392 1463 iis
1431 1406 1670 1478 quidem,
1709 1409 1799 1476 qui
1830 1410 1972 1476 digni
2036 1417 2181 1473 sunt,
2247 1409 2292 1464 si
2332 1408 2586 1479 praeclara
2651 1419 3074 1478 consequantur,
3111 1409 3251 1462 nulla
3281 1409 3369 1462 in-

122 1500 242 1552 vidia
269 1497 345 1568 (ι)
372 1515 386 1551 :
424 1498 567 1566 ipsis
603 1499 750 1554 enim
778 1509 1076 1570 praeparata
1105 1510 1252 1558 sunt.

749 1594 906 1646 ΚΕΦ.
939 1594 1068 1648 ΚΘ¹.

121 1679 251 1757 Περὶ·
279 1680 382 1734 τοῦ
419 1681 537 1757 {or
569 1682 729 1757 _Yldr
758 1683 865 1757 τοῦ
892 1685 1040 1757 Θεοῦ
1071 1685 1444 1757 εἷναι-κριτὴν
1475 1686 1693 1750 ζώντων

179 1749 260 1827 ιιι).
286 1751 759 1827 νξκρῶν,-ἇφίεσιν
791 1755 1088 1827 ἁμαρτιῶν
1108 1749 1417 1827 παρέχοντοὶ
1437 1773 1450 1786 °
1481 1749 1581 1811 real
1608 1760 1692 1812 ὅτι

180 1819 230 1871 ὲν
252 1819 422 1873 οὐδενὶ
457 1820 620 1892 ἄλλῳ
639 1823 788 1875 ἐστὶν
884 1819 1146 1896 σωτηρία.

182 1977 333 2040 Αὐτὸς
379 1977 495 2047 γάρ
540 1977 703 2030 ἐστιν
753 1979 783 2030 ὁ
830 1980 1024 2050 κριτὴς
1070 1981 1288 2044 ζώντων
1336 1983 1428 2036 καὶ
1460 1983 1689 2055 νεκρῶν,

125 2068 243 2119 τοῦτ’
290 2069 438 2120 ἐστιν
488 2066 727 2122 δικαίων
773 2067 870 2122 ita!
925 2072 1291 2142 ἁμαρτωλῶν,
1349 2075 1378 2126 ὁ
1435 2075 1692 2145 παρέχων
1745 2117 1749 2145 ε

1044 2089 1291 2142 ρτωλων,
1349 2089 1378 2126 ο
1435 2089 1692 2146 παρέχων
1745 2117 1749 2126 .
1793 2089 1896 2140 εει,
1920 2089 2211 2144 juswrum,
2247 2089 2301 2122 et
2328 2089 2707 2135 peccatorum;
2741 2089 2851 2135 Ipse
2878 2089 2982 2128 εει,
3028 2089 3118 2134 qm
3173 2089 3364 2122 renus—

1044 2179 1122 2215 σιν
1147 2163 1225 2233 τῷ
1251 2165 1473 2234 ὀνόματι
1501 2165 1688 2229 αὐτοῦ,
1793 2168 2000 2222 sionem
2063 2163 2380 2218 delictorum
2417 2161 2484 2214 iis
2510 2159 2754 2227 largitur,
2784 2158 2876 2226 qui
2910 2161 3135 2214 credunt
3165 2163 3364 2214 nomini

1756 2243 1764 2300 ⁵.
1793 2256 1942 2322 ejus;
1977 2257 2112 2322 ipse,
2150 2252 2239 2319 qui
2275 2250 2491 2319 propria
2528 2251 2718 2316 gloria,
2749 2259 2801 2303 et
2836 2249 3006 2319 gratia
3053 2264 3149 2303 nos
3182 2250 3360 2304 salvos

126 2158 288 2226 beauty
313 2159 612 2230 ἁμαρτιῶν
634 2162 747 2222 τοῖς
779 2162 1122 2215 πιστεύουσιν
1147 2163 1225 2233 τῷ
1251 2165 1473 2234 ὀνόματι
1501 2165 1688 2229 αὐτοῦ,

126 2251 203 2301 καὶ
228 2249 404 2314 σώζων
429 2252 593 2320 ἡμᾶς
629 2250 738 2321 ἰδίᾳ
772 2251 896 2322 δόξῃ
941 2253 1033 2305 καὶ
1057 2253 1232 2323 δωρεᾷ
1254 2271 1268 2285 ο
1305 2255 1399 2306 καὶ
1433 2256 1487 2307 ὲν
1517 2255 1692 2308 οὐδενὶ

129 2340 244 2408 ἄλλῳ
282 2343 428 2394 ἐστὶν
465 2342 750 2412 σωτηρίαο
783 2343 1012 2414 ἐπείπερ
1037 2345 1136 2416 τὴν
1169 2345 1330 2414 φύσιν
1359 2346 1505 2399 ἐστὶν
1534 2347 1692 2410 ἵλεως

131 2433 206 2480 καὶ
225 2431 425 2502 Σωτὴρ,
452 2433 538 2494 εἰς
560 2432 720 2484 οὐδὲν
751 2434 1172 2505 καταδεέστερος
1199 2434 1291 2486 τοῦ
1315 2435 1441 2488 ἵλεω
1463 2436 1557 2488 καὶ
1589 2435 1690 2488 σώο

129 2518 283 2582 {av-:0;
313 2520 446 2572 Θεοῦ
475 2523 576 2574 καὶ
604 2523 840 2592 Πατρὸς,
865 2523 940 2586 ὡς
971 2523 1384 2594 χρησμῳδοῦσιν
1435 2527 1496 2578 αῖ
1519 2543 1578 2578 τε
1601 2528 1690 2580 ἆλ-

131 2607 203 2660 λαι
231 2608 454 2679 Γραφαὶ,
502 2614 603 2666 καὶ
635 2613 820 2682 μέντοι
850 2616 1108 2685 Μιχαίας,
1139 2616 1311 2683 λέγων
1332 2635 1346 2650 ο
1394 2619 1488 2684 Τίς
1525 2619 1687 2684 Θεὸς,

130 2699 301 2768 ὥσπερ
328 2703 428 2766 σὺ,
461 2705 731 2772 ἐξαίρων
750 2706 999 2773 ἀνομίας
1031 2707 1126 2760 καὶ
1172 2709 1541 2775 ὑπερϐαίνων
1561 2710 1689 2763 ἀδι-

134 2793 277 2858 κίας-ς
317 2796 424 2848 Καὶ
474 2797 694 2867 Πέτρος
737 2798 796 2848 ὲν
824 2800 944 2860 ταῖς
979 2799 1247 2870 Πράξεσιν
1302 2801 1533 2853 οὑτωσι’
1581 2802 1690 2855 Καὶ

134 2882 498 2953 παρήγγειλεν
517 2887 670 2955 ἡμῖν
699 2887 947 2955 κηρύξαι
975 2888 1053 2953 τῷ
1082 2889 1210 2954 λαῷ
1246 2891 1344 2943 καὶ
1370 2891 1680 2961 διαμαρτύ-

129 2980 334 3040 [ιισθαι,
387 2978 476 3032 ὅτι
532 2981 724 3045 αὑτός
772 2980 943 3033 ἐστιν
982 2983 1015 3034 ὁ
1056 2981 1384 3052 ὡρισμένος
1431 2984 1550 3038 ὑπὸ
1585 2985 1690 3038 τοῦ

135 3067 258 3119 Θεοῦ
291 3069 493 3136 κριτὴς
533 3069 772 3130 ζώντων
801 3070 898 3123 καὶ
935 3071 1182 3139 νεκρῶν.
1231 3075 1422 3141 Τούτῳ
1468 3075 1690 3142 πάντες

135 3160 176 3207 oi
199 3159 473 3227 προφῆται
502 3161 936 3229 μαρτυροῦσιν,
985 3164 1205 3231 ἄφεσιν
1253 3165 1549 3234 ἁμαρτιῶν
1582 3171 1688 3220 λιι-

135 3248 238 3299 εεῖν
252 3248 338 3301 διὰ
366 3252 470 3304 τοῦ
494 3254 794 3320 ὀνόματος
819 3252 1003 3306 αὐτοῦ
1019 3253 1212 3307 πάντα
1235 3254 1338 3309 τὸν
1366 3257 1686 3309 πιστεύον-

133 3352 191 3389 tu
215 3335 294 3408 [39
321 3339 375 3409 ιι]
403 3343 492 3406 εὶς
515 3342 729 3395 αὐτόν.
767 3341 1000 3412 Ἐχομεν
1035 3343 1195 3397 αὑτὸν
1225 3345 1402 3398 τοίνυν
1433 3346 1680 3418 εὐφημη-

137 3425 289 3489 Θέντα,
313 3429 620 3500 ὡρισμένον
659 3432 764 3484 ὑπὸ
783 3433 938 3497 Θεοῦ,
975 3433 1060 3487 διὰ
1093 3434 1190 3504 τὴν
1224 3438 1486 3508 σωτήριον
1530 3440 1681 3490 ὲνανο

135 3513 378 3586 Θρὼπησιν
416 3521 611 3582 αὐτοῦ,
654 3522 711 3574 ὲν
810 3519 972 3594 ἦλθεν
1010 3524 1240 3594 ζητῆσαι
1276 3525 1369 3578 καὶ
1413 3525 1583 3580 σῶσαι
1621 3529 1682 3582 τὸ

138 3607 402 3673 ἀπολωλός·
442 3613 511 3665 δι’
545 3614 616 3684 ἥν
640 3613 736 3666 καὶ
761 3615 842 3678 τὸ,
880 3615 1032 3668 Οὐδὲ
1060 3615 1170 3685 γὰρ
1201 3619 1234 3670 ὀ
1271 3617 1472 3685 Πατὴρ
1497 3622 1682 3686 κρίνει

136 3698 322 3753 oti-dera
338 3720 350 3732 ·
381 3705 544 3760 ἀλλὰ
571 3704 784 3760 πᾶσαν
810 3706 924 3775 τὴν
947 3709 1148 3775 κρίσιν
1170 3708 1430 3763 δέδωκεν
1448 3709 1528 3776 τῷ
1552 3711 1682 3776 Υἱῷ,

139 3789 425 3859 γέγραπται,
457 3797 675 3868 Κριτὴν
703 3797 780 3858 δὲ,
812 3797 886 3860 ὡς
919 3798 1254 3870 ἐξῃρημένον
1288 3800 1400 3854 τῶν
1450 3803 1684 3873 κτισμά-

138 3895 244 3933 των.
279 3885 346 3936 Τὸ
374 3887 481 3959 γὰρ
510 3890 722 3958 κτίσμα
761 3891 821 3942 οὐ
868 3890 1066 3962 κρίνει,
1095 3891 1231 3945 ἀλλὰ
1264 3892 1413 3963 νόμῳ
1445 3893 1539 3945 καὶ
1567 3894 1686 3965 κρί-

143 3985 209 4024 σει
237 3973 523 4032 ὑπόκειται.
579 3981 692 4034 Καὶ
739 3981 899 4034 πάλιν
918 3998 934 4013 ·
969 3978 1159 4048 Οὗτός
1188 3984 1359 4037 ἐστιν
1388 3987 1422 4038 ὁ
1458 3986 1629 4053 λίθος
1653 3989 1686 4041 ό

2379 1587 2534 1642 CAP.
2575 1584 2767 1641 XXIX.

1795 1683 1872 1738 De
1907 1685 1973 1738 iis
2005 1683 2154 1746 locis,
2187 1679 2240 1732 in
2267 1679 2452 1747 quibus
2484 1678 2736 1741 scriptum
2759 1687 2856 1740 est,
2896 1675 3101 1730 Filium
3132 1677 3222 1730 Dei
3248 1695 3358 1732 esse

1860 1755 2092 1821 indicem
2165 1751 2451 1811 vivorum,
2499 1759 2551 1801 et
2603 1756 2969 1821 mortuorum;
3007 1749 3365 1821 Διιιιηιηιειηζίιί

1866 1817 2238 1878 remissionem
2297 1829 2680 1888 peccatorum;
2733 1826 2782 1869 et
2831 1818 2883 1870 in
2931 1817 3074 1871 nullo
3113 1817 3218 1871 alio
3249 1832 3370 1872 esse

1863 1896 2111 1946 salutem.

1867 1984 1988 2052 Ipse
2018 1982 2161 2034 enim
2204 1987 2285 2033 est
2326 1977 2596 2039 vivorum,
2631 1983 2684 2028 et
2712 1985 3044 2048 mortuorum
3081 1975 3263 2044 judex,
3313 1976 3365 2030 id

1793 2085 1896 2140 est,
1920 2074 2211 2144 jnstorum,
2247 2078 2301 2122 et
2328 2076 2707 2135 peccatorum;
2740 2065 2851 2135 ipse
2878 2074 2982 2128 est,
3028 2067 3118 2134 qui
3173 2068 3365 2122 remis—

1793 2347 1958 2400 facit:
1992 2359 2169 2413 neque
2203 2352 2288 2396 est
2323 2345 2375 2394 in
2415 2341 2523 2394 ullo
2558 2342 2664 2394 alio
2712 2341 2898 2394 salus:
2955 2344 3210 2408 quoniam
3271 2357 3366 2394 na-

1792 2448 1909 2490 tura
1949 2435 2209 2505 propitins
2233 2433 2306 2499 (5)
2338 2440 2441 2493 est,
2482 2441 2528 2484 et
2564 2431 2831 2492 Salvator,
2868 2431 3120 2499 propitio,
3159 2441 3212 2483 et
3247 2431 3360 2484 sal-

1797 2540 1968 2581 vante.
1988 2525 2098 2579 Deo
2127 2534 2180 2578 et
2211 2524 2368 2577 Patre
2401 2523 2542 2576 nulla
2581 2523 2632 2575 in
2662 2537 2721 2575 re
2759 2521 3016 2582 inferior;
3071 2523 3208 2574 sicut
3267 2523 3366 2573 do-

1791 2627 1918 2671 cent
1943 2631 2066 2669 cum
2101 2616 2202 2667 alia
2242 2613 2644 2682 Scripturarum
2688 2609 2926 2674 oracula,
2960 2620 3071 2663 tum
3111 2611 3364 2666 Michaaas

1793 2707 2037 2777 inquiens
2063 2723 2078 2759 :
2109 2705 2236 2769 Quis
2262 2703 2338 2773 (6)
2379 2703 2511 2755 Deus
2538 2702 2665 2754 sicut
2699 2709 2776 2762 tu,
2804 2700 2892 2768 qui
2922 2699 3097 2767 aufers
3143 2702 3344 2770 iniqui-

1790 2812 1940 2865 tates,
1975 2808 2020 2853 et
2051 2797 2377 2851 transcendis
2409 2790 2742 2860 injustitins?
2783 2790 2848 2842 Et
2890 2791 3083 2844 Petrus
3122 2792 3173 2844 in
3207 2792 3359 2846 Actis

1799 2893 1879 2945 sic
1919 2889 2144 2956 loquens
2172 2905 2184 2939 :
2216 2884 2281 2937 Et
2298 2882 2538 2951 pra'cepit
2564 2881 2640 2952 (7')
2669 2879 2814 2933 nobis
2837 2880 3127 2948 prwdicare
3150 2882 3361 2949 populo,

1795 2995 1840 3035 et
1864 2979 2162 3048 testiﬁcari,
2193 2978 2331 3047 quod
2362 2978 2469 3044 ipse
2494 2986 2590 3039 est,
2620 2978 2710 3046 qui
2740 2977 3050 3031 constitutus
3090 2985 3164 3029 est
3191 2993 3223 3028 a
3255 2975 3361 3029 Deo

1785 3073 1957 3142 judex
1986 3074 2237 3131 vivorum.
2268 3078 2315 3122 et
2346 3080 2695 3124 mortuorum.
2724 3068 2863 3122 Huic
2893 3085 3069 3122 omnes
3099 3068 3362 3136 propheta:

1793 3164 2142 3218 testimonium
2173 3160 2466 3230 perhibent,
2499 3162 2850 3215 remissionem
2896 3171 3222 3228 peccatorum
3269 3177 3362 3214 ac-

1793 3259 1963 3321 cipere
1993 3272 2085 3324 per
2117 3270 2300 3307 nomen
2326 3252 2438 3320 ejus
2468 3269 2664 3316 omnes,
2715 3253 2804 3321 qui
2854 3253 3069 3304 credunt
3112 3252 3168 3304 in
3218 3269 3357 3305 eum.

1781 3349 1858 3403 En
1889 3348 2061 3417 ipsum
2101 3345 2190 3400 hic
2218 3345 2542 3398 celebratum
2575 3343 2838 3398 habemus
2887 3352 2944 3396 ut
3002 3345 3352 3398 constitutum

1785 3455 1812 3492 a
1845 3439 1977 3503 Deo,
2025 3437 2094 3491 ob
2129 3434 2456 3490 salutiferam
2513 3435 2627 3504 ejus
2682 3434 3132 3499 lncarnationem,
3165 3436 3216 3488 in
3255 3452 3358 3503 qua

1780 3530 1890 3599 90
1909 3529 2041 3582 venit
2067 3526 2141 3598 (8)
2167 3541 2418 3589 quwrere,
2433 3535 2478 3579 et
2505 3525 2704 3578 salvum
2727 3526 2895 3593 facere
2914 3527 3053 3595 quod
3093 3528 3315 3594 perierat
3339 3542 3355 3579 :

1783 3629 2003 3690 propter
2031 3633 2194 3687 quam
2221 3618 2385 3670 etiam
2418 3616 2679 3684 scriptum
2718 3624 2802 3671 est
2850 3617 2976 3670 illud
3006 3637 3018 3671 :
3076 3617 3255 3686 Neque
3277 3618 3355 3686 (9)

1789 3713 1925 3765 enim
1958 3709 2116 3762 Pater
2143 3713 2355 3780 judicat
2407 3726 2738 3780 quemquam.
2786 3710 2874 3762 sed
2910 3726 3058 3763 omne
3101 3709 3356 3775 iudicium

1794 3805 1933 3858 dedit
1960 3802 2124 3857 Filio.
2169 3805 2346 3875 Ipsum
2378 3818 2504 3857 vero
2530 3803 2766 3872 jndicem
2797 3811 2971 3864 vocat,
3013 3810 3196 3869 utpote
3221 3801 3358 3854 inter

1791 3907 2069 3952 creaturas
2125 3912 2226 3950 non
2281 3895 2714 3950 numerandum:
2769 3909 2889 3947 nam
2943 3904 3188 3948 creatura
3244 3908 3351 3945 11011

1789 3987 2018 4058 judicat,
2058 3988 2150 4043 sed
2192 3987 2318 4058 legi,
2342 3995 2394 4042 et
2429 3985 2632 4056 judicio
2677 3986 2979 4056 subjicitur.
3034 3983 3179 4040 Idem
3228 3998 3356 4038 vero

200 4174 293 4258 (99)
318 4176 443 4258 Quis
471 4191 566 4234 est.
607 4179 714 4258 l_sa_.
755 4198 806 4245 ι,
831 4181 1100 4258 8.__G_raeca
1128 4182 1335 4258 editio:
1376 4185 1678 4258 ἀντιστήτω
1708 4190 1757 4248 D
1783 4189 2035 4258 scriptor,
2078 4201 2166 4256 qui
2206 4201 2422 4251 novum,
2460 4201 2523 4258 ac
2553 4184 2832 4258 ridiculum
2871 4185 3025 4239 ollicii
3075 4201 3242 4258 genus
3271 4185 3354 4239 vel

146 4258 216 4309 μοι
242 4245 362 4315 ἅμα,
395 4251 444 4302 id
469 4262 552 4304 est
578 4252 796 4304 obsistat
827 4253 956 4306 mihi
989 4255 1166 4307 simul.

199 4315 852 4396 (1)Ἁντζ.-(ξοι1ειᾲντίς,
905 4324 999 4376 sed
1029 4325 1313 4396 mendose,
1356 4334 1417 4378 ut
1443 4326 1678 4396 perspi-

147 4395 276 4466 ευιιλιι
296 4396 390 4466 est.
418 4388 792 4466 liabet‘etiatn
828 4392 1077 4466 attempt"),
1105 4409 1210 4466 pro,
1229 4388 1476 4466 ἀντικρύξ

200 4452 542 4536 lSjnViatira.
607 4460 847 4530 Ἐφὸδιον
867 4452 1118 4536 __Ireiiaio'
1161 4463 1358 4536 dicitur
1395 4452 1679 4528 auxilium,

148 4521 420 4604 subsidium,
451 4521 845 4604 argumentum.
867 4531 998 4586 Vide
1028 4533 1120 4588 lib.
1155 4549 1169 4586 ι
1198 4534 1333 4604 Adv.
1363 4537 1492 4588 liter.
1519 4521 1673 4604 prmi.

151 4603 301 4674 fersus
332 4595 740 4674 flnem._Situili
790 4601 1022 4657 fortasse
1086 4603 1245 4659 modo
1309 4614 1488 4674 posset
1515 4595 1678 4658 etiam

149 4657 286 4738 δίῳ
297 4681 396 4738 Ῑοιν
429 4670 622 4738 accipi.

205 4730 560 4814 (⁵),1ιιάὶ9ηιιξξ
578 4739 686 4793 l’ro
714 4739 968 4806 ἀναξίως.
1008 4740 1126 4809 lego
1151 4743 1386 4814 ἀνάξιος.
1421 4742 1555 4796 Tum
1582 4758 1680 4814 pro

155 4801 644 4884 melft‘ios'isjocihns.
668 4801 1030 4884 τυχχᾶνειίὲν,
1061 4801 1176 4881 lego
1203 4801 1538 4884 τυλίχᾶνοιεν.

206 4867 451 4952 (λὶΝιιζιρ
469 4879 697 4952 invidia.
749 4867 1098 4952 'G‘raecistnum
1111 4867 1363 4937 "retinui:
1390 4885 1502 4937 haec
1535 4884 1678 4938 enim

156 4933 332 5017 Ἐοέυίίος
356 4945 523 5011 οὐδεὶς
554 4946 767 5016 φθόνος,
806 4950 856 5002 id
881 4933 1027 5005 "ea
1049 4933 1680 5017 nuzn“a‘aa.-;;;‘esne;

253 5003 470 5094 ‘ll'iﬁtlam
503 5003 873 5094 'p_i_'overbialis
919 5003 1189 5094 ferratile,
1433 5003 1680 5094 'faitiiilia-

158 5088 231 5137 ris,
257 5090 307 5134 ut
333 5085 674 5158 videre’licet
716 5092 798 5143 vel
827 5090 880 5143 in
909 5090 1124 5144 Cebetis
1170 5093 1388 5155 tabula;
1454 5093 1681 5158 ideoque

160 5157 516 5230 feastprOprio
538 5158 854 5230 accipienda
891 5175 994 5213 non
1024 5169 1110 5212 cst
1142 5177 1154 5212 :
1192 5161 1426 5230 alioquin
1451 5157 1679 5216 dcdeCe-

160 5225 240 5301 fel,
266 5223 332 5273 sic
353 5223 846 5301 loquentem-Dedin
896 5223 1345 5301 inducere_._ldem
1396 5245 1558 5299 porro
1584 5247 1680 5285 va-

160 5280 231 5370 ξιξ),
253 5302 306 5342 ac
329 5293 368 5344 si
391 5280 584 5370 dixeris
640 5314 656 5352 :
685 5280 1008 5370 Non—ofﬁcio
1093 5280 1102 5281 ί
1127 5280 1252 5352 Νοῆ
1268 5280 1680 5370 ἶὶὶὲρὲᾱέόξσιῶ-

163 5368 321 5442 fuitut.
343 5374 438 5442 etc.
470 5366 675 5442 ferme
701 5366 912 5432 habeas,
942 5368 1112 5436 facias
1139 5371 1278 5425 lit-et.
1312 5370 1448 5425 Ilinc
1475 5366 1677 5425 dictum

160 5431 260 5493 puto
287 5427 438 5486 Ovidii
470 5437 592 5490 illud
639 5457 654 5493 :

381 5489 738 5579 (net-invideo)
773 5509 886 5562 sine
914 5525 1018 5572 me,
1051 5509 1195 5574 liber,
1228 5510 1323 5563 ibis
1347 5510 1402 5562 in
1435 5509 1643 5564 Urbem.

223 5564 283 5631 I5)
318 5564 579 5648 pt'ttpitius.
615 5564 810 5632 Vocem
857 5564 1035 5642 ἴλεωέ,
1100 5582 1150 5633 id
1182 5564 1269 5634 est
1296 5584 1574 5648 propitius,
1610 5596 1672 5636 co

161 5639 507 5721 ῗῖῗῗυβεῖείβξιε
535 5663 641 5716 quo
681 5650 745 5702 dc
769 5639 1048 5703 divinitate
1087 5639 1305 5719 prOprie
1345 5639 1571 5704 dicitur;
1595 5651 1668 5703 lta

166 5709 263 5753 cuin
289 5706 456 5768 Juliani
487 5706 754 5786 Ap'ostatze
798 5722 1065 5790 (ignoscat
1087 5706 1233 5775 'mihi
1287 5722 1552 5776 recentior
1581 5722 1668 5777 ille

1787 4258 1884 4326 ipsi
1918 4255 2105 4319 Casus,
2134 4258 2325 4310 nedum
2357 4257 2558 4310 sanctis
2591 4255 2857 4319 Patribus,
2914 4258 3170 4326 ignotum,
3210 4256 3354 4326 inve-

1787 4324 1915 4381 here
1960 4337 2186 4382 conatus
2240 4334 2342 4389 est,
2379 4329 2635 4380 dedecere
2685 4339 2877 4394 panius
2904 4324 3168 4394 Aposlatm
3202 4325 3354 4378 titulo

1782 4395 2050 4452 Julianum
2081 4406 2266 4450 notare
2305 4415 2318 4450 :
2355 4397 2506 4463 quasi
2535 4411 2662 4450 vero
2693 4411 2832 4449 unus
2869 4397 3116 4463 idmnqne
3160 4404 3214 4447 et
3239 4395 3351 4448 ele-

1786 4482 1920 4534 gans
1943 4467 2196 4534 scriptor,
2228 4462 2384 4534 cujus
2408 4466 2548 4520 modi
2576 4475 2870 4533 apostatam
2907 4466 3051 4517 illum
3079 4462 3246 4518 fuisse
3283 4466 3356 4516 ta-

1783 4546 1920 4600 teor,
1963 4544 2015 4591 et
2046 4537 2322 4605 improbus
2348 4551 2467 4589 esse
2495 4545 2742 4603 nequeat,
2766 4544 2859 4587 aut
2887 4543 3125 4602 apostata
3161 4535 3352 4586 imme-

1785 4608 1889 4660 rito
1913 4607 1958 4660 is
1992 4616 2231 4666 vocetur.
2261 4606 2349 4672 qui
2379 4605 2736 4666 Christianus,
2778 4615 2937 4671 atque
2968 4605 3100 4656 adeo
3123 4605 3350 4657 clericus

1782 4692 1902 4730 cum
1927 4685 2089 4740 esset,
2118 4676 2442 4730 Chrisdana:
2492 4675 2730 4742 religioni
2757 4684 2876 4742 post
2902 4674 3150 4739 adeptum
3183 4673 3350 4738 impe-

1785 4750 1920 4798 rium
1954 4746 2150 4800 bellum
2203 4747 2430 4813 maligne
2465 4746 2659 4809 intulit,
2695 4753 2854 4813 atque
2893 4744 2971 4813 ad
2992 4744 3348 4813 abmninanda

1781 4831 1932 4869 sacra
1961 4817 2269 4885 turpissime
2295 4811 2551 4884 tleflesit);
2577 4830 2695 4867 cum
2721 4811 2936 4885 .lnliani,
2963 4811 3352 4878 inquam,Apo-

1783 4895 1936 4940 statre
1969 4881 2135 4940 libros
2172 4884 2447 4953 Porphyrii
2485 4881 2654 4947 libris,
2684 4881 2996 4953 discipulum
3026 4893 3353 4953 nempetnag

1782 4958 1968 5022 gistro,
2021 4948 2364 5008 antetulisset
2410 4951 2685 5014 Lihanius,
2747 4960 2800 5004 et
2844 4950 2997 5022 quasi
3067 4948 3348 5022 Porphyrii

1783 5019 1967 5079 inanes
2014 5025 2403 5088 reformidans,
2475 5023 2806 5082 addidisset,
2871 5019 3027 5082 ἵλεως
3067 5021 3094 5070 ὁ
3156 5019 3351 5089 Τύριος

1781 5095 1888 5164 εἴη,
1930 5095 1980 5148 id
2005 5105 2087 5148 est
2113 5095 2368 5162 propitius
2399 5093 2525 5144 mihi
2551 5095 2620 5144 sit
2664 5091 2851 5164 Tyrius
2875 5090 2960 5141 ille
2989 5105 3165 5164 senem.
3195 5094 3348 5164 scite,

1782 5159 2042 5231 ac'lepide
2067 5159 2188 5216 inde
2210 5159 2404 5215 intulit
2439 5165 2688 5215 Socrates
2741 5161 2771 5213 I.
2809 5174 2891 5223 ιιι,
2917 5174 2962 5214 c.
2989 5159 3080 5225 2³5,
3107 5159 3348 5230 Porphy-

1782 5237 1918 5287 rium
1955 5251 1982 5285 a
2013 5233 2232 5286 Libanio
2265 5234 2315 5284 in
2343 5233 2442 5285 diis
2473 5231 2763 5284 numerari.

1853 5303 1930 5372 (6)
1970 5305 2120 5368 Quis.
2166 5304 2327 5372 Mich.
2349 5317 2441 5364 vti,
2477 5300 2561 5354 l8.
2587 5299 2980 5371 Complutensis
3007 5301 3168 5356 editio
3195 5301 3350 5370 paulo

1781 5371 1937 5426 aliter
1967 5391 1980 5427 :
2011 5372 2148 5435 alue.
2181 5383 2236 5425 ut
2275 5371 2548 5440 Didymus.

1851 5445 1926 5512 (7)
1965 5442 2030 5495 Et
2059 5444 2318 5507 pnecepit.
2369 5449 2486 5494 Act.
2522 5457 2576 5509 ι,
2602 5443 2672 5496 42
2723 5451 2775 5496 et
2813 5441 2900 5494 45.
2941 5440 3217 5495 Librarius
3246 5454 3346 5492 uo~

1782 5523 1892 5568 ster
1914 5515 2126 5584 scripsit
2161 5512 2560 5584 παρείγγειλεν,
2601 5530 2697 5584 pro
2727 5512 3117 5584 παρήγγειλεν.

1851 5584 1925 5651 (8)
1971 5581 2133 5636 Venit.
2179 5582 2308 5635 Luc.
2335 5599 2444 5645 xxx,
2482 5585 2565 5638 IO.

1849 5654 1924 5726 (9)
1958 5653 2155 5722 Neque.
2199 5651 2353 5710 Joan.
2387 5669 2436 5719 ν,
2465 5653 2553 5707 9.2.
