3766 6304
409 238 513 298 ιεθ

1674 236 1903 293 DIDYMI
1943 235 2411 293 ALEXANDRINI

3564 239 3700 292 ΗΟ

417 347 693 418 rejieiendi
723 347 926 414 lapsos,
953 347 1047 402 sed
1083 347 1374 418 recipiendi
1401 363 1515 414 cos,
1551 349 1594 403 si
1627 351 1976 420 resipiscam;

2102 350 2234 416 μοῖς.
2273 348 2532 420 ἰείρῤιιζιεν
2569 347 2748 400 ἔκτοτε
2790 346 2886 418 τὴν
2919 348 3166 401 Nausicaa
3223 349 3312 401 καὶ
3360 347 3700 399 Σαϐΰατίου

416 457 538 496 cum
567 456 721 494 nemo
743 441 813 493 sit
839 441 1046 509 peccati
1072 457 1291 509 expers,
1321 442 1420 495 nisi
1453 441 1522 505 is,
1551 442 1643 510 qui
1699 442 1836 496 banc
1886 441 1986 497 Pe-

416 544 498 584 tro
525 532 796 586 concessit
818 532 1193 586 auctoritatem
1224 551 1237 585 :
1271 531 1322 586 id
1345 531 1486 585 enim
1515 532 1782 600 signiﬁcat
1811 533 1936 586 illtid
1966 550 1982 588 :

415 623 773 688 Quodcunque
807 624 1068 677 solverilis
1127 640 1285 692 super
1327 635 1544 689 terram,
1603 627 1701 678 crit
1755 627 1986 678 solutum

412 716 466 765 in
519 715 681 767 cwlis.
736 713 1054 782 Repudiavit
1083 729 1144 768 ex
1181 715 1267 768 illo
1301 723 1540 781 tempore
1573 713 1761 768 Novati
1790 716 1902 784 (28)
1932 724 1987 770 et

415 804 790 874 Sabbatii(‘29)
825 806 1296 860 inbumanitatem.
1347 806 1415 860 lis
1474 820 1626 873 vero,
1682 824 1802 876 quae
1858 820 1983 862 ante

412 897 573 952 allata
603 907 752 961 sunt,
781 907 1142 952 consentanea
1205 898 1394 950 scribit
1441 898 1604 951 etiam
1667 897 1866 953 Paulus
1919 903 1982 954 ad

411 988 634 1044 Galatas
659 1007 671 1042 :
704 988 835 1042 Cum
861 1000 1035 1041 autem
1067 986 1178 1056 (50)
1211 988 1409 1055 placuit
1437 987 1564 1051 Deo,
1593 989 1682 1058 qui
1713 1006 1793 1043 me
1813 1008 1986 1059 segre-

413 1081 551 1148 gavit
581 1097 646 1133 ex
670 1091 815 1134 utero
839 1082 1019 1133 matris
1047 1096 1172 1132 metr
1206 1088 1262 1132 ut
1289 1078 1538 1132 reuelaret
1595 1079 1792 1134 Filium
1832 1100 1985 1135 suum

415 1173 467 1224 in
497 1189 614 1236 me;
650 1182 701 1224 et
733 1174 798 1225 ad
835 1171 1222 1226 Colossenses:
1255 1169 1466 1225 Gratias
1508 1172 1619 1242 (51)
1641 1184 1840 1242 agentes
1883 1173 1988 1226 Pa-

413 1266 504 1328 tri,
535 1265 624 1332 qui
657 1263 868 1318 idoneos
891 1281 982 1316 nos
1013 1265 1132 1332 fecit
1159 1265 1210 1318 in
1241 1276 1438 1318 partem
1481 1267 1638 1318 sortis
1687 1277 1984 1319 sanctorum

416 1419 680 1474 neralium
737 1419 1108 1481 conciliorum,
1166 1417 1548 1471 Lateranensis
1589 1417 1689 1470 sub
1728 1415 1988 1470 Innocen-

418 1491 495 1545 tio
523 1490 604 1546 Ill.
635 1506 699 1542 ac
735 1487 1056 1548 Tridentini,
1088 1488 1382 1540 Romanam
1423 1487 1712 1540 Ecl-lesiatn
1746 1487 1986 1540 omnium

417 1560 813 1619 Ecclesiarum,
872 1569 926 1612 et
969 1569 1286 1612 cunctorum
1345 1557 1582 1611 lidelium
1639 1565 1890 1618 matrem,
1933 1566 1988 1611 et

2088 441 2496 513 ἀπανθρωπίαν.
2532 441 2655 503 Τοῖς
2707 438 3084 510 προκειμένοις
3128 439 3184 491 δὲ
3225 435 3293 492 αὖ
3334 438 3538 490 ἕπεται
3587 442 3706 490 καὶ

2087 531 2297 596 Παῦλος
2336 531 2601 594 Γαλάταις
2649 530 2909 600 γράφων
2959 531 3095 583 Ὅτε
3134 530 3202 582 δὲ
3258 519 3614 597 εὐδόκησεν·
3651 533 3706 584 ό

2091 624 2235 690 Θεὸς
2257 627 2289 677 ό
2316 623 2611 692 ἀφορίσας
2641 639 2717 690 με
2742 622 2810 674 ἐκ
2838 621 3067 686 κοιλίας
3093 623 3320 688 μητρός
3343 638 3492 689 μου,
3527 621 3704 675 ἀ.το-

2089 716 2356 782 καλύψαι
2383 716 2491 768 τὸν
2525 713 2662 766 Υἱόν
2686 713 2871 767 αὑτοῦ
2909 713 2979 764 ἐν
3000 713 3130 780 ἐμοί
3150 729 3164 742 ·
3202 715 3295 766 καὶ
3325 712 3700 766 K010564155-

2093 824 2174 859 σιν
2200 823 2213 836 ·
2251 803 2764 873 Εὐχαριστοῦντες
2810 803 2888 868 τῷ
2939 804 3142 871 Harp),
3183 802 3262 867 τῷ
3303 803 3702 856 ἱκανώσαντι

2088 895 2245 966 ἡμᾶς
2281 898 2367 960 εὶς
2399 895 2512 963 τὴν
2531 895 2740 964 μερίδα
2785 894 2892 947 τοῦ
2936 894 3161 963 κλήρου
3203 894 3321 946 τῶν
3365 893 3566 963 ἁγίων
3612 895 3698 944 ἐν

2086 989 2166 1054 τῷ
2198 990 2344 1058 φωτί
2360 1005 2372 1018 ·
2405 988 2472 1054 ὃς
2503 988 2794 1055 ἑῤῥύσατο
2825 985 2980 1054 ἡμᾶς
3008 986 3075 1038 ἐκ
3109 985 3216 1054 τῆς
3242 986 3540 1051 ἐξουσίας
3573 985 3698 1038 τοῦ

2087 1085 2367 1149 σκότους,
2411 1081 2507 1136 καὶ
2532 1082 2907 1151 μετέστησεν
2935 1083 3021 1144 εἰς
3052 1079 3167 1146 τὴν
3183 1080 3519 1145 βασιλείαν
3572 1080 3696 1132 τοῦ

2097 1175 2232 1228 Υἱοῦ
2277 1172 2387 1242 τῆς
2411 1173 2644 1241 ἀγάπης
2674 1172 2888 1225 αὐτοῦ·
2924 1173 2994 1223 ἐν
3029 1169 3075 1236 ᾧ
3105 1171 3324 1239 ἔχομεν
3363 1169 3482 1238 τὴν
3523 1172 3695 1223 ἀπο-

2088 1269 2409 1336 λύτρωσιν,
2445 1264 2556 1334 τὴν
2581 1265 2801 1334 ἄφεσιν
2825 1263 2943 1317 τῶν
2970 1262 3266 1332 ἁμαρτιῶν
3287 1281 3298 1292 ·
3333 1263 3429 1316 καὶ
3469 1264 3692 1332 Κοριν-

2098 1420 2204 1473 Deo
2235 1436 2336 1488 non
2366 1418 2606 1482 placent:
2636 1417 2733 1470 etsi
2770 1419 2957 1471 eadem
2987 1418 3038 1469 in
3072 1416 3260 1485 pagina
3293 1417 3519 1488 legisset
3559 1422 3686 1475 haec

2094 1492 2234 1542 alia:
2275 1487 2337 1542 Ut
2368 1489 2555 1540 bonum
2589 1498 2798 1558 esthnon
2826 1504 3059 1555 peccare,
3109 1488 3183 1540 ita
3233 1500 3309 1540 est
3351 1487 3486 1541 utile
3519 1491 3678 1558 ferre

2092 1560 2588 1623 reprehensioneni..
2615 1596 2627 1608 .
2662 1554 2719 1610 Si
2756 1554 3157 1618 peccaverimus,
3216 1558 3449 1626 feramus
3487 1554 3679 1621 repre-

419 1631 730 1701 niagistram
770 1630 1190 1701 nuncupantium
1236 1628 1612 1701 auctoritatem
1665 1627 1810 1696 parvi
1857 1627 1976 1681 facit

2102 1631 2408 1701 iensipnein.
2437 1627 2511 1701 ’Ὠ
2547 1628 2738 1679 πότνια
2776 1627 2996 1701 -αξὸὼς,
3054 1627 3163 1701 εῖΟξ
3225 1627 3302 1698 τῷ
3365 1629 3680 1701 Φεόρωνίῳ

417 1695 538 1769 βδεῖ
575 1699 710 1769 ΠἹ;
743 1699 832 1767 qui
860 1695 1217 1769 univerSalem
1254 1700 1540 1764 primatum
1578 1695 1825 1769 Bttillﬂllt)
1854 1713 1982 1766 pon-

419 1766 544 1823 tifici
594 1770 645 1821 in
692 1766 874 1831 Petro,
930 1779 986 1821 ut
1028 1768 1271 1820 definivit
1313 1771 1551 1837 synodus
1594 1766 1920 1828 Florentium,
1952 1783 1982 1819 a

416 1840 637 1894 Chrism
680 1839 962 1903 collatum,
1000 1839 1095 1905 ipsi
1132 1836 1352 1890 aeterna:
1401 1836 1558 1890 Urbis
1608 1840 1861 1904 episcopo
1918 1838 1984 1890 ab

417 1911 656 1964 Ecclesia
687 1909 871 1973 adimi,
907 1920 959 1961 et
993 1911 1145 1961 alteri
1187 1907 1410 1961 alterius
1447 1909 1590 1961 sedis
1617 1907 1846 1959 antistiti
1881 1908 1982 1958 tri-

418 1981 506 2034 bui
569 1997 729 2048 ptisse
794 1989 1102 2042 asseverat,
1163 1994 1376 2044 suaeque
1427 1975 1982 2048 sententiazrllenedif

417 2045 582 2102 ctunr
613 2047 726 2101 XIV
769 2048 1109 2116 singulariter
1149 2049 1308 2100 irasci
1361 2049 1511 2114 lingit
1561 2063 1680 2114 pag.
1719 2047 1855 2116 l075;
1891 2045 1983 2113 qui

417 2119 557 2172 hanc
583 2119 756 2185 ipsam
781 2115 1105 2186 Opinionem,
1147 2118 1298 2185 quasi
1331 2132 1520 2170 munes
1558 2117 1728 2169 sancti
1775 2115 1982 2178 Patres,

418 2200 508 2241 aut
561 2205 700 2243 unus
753 2189 944 2242 saltem
987 2203 1104 2240 eam
1158 2186 1464 2247 tradiderit,
1503 2187 1554 2238 in
1589 2201 1642 2239 se
1665 2186 1985 2238 verissimam

419 2259 748 2327 delinitpag.
776 2257 968 2318 105.et
987 2257 1228 2311 eamdem
1244 2257 1453 2308 delendi
1481 2258 1556 2308 ait
1582 2271 1700 2327 pag.
1735 2256 1822 2327 98,
1843 2271 1982 2327 cum

419 2344 448 2380 a
479 2326 639 2382 Scotti
666 2331 717 2380 in
746 2343 793 2380 iv
841 2328 969 2379 dist.
997 2327 1086 2390 24,
1122 2327 1208 2379 ubi
1249 2337 1424 2378 tamen
1462 2328 1592 2378 nihil
1625 2326 1728 2377 tale
1756 2326 1980 2390 legitur;

421 2407 534 2452 tum
563 2415 588 2450 a
632 2397 900 2452 Bannesio
941 2399 992 2449 in
1041 2395 1081 2448 ll
1120 2409 1309 2465 quarst.
1357 2397 1407 2459 ι,
1449 2407 1550 2448 art.
1589 2396 1796 2465 10,7qui
1831 2398 1880 2446 in
1921 2410 1986 2465 eo

417 2470 644 2522 articulo
694 2485 814 2537 pag.
853 2469 973 2527 188,
1017 2464 1160 2520 illam
1209 2467 1415 2532 rejicit;
1452 2477 1560 2518 tum
1601 2482 1627 2516 a
1661 2464 1878 2537 Cusaiio
1910 2464 1986 2537 De

419 2535 792 2592 :oncordantia
815 2539 1072 2591 catholica
1112 2539 1206 2589 lib.
1256 2553 1317 2598 Il,
1365 2552 1479 2604 cap.
1537 2537 1626 2597 5'5,
1675 2535 1880 2587 tametsi
1931 2535 1984 2586 iu

417 2621 485 2662 eo
531 2612 708 2678 capite
753 2625 818 2662 ne
849 2611 1070 2661 verbum
1101 2610 1313 2676 quidem
1372 2607 1473 2659 liac
1515 2606 1580 2659 tle
1615 2621 1672 2658 re
1725 2606 1985 2678 habeatur

420 2675 617 2747 (fateor
658 2689 860 2739 tamen,
894 2695 959 2730 ne
992 2675 1184 2746 parum
1216 2679 1428 2730 sincere
1462 2691 1623 2743 agere
1652 2678 1855 2735 videar,
1889 2675 1986 2728 do-

418 2751 720 2803 ctissimum
770 2750 919 2801 illum
957 2747 1277 2800 canonicum
1321 2748 1758 2815 rcgularenhac
1801 2754 1985 2812 postea

418 2830 619 2870 sancta:
669 2818 926 2870 Romana
969 2818 1218 2870 Ecclesia:
1270 2813 1624 2874 cardinalem,
1663 2813 1984 2866 llasileensis

421 2897 600 2940 tamen
633 2888 842 2941 concilii
873 2895 1000 2939 timc
1028 2886 1314 2945 fautorem.
1353 2888 1464 2938 lucc
1501 2885 1626 2936 alibi
1655 2885 1940 2948 scripsisse
1966 2899 1979 2935 :

420 2959 482 3010 Si
511 2973 601 3026 per
624 2958 864 3023 possibile
895 2955 1214 3008 Treverensis
1237 2955 1654 3026 archiepiscopus
1679 2969 1770 3026 per
1806 2952 1984 3004 Eccle-

418 3022 554 3080 sium
603 3022 966 3095 congregatum
1013 3042 1108 3092 pro
1141 3025 1364 3095 prwside
1393 3037 1439 3077 et
1478 3027 1650 3095 capite
1675 3022 1976 3090 eligeretur,

420 3097 511 3150 ille
552 3093 756 3164 proprie
789 3093 904 3162 plus
928 3093 1193 3147 successiir
1221 3095 1282 3148 S.
1313 3094 1458 3146 Petri
1487 3096 1540 3147 in
1571 3093 1864 3164 principatu
1899 3095 1984 3157 [o-

420 3177 517 3232 rct,
541 3161 698 3235 quam
725 3161 988 3218 litintanus
1002 3165 1314 3234 episcOpus),
1346 3172 1456 3216 tum
1490 3168 1702 3235 demum
1725 3179 1752 3212 a
1771 3161 1981 3215 Cordu-

421 3234 570 3290 bensi
605 3238 697 3289 lib.
743 3251 815 3300 iv,
846 3247 1034 3302 qmcst.
1073 3237 1124 3297 l,
1149 3239 1394 3302 quamvis
1420 3250 1483 3287 ex
1513 3234 1724 3301 propria
1763 3241 1981 3284 senten-

420 3307 495 3359 tia
528 3321 636 3361 non
673 3306 922 3372 loquatur
948 3306 1334 3368 Cordubensis,
1368 3314 1426 3358 ut
1458 3304 1726 3370 colligitur
1757 3316 1825 3355 ex
1855 3316 1978 3369 pag.

417 3377 525 3430 225
575 3386 631 3429 et
673 3377 816 3441 239;
867 3375 958 3442 qui
999 3375 1253 3428 Ecclesiae
1310 3374 1630 3427 universalis
1670 3374 1725 3425 in
1753 3372 1981 3442 concilio

419 3458 759 3515 congregata:
788 3440 1216 3512 infallibilitatem
1244 3459 1346 3515 non
1375 3444 1617 3515 agnoscit
1640 3458 1762 3515 pag.
1927 3452 1982 3494 et

420 3512 551 3589 seqq
583 3534 597 3577 ;
626 3512 748 3589 ἰμιιι
787 3523 1167 3589 temporariam
1220 3530 1259 3589 aA
1297 3512 1524 3589 Romani
1569 3512 1983 3589 episcopi_ohe-

421 3582 619 3640 dietitia
652 3582 1078 3639 subtractionem
1116 3585 1320 3654 (audite
1344 3584 1434 3652 qui
1461 3585 1696 3654 nondum
1719 3582 1983 3636 schisma-

422 3657 513 3709 tici
565 3659 719 3717 estis,
774 3666 830 3708 ut
877 3670 996 3708 esse
1039 3653 1278 3722 dist-alis)
1326 3653 1690 3707 nationalibus
1737 3653 1978 3721 synodis,

420 3735 583 3795 atque
616 3727 750 3778 adeo
789 3725 1080 3795 catholicis
1128 3728 1350 3793 Europae
1383 3724 1597 3793 regibus
1630 3722 1859 3795 maligne
1900 3723 1982 3795 in-

419 3792 600 3850 sinuat
650 3811 770 3865 pag.
822 3796 924 3848 712
965 3807 1020 3849 et
1071 3794 1195 3857 7M,
1249 3792 1293 3847 si
1350 3792 1581 3847 decretis
1633 3810 1663 3846 a
1717 3792 1981 3846 Febronio

419 3867 734 3936 propositis,
773 3876 934 3933 atque
982 3868 1032 3918 in
1079 3866 1283 3934 synodo
1323 3865 1616 3918 condendis
1653 3879 1772 3917 Sese
1815 3875 1983 3930 oppo-

421 3947 536 4000 nat,
590 3949 648 3988 ut
683 3945 829 3989 recte
871 3937 1250 3989 animadvertit
1299 3939 1492 3987 doCtus
1545 3936 1632 3987 ille
1690 3948 1982 3986 canonicus

418 4006 706 4075 regularis,
734 4009 822 4074 qui
858 4003 1272 4075 subilustiniaui
1301 4002 1548 4075 Frobenii
1579 4005 1794 4056 nomine
1818 4002 1979 4075 latet;

419 4071 509 4144 qui
547 4071 784 4141 demum,
836 4084 893 4128 ut
935 4074 1038 4128 alia
1073 4085 1412 4142 praeteream,
1448 4074 1548 4128 etsi
1583 4073 1849 4126 Edmundi
1886 4071 1981 4124 ιιι-

421 4143 590 4199 clierii
622 4146 944 4208 doctrinam,
978 4160 1040 4198 ac
1078 4145 1225 4197 Pauli
1257 4143 1629 4212 Sarpii,iquos
1679 4157 1852 4212 osores
1887 4159 1982 4210 pa-

419 4233 571 4286 patus
594 4226 766 4278 vocat,
797 4225 850 4267 et
878 4231 1105 4282 quorum
1158 4211 1411 4286 ductores
1451 4211 1754 4274 Lutheruni,
1805 4211 1981 4286 (latri-7

423 4283 646 4354 numque
680 4285 843 4337 fuisse
883 4286 1112 4337 allirmat
1158 4301 1278 4354 pag.
1313 4283 1436 4348 777,
1482 4288 1583 4336 sibi
1623 4300 1726 4335 non
1765 4283 1978 4350 probari

2086 1698 2325 1752 Συνοῦσα
2356 1699 2743 1768 τάναξςχυντον
2771 1698 2962 1768 ἐξῄροι)
2994 1697 3225 1767 φρενῶν.
3256 1697 3421 1752 Omne
3460 1697 3678 1752 malum

2087 1771 2285 1836 (inquit
2315 1767 2686 1821 Tertullianus
2722 1769 2772 1820 in
2818 1767 3172 1836 Aiiologetico)
3197 1780 3284 1820 aut
3326 1770 3536 1834 timore,
3571 1781 3673 1821 aut

2085 1843 2282 1904 pudore
2328 1850 2518 1890 natura
2560 1837 2809 1907 perfudit.
2841 1837 3133 1890 Febrnnius
3168 1840 3414 1890 timorem
3453 1846 3670 1906 pl'lnlll,

2086 1911 2211 1964 dum
2260 1908 2429 1961 latere
2481 1910 2640 1976 gestit
2671 1924 2685 1958 :
2717 1908 2848 1959 faxit
2914 1907 3070 1968 Deus,
3119 1918 3177 1960 ut
3228 1908 3452 1961 salutari
3488 1912 3668 1964 etiam

2086 1981 2289 2048 pudore
2343 1977 2714 2045 perfundatur.
2769 1977 2872 2028 Sed
2924 1979 2988 2027 ad
3043 1977 3222 2048 lineas
3265 1993 3476 2040 rursus,
3505 1991 3566 2032 et
3604 1981 3658 2031 in

2086 2045 2309 2119 gradum
2345 2065 2358 2101 :
2397 2050 2530 2100 satis
2556 2049 2698 2100 enim
2724 2049 2896 2116 vagati
2928 2063 3131 2100 sumus.
3166 2045 3294 2100 Vide
3323 2059 3482 2102 notas
3507 2067 3670 2103 ineas

2086 2121 2152 2172 ail
2185 2136 2355 2186 segni.
2381 2119 2450 2171 56
2477 2119 2525 2169 li.

2163 2183 2272 2258 (ᾖε)
2308 2186 2517 2258 Novati.
2559 2184 2817 2258 Novatus,
2841 2183 3274 2258 retyNovatiall'”
3325 2189 3664 2258 llresl’y'eri'

2087 2256 2180 2312 ille
2233 2257 2678 2324 Cartliaginensis
2730 2256 3001 2316 Ecclesize.
3061 2259 3144 2308 liic
3198 2256 3453 2311 Ilomanae
3493 2256 3666 2325 cujus-

2085 2330 2247 2382 etiam
2284 2331 2485 2397 primus
2513 2328 2761 2394 antipapa
2795 2330 2912 2389 l'uit,
2947 2327 3148 2379 nemini
3179 2328 3342 2397 ignoti
3373 2339 3522 2381 sunt.
3576 2333 3658 2382 Ac

2085 2395 2438 2452 Novatianmn
2483 2397 2721 2463 quidem,
2758 2397 3148 2459 Adamitarum,
3191 2412 3254 2449 ac
3288 2395 3659 2452 Montanista—

2086 2483 2204 2521 runt
2233 2481 2470 2522 errorem
2513 2469 2844 2531 renovando,
2881 2466 3044 2531 lapsis
3071 2466 3438 2534 paenitentiam
3470 2469 3653 2523 deue-

2085 2553 2240 2606 gasse
2275 2537 2619 2606 consentiunt
2667 2552 2897 2590 omnes:
2935 2536 3262 2589 Novatianos
3298 2553 3432 2590 vero
3470 2554 3584 2591 non
3625 2555 3657 2592 a

2086 2604 2315 2669 Novato,
2352 2608 2444 2659 sed
2474 2622 2502 2657 a
2534 2604 2831 2662 Novatiano
2865 2607 3237 2660 denominatos
3271 2621 3390 2660 esse
3422 2621 3656 2663 monent

2086 2679 2280 2746 passim
2327 2678 2423 2729 viri
2459 2677 2678 2746 eruditi.
2727 2675 2943 2746 Moncnt
2975 2687 3230 2743 praeterea
3267 2691 3406 2744 Saepe
3434 2695 3464 2729 a
3494 2678 3658 2733 Cra:-

2085 2749 2162 2801 cis
2189 2746 2440 2800 Patribus
2463 2761 2557 2812 pro
2587 2745 2884 2799 Novatiano
2918 2745 3181 2800 Novatum
3215 2763 3500 2815 perperam
3540 2765 3650 2800 no-

2087 2819 2298 2874 minari.
2333 2820 2399 2868 ab
2443 2816 2692 2878 Eusebio,
2733 2818 2961 2882 exempli
2990 2816 3182 2885 gratia,
3221 2820 3288 2870 ab
3316 2817 3431 2884 ejus
3466 2820 3647 2871 inter—

2086 2899 2234 2954 prete
2270 2889 2482 2947 liuliuo,
2518 2903 2546 2936 a
2579 2887 2799 2939 Socrate
2840 2887 2938 2955 lib.
2969 2903 3041 2950 iv,
3073 2887 3297 2955 cap.28,
3325 2898 3377 2940 et
3405 2888 3477 2940 ab
3504 2890 3653 2952 aliis,

2086 2960 2176 3027 qui
2205 2959 2329 3009 dum
2366 2955 2781 3027 Novutumgcuin
2829 2954 3502 3027 Novatiano'contundunt
3551 2965 3657 3027 (ait

2085 3025 2434 3078 Constantius
2474 3041 2594 3094 pag.
2636 3025 2782 3094 159),
2825 3025 3087 3078 Nouatum
3123 3025 3569 3088 liwresiarcham,
3604 3044 3652 3081 et

2084 3095 2434 3164 Cat/tororum
2455 3097 2736 3164 principem
2765 3097 2898 3164 falso
2921 3098 3143 3162 faciunt.
3168 3140 3181 3153 .
3205 3140 3217 3150 .
3245 3096 3484 3150 Novatus
3507 3101 3650 3150 enim

2083 3167 2331 3234 [actionis
2368 3162 2689 3218 Felicissiini
2727 3162 3034 3233 presbyteris
3067 3170 3384 3236 adhaerebat,
3415 3171 3508 3235 qui
3526 3173 3654 3236 lap-

2082 3228 2176 3287 sis.
2197 3275 2210 3287 .
2242 3275 2256 3288 .
2283 3243 2458 3288 statim
2481 3251 2682 3302 pacem,
2710 3228 2754 3288 et
2788 3228 3353 3290 conimunionem'dari
3375 3228 3650 3291 iaciebant.

2084 3303 2211 3359 Haec
2254 3308 2298 3359 si
2340 3305 2410 3358 ita
2443 3321 2501 3358 se
2542 3307 2762 3369 habent,
2805 3304 3080 3375 Diilyiuuni
3117 3324 3328 3373 quoque
3357 3311 3650 3376 deceptum

2084 3376 2254 3430 fuisse
2301 3377 2593 3441 putandum
2643 3377 2766 3436 erit,
2800 3391 2863 3428 ac
2893 3393 2988 3443 pro
3033 3377 3328 3431 Novatiano
3378 3376 3648 3431 Novatum

2085 3447 2440 3516 nominasse:
2480 3460 2580 3498 nec
2627 3447 2770 3498 enim
2826 3447 3179 3499 dubitandum
3230 3450 3458 3509 videtur,
3508 3452 3643 3516 quin

2084 3514 2393 3569 Novatiana'.
2423 3525 2582 3568 sectae
2610 3527 2885 3584 auctorem
2914 3517 3184 3584 respiciat.
3219 3516 3410 3570 Verum
3453 3520 3498 3571 si
3529 3514 3649 3570 tuna

2083 3599 2206 3638 cum
2239 3588 2358 3639 aliis
2401 3587 2755 3652 scriptoribus
2789 3583 3074 3638 Graecisin
3120 3602 3358 3640 errorem
3395 3588 3651 3641 inductus

2083 3669 2166 3710 est
2194 3657 2471 3724 Didymus,
2503 3667 2758 3708 errarunt
2803 3665 2965 3708 etiam
3015 3662 3360 3724 Augustinus,
3395 3674 3458 3711 ac
3521 3658 3649 3710 lin--

2087 3740 2361 3795 ronymus.
2402 3723 2490 3777 Ille
2511 3727 2652 3777 enim
2685 3740 2732 3776 Ill
2765 3726 2898 3778 libro
2921 3727 2992 3777 De
3009 3723 3524 3790 Iiwresibus,lueresi
3550 3730 3645 3789 58,

2085 3797 2198 3865 base
2255 3805 2470 3863 Scripsit
2498 3811 2511 3848 :
2544 3796 2784 3848 Cat/tari.
2807 3831 2822 3846 .
2845 3834 2859 3849 .
2883 3834 2896 3847 .
2943 3798 3298 3864 pcenitentimn
3356 3800 3644 3865 denegam,

2086 3863 2348 3919 Novatum
2392 3875 2645 3917 sectantes
2697 3863 3042 3930 litcreticuin;
3092 3868 3226 3918 unde
3257 3879 3411 3918 etiam
3464 3863 3642 3920 Not-u-

2083 3937 2215 3988 tiani
2270 3937 2621 4005 appellantur.
2675 3935 3030 4005 Hieronymus
3056 3950 3180 3990 vero
3223 3937 3275 3989 in
3316 3951 3400 4002 ep.
3435 3938 3537 3998 77,
3571 3941 3645 3989 ad

2077 4008 2339 4058 Oceanum
2368 4023 2380 4058 :
2419 4003 2539 4057 Non
2559 4013 2630 4056 est
2662 4007 2761 4058 loci
2788 4003 3166 4076 liujus(inquil)
3199 4017 3251 4058 ut
3281 4009 3645 4076 ptznitemium

2081 4077 2384 4144 prwdicem,
2411 4086 2457 4128 et
2487 4076 2638 4144 quasi
2679 4073 2864 4128 contra
2909 4073 3238 4139 Montanum,
3280 4073 3647 4142 Novatumque

2083 4146 2339 4215 scribens.
2389 4146 2584 4204 dicam.
2635 4155 2738 4198 etc.
2777 4147 2912 4213 Quid
2948 4147 3136 4214 plura?
3197 4148 3499 4215 Cyprianus
3533 4150 3647 4214 ipse

2084 4215 2135 4284 in
2177 4231 2262 4284 ep.
2297 4214 2387 4278 49,
2435 4216 2503 4267 ad
2549 4216 2870 4282 Corneliam,
2909 4220 2975 4269 de
3003 4215 3220 4282 gNovato
3243 4214 3322 4268 sic
3364 4214 3644 4284 loquitur:

2087 4283 2350 4337 Damnare
2379 4301 2515 4336 nunc
2546 4285 2706 4337 audet
2735 4289 3149 4353 sacriﬁcantium
3182 4303 3392 4350 manus,
3423 4283 3545 4338 cum
3580 4291 3646 4339 sit

422 4357 587 4419 dicat,
620 4357 773 4408 novis
810 4363 982 4407 tamen
1015 4372 1134 4408 eam
1172 4355 1552 4426 additainentis
1582 4354 1840 4426 ampliare
1868 4368 1972 4404 non
2008 4361 2052 4416 Ι)
2082 4359 2189 4424 ipse
2217 4358 2483 4408 nocentior
2510 4367 2528 4404 :
2557 4357 2686 4420 Quae
2723 4355 2926 4410 Novato
2951 4358 3262 4423 exprobrari
3294 4372 3399 4408 non
3435 4360 3646 4426 potuis-

421 4436 684 4478 vcretur:
737 4435 897 4490 atque
976 4425 1113 4478 lianc
1185 4425 1563 4492 praeclarorum
1637 4423 1972 4474 inventorum

422 4497 730 4563 congeriem
757 4493 1019 4547 Clementi
1045 4494 1155 4548 χιιι
1184 4495 1521 4564 potissimum
1545 4493 1840 4564 inscribere
1871 4506 1974 4542 non

423 4560 670 4629 erubmt;
712 4565 907 4633 ,itaque
940 4564 990 4616 in
1017 4560 1256 4618 Omnium
1293 4564 1721 4617 CbriStianorum
1755 4560 1974 4612 Patrem

421 4650 484 4687 ac
541 4637 827 4698 doctorem,
862 4636 1015 4702 cujus
1046 4642 1206 4704 pedes
1239 4635 1458 4688 maximi
1490 4647 1641 4699 reges
1669 4641 1761 4684 aut
1791 4645 1973 4683 coram

423 4707 710 4775 aliquando
757 4707 924 4773 (quod
966 4715 1144 4759 nostra
1175 4715 1336 4775 actate
1359 4716 1616 4771 augustas
1646 4718 1706 4755 ac
1736 4714 1974 4775 serenis-

421 4772 597 4830 stnius
626 4772 851 4830 Carolus
888 4775 953 4830 ιιι
986 4775 1286 4830 Borbonius
1321 4774 1467 4842 fecit)
1503 4783 1596 4825 aut
1629 4787 1724 4842 per
1746 4772 1972 4839 legatos,

421 4847 505 4899 vel
548 4860 643 4916 per
671 4845 944 4916 epistolas
965 4847 1255 4915 quotannis
1289 4843 1691 4916 exosculantur,
1720 4842 1975 4916 insultare

422 4932 528 4971 non
549 4914 842 4972 dubitavit.
870 4914 1114 4984 Cumque
1144 4932 1173 4969 a
1204 4929 1514 4970 successore
1542 4930 1621 4984 ac,
1649 4914 1858 4966 haerede
1883 4928 1976 4979 po-

422 4986 629 5055 testatis
653 4985 797 5039 illius
827 4983 1075 5055 apostoli,
1103 4987 1257 5055 cujus
1280 4997 1488 5038 terrena
1499 4983 1708 5053 judicia
1738 4987 1818 5051 (ut
1845 4995 1970 5055 cum

423 5056 480 5127 ξ.
515 5054 717 5108 Hilario
744 5051 952 5127 loqu—ar)
987 5051 1193 5125 judicia
1226 5055 1451 5109 caelestia
1489 5051 1630 5117 sunt,
1679 5051 1976 5120 apostolico

420 5124 575 5178 Brevi
617 5141 757 5179 anno
808 5124 943 5180 1764
975 5124 1032 5181 se
1077 5135 1480 5196 reprehensum,
1531 5139 1794 5191 suumque
1841 5136 1976 5196 opus

421 5198 731 5247 damnatum
781 5199 1039 5262 audisset,
1087 5192 1192 5251 non
1235 5197 1394 5250 modo
1446 5210 1552 5248 non
1601 5196 1841 5260 resipuit,
1876 5192 1972 5245 sed

421 5266 614 5319 iterum
649 5266 778 5319 illud
805 5267 1106 5336 insequenti
1151 5284 1312 5332 anno,
1361 5267 1488 5318 dum
1520 5267 1632 5318 hinc
1657 5269 1720 5315 ad
1752 5269 1971 5336 praelum

422 5338 714 5401 mitterem,
753 5335 962 5390 auctius
1010 5338 1264 5405 evulgare
1318 5352 1483 5388 ausus
1544 5346 1650 5405 est,
1704 5335 1977 5401 inscriptis

419 5408 593 5475 primo
625 5407 773 5469 lolio,
797 5407 947 5476 quasi
975 5404 1166 5460 vexillo
1191 5407 1429 5470 cuidam,
1462 5406 1528 5458 iis
1550 5404 1770 5476 Joannis
1805 5405 1978 5471 ωλι]-

419 5479 664 5540 sostomi,
701 5475 972 5532 etluitCam
1009 5478 1448 5530 Consuetudinem
1478 5475 1816 5535 insectantis,
1851 5488 1972 5525 ver-

420 5548 524 5609 bis,
558 5563 622 5610 ex
657 5548 1097 5616 quinquagesima
1131 5547 1427 5600 duodecimi
1457 5552 1583 5598 tomi
1615 5559 1808 5613 pagina
1839 5543 1978 5610 peti-

421 5629 522 5668 tis:
581 5616 770 5670 Metius
817 5628 914 5679 est,
957 5627 1011 5670 ut
1048 5634 1134 5670 vos
1186 5633 1263 5670 me
1311 5617 1639 5682 suspicemini
1702 5620 1976 5678 audacem,

418 5704 632 5755 surum,
669 5699 716 5742 et
741 5700 1103 5759 arrogantem,
1142 5703 1300 5759 quam
1324 5699 1376 5742 ut
1417 5702 1502 5741 vos
1525 5686 1735 5754 faciatis
1768 5700 1975 5759 ecqua:

2079 4435 2220 4489 sent,
2251 4426 2294 4478 si
2328 4426 2381 4478 in
2409 4440 2473 4496 ea
2519 4433 2647 4477 tunc
2692 4427 2943 4494 opinione
2997 4430 3303 4490 mansisset,
3359 4436 3416 4479 ut
3478 4429 3647 4496 lapsis

2078 4509 2264 4562 pacem
2297 4495 2556 4547 continuo
2591 4497 2820 4548 dandam
2853 4498 3030 4550 vellet.
3068 4499 3318 4563 Quinimo
3356 4495 3647 4551 univchus

2077 4565 2225 4618 urbis
2243 4565 2638 4632 quodammodo
2663 4567 2915 4634 deceptus
2948 4569 3242 4629 videretur,
3267 4568 3407 4634 quod
3435 4566 3644 4620 Catba-

2079 4649 2167 4688 ros
2218 4650 2321 4686 non
2369 4634 2783 4696 Novatiauistas,
2823 4647 2914 4690 aut
2949 4638 3379 4690 NoVatianenses
3409 4651 3643 4690 vocave-

2078 4705 2169 4765 rit,
2204 4715 2263 4757 ut
2287 4705 2608 4776 alicubi_eos
2636 4706 2869 4776 appellat
2894 4707 3220 4776 Cyprianus,
3251 4710 3344 4760 sed
3381 4706 3642 4760 Novati:-

2078 4789 2197 4827 nos.
2225 4776 2295 4828 At
2318 4777 2461 4828 enim
2486 4773 2723 4830 Novatus
2743 4773 3065 4831 Felicissimi
3091 4776 3366 4831 scbismati
3393 4780 3643 4832 adliazsit.

2077 4842 2289 4915 Fateor.
2319 4845 2513 4899 Verum
2549 4845 2754 4900 Novato
2806 4849 2922 4915 ipso
2960 4847 3271 4915 instigante,
3310 4861 3373 4900 ac
3409 4849 3644 4910 favente,

2076 4911 2366 4993 Novatiani
2397 4929 2611 4993 quoque
2637 4911 2884 4993 schisma
2926 4911 3218 4993 coiiﬂaitiiii
3251 4911 3352 4968 est.
3389 4919 3498 4993 Sed
3523 4921 3645 4993 quis

2073 4986 2196 5052 jure
2244 4987 2313 5038 ab
2358 4986 2754 5040 insanientibus
2799 4992 3052 5054 postulet,
3087 4998 3145 5041 ut
3177 5001 3298 5041 cum
3327 4990 3540 5040 ratione
3566 4990 3644 5040 iu-

2077 5055 2326 5108 saniaut?

2149 5125 2274 5198 (29)
2311 5124 2570 5198 Stibbatii.
2622 5125 2701 5180 Ex
2749 5141 2814 5180 eo
2855 5129 2998 5198 quod
3041 5127 3303 5190 Sabbatii,
3348 5141 3417 5180 ex
3459 5123 3644 5180 Judaao

2077 5194 2394 5259 Christiani,
2445 5194 3064 5265 Novatianieque'sectte
3105 5199 3303 5252 addicti
3336 5201 3645 5250 meminerit

2081 5265 2362 5339 Didymus,
2397 5265 2563 5320 libros
2606 5270 2870 5339 lioscegab
2903 5289 2968 5326 eo
3013 5269 3296 5339 postremis
3329 5278 3452 5319 Vita:
3486 5271 3642 5320 annis

2077 5337 2250 5412 editos
2290 5335 2458 5412 fuisse
2499 5339 2719 5408 colligo,
2766 5337 2956 5412 Magno
2981 5335 3283 5394 Theodosio
3325 5340 3640 5406 imperante.

2079 5407 2182 5459 Sed
2209 5406 2320 5458 haec
2349 5411 2503 5461 alias.

2149 5477 2262 5545 (50)
2301 5473 2432 5529 Cum
2485 5488 2681 5532 autem.
2741 5478 2916 5533 Galat.
2959 5492 2997 5541 ι,
3048 5478 3114 5533 15
3165 5479 3329 5533 etiti.
3379 5478 3641 5534 Nonnulla

2078 5557 2277 5618 omittit
2303 5557 2421 5618 post
2457 5551 2698 5602 voculaui
2732 5566 2855 5618 μου.

2153 5617 2264 5686 ιὸι)
2319 5616 2554 5672 Gratias.
2630 5616 2758 5672 υυιο
2792 5641 2838 5670 ε.
2891 5636 2940 5681 t,

2080 5703 2306 5757 τρῳσεγ,
2341 5704 2507 5756 pauca
2536 5691 2941 5761 praetermittit”

3020 5622 3139 5675 124
3155 5624 3202 5674 ι.
3265 5620 3388 5674 l'ust
3447 5619 3613 5674 ἀπολύ
