  <div class='ocr_page' id='page_1' title='image "/cluster/home/n/w/nwhite01/storage/ocr_20150623/39/hvd.32044019207778/219.png"; bbox 0 0 3766 6308; ppageno 0'>
   <div class='ocr_carea' id='block_1_1' title="bbox 423 255 532 312">
    <p class='ocr_par' dir='ltr' id='par_1_1' title="bbox 423 255 532 312">
     <span class='ocr_line' id='line_1_1' title="bbox 423 255 532 312; baseline 0.009 -1"><span class='ocrx_word' id='word_1_1' title='bbox 423 255 532 312; x_wconf 72' lang='grc'><strong>425</strong></span> 
     </span>
    </p>
   </div>
   <div class='ocr_carea' id='block_1_2' title="bbox 1696 247 2434 305">
    <p class='ocr_par' dir='ltr' id='par_1_2' title="bbox 1696 247 2434 305">
     <span class='ocr_line' id='line_1_2' title="bbox 1696 247 2434 305; baseline -0.004 -1"><span class='ocrx_word' id='word_1_2' title='bbox 1696 249 1925 305; x_wconf 73' lang='lat' dir='ltr'><strong>DIDYMI</strong></span> <span class='ocrx_word' id='word_1_3' title='bbox 1965 247 2434 304; x_wconf 72' lang='lat' dir='ltr'><strong>ALEXANDRINI</strong></span> 
     </span>
    </p>
   </div>
   <div class='ocr_carea' id='block_1_3' title="bbox 3574 246 3665 299">
    <p class='ocr_par' dir='ltr' id='par_1_3' title="bbox 3574 246 3665 299">
     <span class='ocr_line' id='line_1_3' title="bbox 3574 246 3665 299; baseline 0 0"><span class='ocrx_word' id='word_1_4' title='bbox 3574 246 3665 299; x_wconf 73' lang='grc' dir='ltr'>4Ξ4</span> 
     </span>
    </p>
   </div>
   <div class='ocr_carea' id='block_1_4' title="bbox 425 365 1992 447">
    <p class='ocr_par' dir='ltr' id='par_1_4' title="bbox 425 371 1992 447">
     <span class='ocr_line' id='line_1_4' title="bbox 425 371 1992 447; baseline -0.003 -17"><span class='ocrx_word' id='word_1_5' title='bbox 425 392 530 447; x_wconf 87' lang='lat' dir='ltr'><strong>gno</strong></span> <span class='ocrx_word' id='word_1_6' title='bbox 560 384 737 429; x_wconf 86' lang='lat' dir='ltr'><strong>autem</strong></span> <span class='ocrx_word' id='word_1_7' title='bbox 767 373 884 428; x_wconf 86' lang='lat' dir='ltr'><strong>sine</strong></span> <span class='ocrx_word' id='word_1_8' title='bbox 929 372 1094 428; x_wconf 91' lang='lat' dir='ltr'><strong>dubio</strong></span> <span class='ocrx_word' id='word_1_9' title='bbox 1141 371 1402 442; x_wconf 92' lang='lat' dir='ltr'><strong>loquitur,</strong></span> <span class='ocrx_word' id='word_1_10' title='bbox 1437 371 1577 442; x_wconf 90' lang='lat' dir='ltr'><strong>quod</strong></span> <span class='ocrx_word' id='word_1_11' title='bbox 1609 372 1713 425; x_wconf 90' lang='lat' dir='ltr'><strong>erit</strong></span> <span class='ocrx_word' id='word_1_12' title='bbox 1751 381 1874 440; x_wconf 88' lang='lat' dir='ltr'><strong>post</strong></span> <span class='ocrx_word' id='word_1_13' title='bbox 1904 385 1992 426; x_wconf 90' lang='lat' dir='ltr'><strong>re-</strong></span> 
     </span>
    </p>
   </div>
   <div class='ocr_carea' id='block_1_5' title="bbox 2105 365 3664 447">
    <p class='ocr_par' dir='ltr' id='par_1_5' title="bbox 2105 365 3664 438">
     <span class='ocr_line' id='line_1_5' title="bbox 2105 365 3664 438; baseline -0.003 -15"><span class='ocrx_word' id='word_1_14' title='bbox 2105 369 2166 438; x_wconf 64' lang='grc' dir='ltr'><strong>πῇ</strong></span> <span class='ocrx_word' id='word_1_15' title='bbox 2198 369 2488 434; x_wconf 58' lang='grc' dir='ltr'><em>βασιλειῂ</em></span> <span class='ocrx_word' id='word_1_16' title='bbox 2527 365 2632 420; x_wconf 87' lang='grc' dir='ltr'><em>τοῦ</em></span> <span class='ocrx_word' id='word_1_17' title='bbox 2676 365 2934 434; x_wconf 84' lang='grc' dir='ltr'><em>Χριστοῦ</em></span> <span class='ocrx_word' id='word_1_18' title='bbox 2981 365 3083 420; x_wconf 81' lang='grc' dir='ltr'><em>καὶ</em></span> <span class='ocrx_word' id='word_1_19' title='bbox 3129 365 3276 419; x_wconf 85' lang='grc' dir='ltr'><em>Θεοῦ</em></span> <span class='ocrx_word' id='word_1_20' title='bbox 3299 382 3312 394; x_wconf 79' lang='grc'><em>’</em></span> <span class='ocrx_word' id='word_1_21' title='bbox 3361 365 3577 428; x_wconf 80' lang='grc' dir='ltr'><strong>πάντως</strong></span> <span class='ocrx_word' id='word_1_22' title='bbox 3616 365 3664 419; x_wconf 67' lang='grc' dir='ltr'><em>δὲ</em></span> 
     </span>
    </p>
   </div>
   <div class='ocr_carea' id='block_1_6' title="bbox 425 461 1994 534">
    <p class='ocr_par' dir='ltr' id='par_1_6' title="bbox 425 461 1994 534">
     <span class='ocr_line' id='line_1_6' title="bbox 425 461 1994 534; baseline -0.004 -14"><span class='ocrx_word' id='word_1_23' title='bbox 425 465 817 520; x_wconf 89' lang='lat' dir='ltr'><strong>surrectionem</strong></span> <span class='ocrx_word' id='word_1_24' title='bbox 850 462 984 534; x_wconf 78' lang='lat'><strong>(59).</strong></span> <span class='ocrx_word' id='word_1_25' title='bbox 1023 462 1301 529; x_wconf 83' lang='lat' dir='ltr'><strong>Quodnam</strong></span> <span class='ocrx_word' id='word_1_26' title='bbox 1331 477 1462 531; x_wconf 88' lang='lat' dir='ltr'><strong>ergo</strong></span> <span class='ocrx_word' id='word_1_27' title='bbox 1486 471 1696 531; x_wconf 94' lang='lat' dir='ltr'><strong>tempus</strong></span> <span class='ocrx_word' id='word_1_28' title='bbox 1731 461 1859 514; x_wconf 88' lang='lat' dir='ltr'><strong>illud</strong></span> <span class='ocrx_word' id='word_1_29' title='bbox 1889 470 1994 520; x_wconf 90' lang='lat' dir='ltr'><strong>est.</strong></span> 
     </span>
    </p>
   </div>
   <div class='ocr_carea' id='block_1_7' title="bbox 424 552 1998 626">
    <p class='ocr_par' dir='ltr' id='par_1_7' title="bbox 424 552 1998 626">
     <span class='ocr_line' id='line_1_7' title="bbox 424 552 1998 626; baseline -0.002 -17"><span class='ocrx_word' id='word_1_30' title='bbox 424 573 532 626; x_wconf 84' lang='lat' dir='ltr'><strong>quo</strong></span> <span class='ocrx_word' id='word_1_31' title='bbox 562 570 808 624; x_wconf 85' lang='lat' dir='ltr'><strong>regnum,</strong></span> <span class='ocrx_word' id='word_1_32' title='bbox 856 569 1042 608; x_wconf 90' lang='lat' dir='ltr'><strong>eorum</strong></span> <span class='ocrx_word' id='word_1_33' title='bbox 1078 553 1318 622; x_wconf 88' lang='lat' dir='ltr'><strong>judicio,</strong></span> <span class='ocrx_word' id='word_1_34' title='bbox 1373 553 1628 621; x_wconf 91' lang='lat' dir='ltr'><strong>deinceps</strong></span> <span class='ocrx_word' id='word_1_35' title='bbox 1666 552 1879 606; x_wconf 82' lang='lat' dir='ltr'><strong>tradet?</strong></span> <span class='ocrx_word' id='word_1_36' title='bbox 1917 553 1998 606; x_wconf 85' lang='lat' dir='ltr'><strong>Ad</strong></span> 
     </span>
    </p>
   </div>
   <div class='ocr_carea' id='block_1_8' title="bbox 425 635 1998 713">
    <p class='ocr_par' dir='ltr' id='par_1_8' title="bbox 425 635 1998 713">
     <span class='ocr_line' id='line_1_8' title="bbox 425 635 1998 713; baseline -0.003 -14"><span class='ocrx_word' id='word_1_37' title='bbox 425 643 769 700; x_wconf 79' lang='lat' dir='ltr'><strong>Timodieum</strong></span> <span class='ocrx_word' id='word_1_38' title='bbox 826 635 954 698; x_wconf 91' lang='lat' dir='ltr'><strong>vero</strong></span> <span class='ocrx_word' id='word_1_39' title='bbox 1001 644 1054 697; x_wconf 92' lang='lat' dir='ltr'><strong>in</strong></span> <span class='ocrx_word' id='word_1_40' title='bbox 1090 645 1323 699; x_wconf 87' lang='lat' dir='ltr'><strong>secunda</strong></span> <span class='ocrx_word' id='word_1_41' title='bbox 1369 642 1605 713; x_wconf 83' lang='lat' dir='ltr'><strong>Epistola</strong></span> <span class='ocrx_word' id='word_1_42' title='bbox 1635 659 1648 697; x_wconf 90' lang='lat'><strong>:</strong></span> <span class='ocrx_word' id='word_1_43' title='bbox 1681 641 1862 696; x_wconf 88' lang='lat' dir='ltr'><strong>Testor</strong></span> <span class='ocrx_word' id='word_1_44' title='bbox 1886 641 1998 713; x_wconf 82' lang='grc'>(40)</span> 
     </span>
    </p>
   </div>
   <div class='ocr_carea' id='block_1_9' title="bbox 426 733 1999 804">
    <p class='ocr_par' dir='ltr' id='par_1_9' title="bbox 426 733 1999 804">
     <span class='ocr_line' id='line_1_9' title="bbox 426 733 1999 804; baseline -0.003 -14"><span class='ocrx_word' id='word_1_45' title='bbox 426 753 603 790; x_wconf 89' lang='lat' dir='ltr'><strong>coram</strong></span> <span class='ocrx_word' id='word_1_46' title='bbox 632 736 761 796; x_wconf 88' lang='lat' dir='ltr'><strong>Deo,</strong></span> <span class='ocrx_word' id='word_1_47' title='bbox 784 745 833 790; x_wconf 89' lang='lat' dir='ltr'><strong>et</strong></span> <span class='ocrx_word' id='word_1_48' title='bbox 869 733 1080 789; x_wconf 86' lang='lat' dir='ltr'><strong>Christo</strong></span> <span class='ocrx_word' id='word_1_49' title='bbox 1114 733 1272 797; x_wconf 71' lang='lat' dir='ltr'><strong>Iesu,</strong></span> <span class='ocrx_word' id='word_1_50' title='bbox 1301 735 1391 804; x_wconf 87' lang='lat' dir='ltr'><strong>qui</strong></span> <span class='ocrx_word' id='word_1_51' title='bbox 1419 735 1760 804; x_wconf 85' lang='lat' dir='ltr'><strong>judicaturus</strong></span> <span class='ocrx_word' id='word_1_52' title='bbox 1798 742 1876 786; x_wconf 88' lang='lat' dir='ltr'><strong>est</strong></span> <span class='ocrx_word' id='word_1_53' title='bbox 1921 733 1999 785; x_wconf 75' lang='lat' dir='ltr'><strong>ci-</strong></span> 
     </span>
    </p>
   </div>
   <div class='ocr_carea' id='block_1_10' title="bbox 426 824 1996 896">
    <p class='ocr_par' dir='ltr' id='par_1_10' title="bbox 426 824 1996 896">
     <span class='ocr_line' id='line_1_10' title="bbox 426 824 1996 896; baseline -0.003 -15"><span class='ocrx_word' id='word_1_54' title='bbox 426 844 536 889; x_wconf 62' lang='lat' dir='ltr'><strong>stas,</strong></span> <span class='ocrx_word' id='word_1_55' title='bbox 568 836 616 881; x_wconf 90' lang='lat' dir='ltr'><strong>et</strong></span> <span class='ocrx_word' id='word_1_56' title='bbox 641 836 896 889; x_wconf 88' lang='lat' dir='ltr'><strong>mortuos,</strong></span> <span class='ocrx_word' id='word_1_57' title='bbox 925 833 974 878; x_wconf 87' lang='lat' dir='ltr'><strong>et</strong></span> <span class='ocrx_word' id='word_1_58' title='bbox 1010 825 1283 878; x_wconf 82' lang='lat' dir='ltr'><strong>adventum</strong></span> <span class='ocrx_word' id='word_1_59' title='bbox 1331 824 1443 896; x_wconf 83' lang='grc'>(41)</span> <span class='ocrx_word' id='word_1_60' title='bbox 1472 826 1656 889; x_wconf 84' lang='lat' dir='ltr'><strong>ipsius,</strong></span> <span class='ocrx_word' id='word_1_61' title='bbox 1688 833 1735 878; x_wconf 88' lang='lat' dir='ltr'><strong>et</strong></span> <span class='ocrx_word' id='word_1_62' title='bbox 1786 839 1996 894; x_wconf 82' lang='lat' dir='ltr'><strong><em>regnum</em></strong></span> 
     </span>
    </p>
   </div>
   <div class='ocr_carea' id='block_1_11' title="bbox 425 910 2038 989">
    <p class='ocr_par' dir='ltr' id='par_1_11' title="bbox 425 910 2038 989">
     <span class='ocr_line' id='line_1_11' title="bbox 425 910 2038 989; baseline -0.004 -16"><span class='ocrx_word' id='word_1_63' title='bbox 425 919 557 989; x_wconf 89' lang='lat' dir='ltr'><strong>ejus,</strong></span> <span class='ocrx_word' id='word_1_64' title='bbox 589 919 820 986; x_wconf 76' lang='lat' dir='ltr'><strong>priedira</strong></span> <span class='ocrx_word' id='word_1_65' title='bbox 862 915 1111 971; x_wconf 81' lang='lat' dir='ltr'><strong>Verbum.</strong></span> <span class='ocrx_word' id='word_1_66' title='bbox 1143 915 1484 970; x_wconf 80' lang='lat' dir='ltr'><strong>Manifestum</strong></span> <span class='ocrx_word' id='word_1_67' title='bbox 1529 931 1691 986; x_wconf 90' lang='lat' dir='ltr'><strong>porro</strong></span> <span class='ocrx_word' id='word_1_68' title='bbox 1716 926 1821 980; x_wconf 89' lang='lat' dir='ltr'><strong>est,</strong></span> <span class='ocrx_word' id='word_1_69' title='bbox 1860 915 2000 968; x_wconf 89' lang='lat' dir='ltr'><strong>Paii-</strong></span> <span class='ocrx_word' id='word_1_70' title='bbox 2035 910 2038 914; x_wconf 75' lang='grc'><em>’</em></span> 
     </span>
    </p>
   </div>
   <div class='ocr_carea' id='block_1_12' title="bbox 427 1007 1998 1079">
    <p class='ocr_par' dir='ltr' id='par_1_12' title="bbox 427 1007 1998 1079">
     <span class='ocr_line' id='line_1_12' title="bbox 427 1007 1998 1079; baseline -0.003 -17"><span class='ocrx_word' id='word_1_71' title='bbox 427 1011 535 1062; x_wconf 91' lang='lat' dir='ltr'><strong>lum</strong></span> <span class='ocrx_word' id='word_1_72' title='bbox 562 1009 626 1064; x_wconf 93' lang='lat' dir='ltr'><strong>de</strong></span> <span class='ocrx_word' id='word_1_73' title='bbox 662 1022 828 1079; x_wconf 81' lang='lat' dir='ltr'><strong>regno</strong></span> <span class='ocrx_word' id='word_1_74' title='bbox 873 1007 1036 1076; x_wconf 87' lang='lat' dir='ltr'><strong>loqui,</strong></span> <span class='ocrx_word' id='word_1_75' title='bbox 1066 1008 1206 1076; x_wconf 86' lang='lat' dir='ltr'><strong>quod</strong></span> <span class='ocrx_word' id='word_1_76' title='bbox 1242 1007 1560 1072; x_wconf 89' lang='lat' dir='ltr'><strong>indivisum,</strong></span> <span class='ocrx_word' id='word_1_77' title='bbox 1591 1021 1653 1060; x_wconf 88' lang='lat' dir='ltr'><strong>ac</strong></span> <span class='ocrx_word' id='word_1_78' title='bbox 1685 1015 1998 1076; x_wconf 90' lang='lat' dir='ltr'><strong>perpetuum</strong></span> 
     </span>
    </p>
   </div>
   <div class='ocr_carea' id='block_1_13' title="bbox 426 1095 1998 1168">
    <p class='ocr_par' dir='ltr' id='par_1_13' title="bbox 426 1095 1998 1168">
     <span class='ocr_line' id='line_1_13' title="bbox 426 1095 1998 1168; baseline -0.004 -13"><span class='ocrx_word' id='word_1_79' title='bbox 426 1117 528 1155; x_wconf 87' lang='lat' dir='ltr'><strong>una</strong></span> <span class='ocrx_word' id='word_1_80' title='bbox 557 1116 676 1155; x_wconf 90' lang='lat' dir='ltr'><strong>cum</strong></span> <span class='ocrx_word' id='word_1_81' title='bbox 704 1100 882 1164; x_wconf 85' lang='lat' dir='ltr'><strong>Patre,</strong></span> <span class='ocrx_word' id='word_1_82' title='bbox 915 1109 969 1154; x_wconf 90' lang='lat' dir='ltr'><strong>et</strong></span> <span class='ocrx_word' id='word_1_83' title='bbox 997 1098 1206 1168; x_wconf 88' lang='lat' dir='ltr'><strong>Spiritu</strong></span> <span class='ocrx_word' id='word_1_84' title='bbox 1245 1107 1434 1152; x_wconf 88' lang='lat' dir='ltr'><strong>sancto</strong></span> <span class='ocrx_word' id='word_1_85' title='bbox 1465 1107 1520 1153; x_wconf 90' lang='lat' dir='ltr'><strong>et</strong></span> <span class='ocrx_word' id='word_1_86' title='bbox 1554 1113 1715 1160; x_wconf 91' lang='lat' dir='ltr'><strong>nunc,</strong></span> <span class='ocrx_word' id='word_1_87' title='bbox 1743 1106 1796 1151; x_wconf 88' lang='lat' dir='ltr'><strong>et</strong></span> <span class='ocrx_word' id='word_1_88' title='bbox 1831 1097 1881 1150; x_wconf 92' lang='lat' dir='ltr'><strong>in</strong></span> <span class='ocrx_word' id='word_1_89' title='bbox 1913 1095 1998 1149; x_wconf 83' lang='lat' dir='ltr'><strong>fu-</strong></span> 
     </span>
    </p>
   </div>
   <div class='ocr_carea' id='block_1_14' title="bbox 425 1187 1996 1248">
    <p class='ocr_par' dir='ltr' id='par_1_14' title="bbox 425 1187 1996 1248">
     <span class='ocr_line' id='line_1_14' title="bbox 425 1187 1996 1248; baseline -0.004 -1"><span class='ocrx_word' id='word_1_90' title='bbox 425 1203 546 1247; x_wconf 89' lang='lat' dir='ltr'><strong>turo</strong></span> <span class='ocrx_word' id='word_1_91' title='bbox 578 1195 776 1248; x_wconf 70' lang='lat' dir='ltr'><strong>saeculo</strong></span> <span class='ocrx_word' id='word_1_92' title='bbox 812 1193 975 1248; x_wconf 82' lang='lat' dir='ltr'><strong>habet</strong></span> <span class='ocrx_word' id='word_1_93' title='bbox 1018 1191 1208 1246; x_wconf 85' lang='lat' dir='ltr'><strong>Filius.</strong></span> <span class='ocrx_word' id='word_1_94' title='bbox 1242 1190 1321 1243; x_wconf 81' lang='lat' dir='ltr'><strong>Ad</strong></span> <span class='ocrx_word' id='word_1_95' title='bbox 1363 1189 1618 1244; x_wconf 69' lang='lat' dir='ltr'><strong>Hebraeos</strong></span> <span class='ocrx_word' id='word_1_96' title='bbox 1654 1199 1832 1244; x_wconf 88' lang='lat' dir='ltr'><strong>autem</strong></span> <span class='ocrx_word' id='word_1_97' title='bbox 1871 1207 1884 1242; x_wconf 91' lang='lat'><strong>:</strong></span> <span class='ocrx_word' id='word_1_98' title='bbox 1928 1187 1996 1241; x_wconf 85' lang='lat' dir='ltr'><strong>Et</strong></span> 
     </span>
    </p>
   </div>
   <div class='ocr_carea' id='block_1_15' title="bbox 422 1279 1998 1355">
    <p class='ocr_par' dir='ltr' id='par_1_15' title="bbox 422 1279 1998 1355">
     <span class='ocr_line' id='line_1_15' title="bbox 422 1279 1998 1355; baseline -0.004 -17"><span class='ocrx_word' id='word_1_99' title='bbox 422 1286 491 1338; x_wconf 85' lang='lat' dir='ltr'><strong>ad</strong></span> <span class='ocrx_word' id='word_1_100' title='bbox 533 1284 646 1355; x_wconf 65' lang='grc' dir='ltr'><em>(ιε)</em></span> <span class='ocrx_word' id='word_1_101' title='bbox 699 1283 909 1352; x_wconf 88' lang='lat' dir='ltr'><strong>angelos</strong></span> <span class='ocrx_word' id='word_1_102' title='bbox 961 1283 1172 1350; x_wconf 85' lang='lat' dir='ltr'><strong>quidem</strong></span> <span class='ocrx_word' id='word_1_103' title='bbox 1219 1283 1346 1335; x_wconf 81' lang='lat' dir='ltr'><strong>dicit</strong></span> <span class='ocrx_word' id='word_1_104' title='bbox 1401 1295 1420 1333; x_wconf 90' lang='lat'><strong><em>:</em></strong></span> <span class='ocrx_word' id='word_1_105' title='bbox 1461 1281 1562 1345; x_wconf 84' lang='lat' dir='ltr'><strong>Qui</strong></span> <span class='ocrx_word' id='word_1_106' title='bbox 1605 1281 1729 1348; x_wconf 78' lang='lat' dir='ltr'><strong>facit</strong></span> <span class='ocrx_word' id='word_1_107' title='bbox 1789 1279 1998 1350; x_wconf 87' lang='lat' dir='ltr'><strong>angelos</strong></span> 
     </span>
    </p>
   </div>
   <div class='ocr_carea' id='block_1_16' title="bbox 420 1370 1998 1442">
    <p class='ocr_par' dir='ltr' id='par_1_16' title="bbox 420 1370 1998 1442">
     <span class='ocr_line' id='line_1_16' title="bbox 420 1370 1998 1442; baseline -0.006 -12"><span class='ocrx_word' id='word_1_108' title='bbox 420 1392 542 1431; x_wconf 88' lang='lat' dir='ltr'><strong>suos</strong></span> <span class='ocrx_word' id='word_1_109' title='bbox 568 1377 803 1442; x_wconf 88' lang='lat' dir='ltr'><strong>spiritus,</strong></span> <span class='ocrx_word' id='word_1_110' title='bbox 844 1387 889 1428; x_wconf 87' lang='lat' dir='ltr'><strong>et</strong></span> <span class='ocrx_word' id='word_1_111' title='bbox 921 1375 1189 1427; x_wconf 86' lang='lat' dir='ltr'><strong>ministros</strong></span> <span class='ocrx_word' id='word_1_112' title='bbox 1221 1389 1341 1425; x_wconf 89' lang='lat' dir='ltr'><strong>suos</strong></span> <span class='ocrx_word' id='word_1_113' title='bbox 1391 1373 1660 1439; x_wconf 81' lang='lat' dir='ltr'><strong>ﬂammam</strong></span> <span class='ocrx_word' id='word_1_114' title='bbox 1707 1372 1862 1440; x_wconf 82' lang='lat' dir='ltr'><strong>ignis.</strong></span> <span class='ocrx_word' id='word_1_115' title='bbox 1916 1370 1998 1421; x_wconf 79' lang='grc' dir='ltr'><em>Αιι</em></span> 
     </span>
    </p>
   </div>
   <div class='ocr_carea' id='block_1_17' title="bbox 424 1463 2000 1526">
    <p class='ocr_par' dir='ltr' id='par_1_17' title="bbox 424 1463 2000 1526">
     <span class='ocr_line' id='line_1_17' title="bbox 424 1463 2000 1526; baseline -0.004 -6"><span class='ocrx_word' id='word_1_116' title='bbox 424 1464 626 1521; x_wconf 83' lang='lat' dir='ltr'><strong>Filium</strong></span> <span class='ocrx_word' id='word_1_117' title='bbox 653 1478 822 1520; x_wconf 84' lang='lat' dir='ltr'><strong>autem</strong></span> <span class='ocrx_word' id='word_1_118' title='bbox 850 1480 868 1518; x_wconf 91' lang='lat'><strong><em>:</em></strong></span> <span class='ocrx_word' id='word_1_119' title='bbox 898 1463 1136 1518; x_wconf 87' lang='lat' dir='ltr'><strong>Tlironus</strong></span> <span class='ocrx_word' id='word_1_120' title='bbox 1167 1475 1309 1525; x_wconf 89' lang='lat' dir='ltr'><strong>tuus,</strong></span> <span class='ocrx_word' id='word_1_121' title='bbox 1350 1463 1509 1526; x_wconf 90' lang='lat' dir='ltr'><strong>Deus,</strong></span> <span class='ocrx_word' id='word_1_122' title='bbox 1541 1464 1596 1515; x_wconf 91' lang='lat' dir='ltr'><strong>in</strong></span> <span class='ocrx_word' id='word_1_123' title='bbox 1619 1463 1866 1516; x_wconf 73' lang='lat' dir='ltr'><strong>sa&#39;culum</strong></span> <span class='ocrx_word' id='word_1_124' title='bbox 1901 1478 2000 1514; x_wconf 72' lang='lat' dir='ltr'><strong>sa:-</strong></span> 
     </span>
    </p>
   </div>
   <div class='ocr_carea' id='block_1_18' title="bbox 421 1553 1997 1625">
    <p class='ocr_par' dir='ltr' id='par_1_18' title="bbox 421 1553 1997 1625">
     <span class='ocr_line' id='line_1_18' title="bbox 421 1553 1997 1625; baseline -0.004 -13"><span class='ocrx_word' id='word_1_125' title='bbox 421 1558 546 1612; x_wconf 84' lang='lat' dir='ltr'><strong>culi.</strong></span> <span class='ocrx_word' id='word_1_126' title='bbox 597 1557 677 1612; x_wconf 74' lang='lat' dir='ltr'><strong>Ac</strong></span> <span class='ocrx_word' id='word_1_127' title='bbox 727 1557 893 1611; x_wconf 88' lang='lat' dir='ltr'><strong>David</strong></span> <span class='ocrx_word' id='word_1_128' title='bbox 959 1556 1011 1610; x_wconf 92' lang='lat' dir='ltr'><strong>in</strong></span> <span class='ocrx_word' id='word_1_129' title='bbox 1075 1571 1200 1609; x_wconf 64' lang='grc' dir='ltr'><strong>πων</strong></span> <span class='ocrx_word' id='word_1_130' title='bbox 1255 1555 1462 1625; x_wconf 89' lang='lat' dir='ltr'><strong>psalmo</strong></span> <span class='ocrx_word' id='word_1_131' title='bbox 1516 1571 1530 1608; x_wconf 89' lang='lat'><strong>:</strong></span> <span class='ocrx_word' id='word_1_132' title='bbox 1590 1553 1825 1607; x_wconf 86' lang='lat' dir='ltr'><strong>Tlironus</strong></span> <span class='ocrx_word' id='word_1_133' title='bbox 1885 1553 1997 1623; x_wconf 77' lang='grc'>(45)</span> 
     </span>
    </p>
   </div>
   <div class='ocr_carea' id='block_1_19' title="bbox 422 1644 1996 1713">
    <p class='ocr_par' dir='ltr' id='par_1_19' title="bbox 422 1644 1996 1713">
     <span class='ocr_line' id='line_1_19' title="bbox 422 1644 1996 1713; baseline -0.004 -12"><span class='ocrx_word' id='word_1_134' title='bbox 422 1661 583 1712; x_wconf 88' lang='lat' dir='ltr'><strong>tuus,</strong></span> <span class='ocrx_word' id='word_1_135' title='bbox 642 1647 818 1713; x_wconf 89' lang='lat' dir='ltr'><strong>Deus,</strong></span> <span class='ocrx_word' id='word_1_136' title='bbox 864 1648 918 1700; x_wconf 87' lang='lat' dir='ltr'><strong>in</strong></span> <span class='ocrx_word' id='word_1_137' title='bbox 987 1645 1236 1700; x_wconf 82' lang='lat' dir='ltr'><strong>ueculum</strong></span> <span class='ocrx_word' id='word_1_138' title='bbox 1299 1644 1519 1707; x_wconf 67' lang='lat' dir='ltr'><strong>seaculi;</strong></span> <span class='ocrx_word' id='word_1_139' title='bbox 1588 1645 1732 1712; x_wconf 79' lang='lat' dir='ltr'><strong>uirga</strong></span> <span class='ocrx_word' id='word_1_140' title='bbox 1782 1645 1996 1697; x_wconf 87' lang='lat' dir='ltr'><strong>rectitu-</strong></span> 
     </span>
    </p>
   </div>
   <div class='ocr_carea' id='block_1_20' title="bbox 2101 453 3661 532">
    <p class='ocr_par' dir='ltr' id='par_1_20' title="bbox 2101 453 3661 532">
     <span class='ocr_line' id='line_1_20' title="bbox 2101 453 3661 532; baseline -0.004 -17"><span class='ocrx_word' id='word_1_141' title='bbox 2101 463 2246 530; x_wconf 84' lang='grc' dir='ltr'><strong>λέγει</strong></span> <span class='ocrx_word' id='word_1_142' title='bbox 2285 461 2383 532; x_wconf 79' lang='grc' dir='ltr'><strong>τὴν</strong></span> <span class='ocrx_word' id='word_1_143' title='bbox 2441 459 2578 524; x_wconf 78' lang='grc' dir='ltr'><strong>μετὰ</strong></span> <span class='ocrx_word' id='word_1_144' title='bbox 2628 458 2726 529; x_wconf 70' lang='grc' dir='ltr'><strong>ςὴν</strong></span> <span class='ocrx_word' id='word_1_145' title='bbox 2780 459 3097 512; x_wconf 80' lang='grc' dir='ltr'><strong>ἀνάστασιν.</strong></span> <span class='ocrx_word' id='word_1_146' title='bbox 3144 458 3282 510; x_wconf 80' lang='grc' dir='ltr'><em>Πότε</em></span> <span class='ocrx_word' id='word_1_147' title='bbox 3327 453 3422 511; x_wconf 73' lang='grc' dir='ltr'><em>οὖν</em></span> <span class='ocrx_word' id='word_1_148' title='bbox 3470 457 3661 523; x_wconf 71' lang='grc' dir='ltr'><em>λοιπὸν,</em></span> 
     </span>
    </p>
   </div>
   <div class='ocr_carea' id='block_1_21' title="bbox 2101 549 3659 622">
    <p class='ocr_par' dir='ltr' id='par_1_21' title="bbox 2101 549 3659 622">
     <span class='ocr_line' id='line_1_21' title="bbox 2101 549 3659 622; baseline -0.004 -14"><span class='ocrx_word' id='word_1_149' title='bbox 2101 553 2219 608; x_wconf 82' lang='grc' dir='ltr'><strong>κατ’</strong></span> <span class='ocrx_word' id='word_1_150' title='bbox 2265 552 2538 615; x_wconf 77' lang='grc' dir='ltr'><em>ἐκείνους,</em></span> <span class='ocrx_word' id='word_1_151' title='bbox 2593 550 2924 620; x_wconf 78' lang='grc' dir='ltr'><em>παραδίδωσι</em></span> <span class='ocrx_word' id='word_1_152' title='bbox 2955 550 3053 620; x_wconf 82' lang='grc' dir='ltr'><strong>τὴν</strong></span> <span class='ocrx_word' id='word_1_153' title='bbox 3084 549 3397 619; x_wconf 52' lang='lat' dir='ltr'><strong>ﬁas-tisicus;</strong></span> <span class='ocrx_word' id='word_1_154' title='bbox 3446 551 3585 622; x_wconf 67' lang='grc' dir='ltr'><em>Πρὸς</em></span> <span class='ocrx_word' id='word_1_155' title='bbox 3613 552 3659 602; x_wconf 75' lang='grc' dir='ltr'><em>δὲ</em></span> 
     </span>
    </p>
   </div>
   <div class='ocr_carea' id='block_1_22' title="bbox 2100 643 3657 717">
    <p class='ocr_par' dir='ltr' id='par_1_22' title="bbox 2100 643 3657 717">
     <span class='ocr_line' id='line_1_22' title="bbox 2100 643 3657 717; baseline -0.003 -17"><span class='ocrx_word' id='word_1_156' title='bbox 2100 645 2360 717; x_wconf 83' lang='grc' dir='ltr'><em>Τιμόθεον</em></span> <span class='ocrx_word' id='word_1_157' title='bbox 2382 647 2440 698; x_wconf 82' lang='grc' dir='ltr'><em>ὲν</em></span> <span class='ocrx_word' id='word_1_158' title='bbox 2480 647 2546 715; x_wconf 75' lang='grc' dir='ltr'><strong>τῇ</strong></span> <span class='ocrx_word' id='word_1_159' title='bbox 2575 644 2802 715; x_wconf 78' lang='grc' dir='ltr'><strong>δευτέρᾳ</strong></span> <span class='ocrx_word' id='word_1_160' title='bbox 2848 643 3168 713; x_wconf 85' lang='grc' dir='ltr'><strong>Ἐπιστολῆ·</strong></span> <span class='ocrx_word' id='word_1_161' title='bbox 3207 645 3657 712; x_wconf 75' lang='grc' dir='ltr'><strong>Διαμαρτύρομαι</strong></span> 
     </span>
    </p>
   </div>
   <div class='ocr_carea' id='block_1_23' title="bbox 2099 734 3663 803">
    <p class='ocr_par' dir='ltr' id='par_1_23' title="bbox 2099 734 3663 803">
     <span class='ocr_line' id='line_1_23' title="bbox 2099 734 3663 803; baseline -0.001 -13"><span class='ocrx_word' id='word_1_162' title='bbox 2099 736 2354 790; x_wconf 77' lang='grc' dir='ltr'><em>ἐνώπιον</em></span> <span class='ocrx_word' id='word_1_163' title='bbox 2377 735 2484 788; x_wconf 85' lang='grc' dir='ltr'><em>τοῦ</em></span> <span class='ocrx_word' id='word_1_164' title='bbox 2530 734 2679 788; x_wconf 86' lang='grc' dir='ltr'><strong>Θεοῦ</strong></span> <span class='ocrx_word' id='word_1_165' title='bbox 2715 734 2812 787; x_wconf 78' lang='grc' dir='ltr'><em>καὶ</em></span> <span class='ocrx_word' id='word_1_166' title='bbox 2843 734 3105 802; x_wconf 81' lang='grc' dir='ltr'><strong>Χριστοῦ</strong></span> <span class='ocrx_word' id='word_1_167' title='bbox 3169 735 3369 800; x_wconf 87' lang='grc' dir='ltr'><em>Ἰησοῦ</em></span> <span class='ocrx_word' id='word_1_168' title='bbox 3412 734 3517 787; x_wconf 85' lang='grc' dir='ltr'><strong>τοῦ</strong></span> <span class='ocrx_word' id='word_1_169' title='bbox 3541 736 3663 803; x_wconf 57' lang='grc' dir='ltr'><strong>μέλ-</strong></span> 
     </span>
    </p>
   </div>
   <div class='ocr_carea' id='block_1_24' title="bbox 2097 824 3662 895">
    <p class='ocr_par' dir='ltr' id='par_1_24' title="bbox 2097 824 3662 895">
     <span class='ocr_line' id='line_1_24' title="bbox 2097 824 3662 895; baseline -0.003 -14"><span class='ocrx_word' id='word_1_170' title='bbox 2097 831 2315 892; x_wconf 75' lang='grc' dir='ltr'><em>λοντος</em></span> <span class='ocrx_word' id='word_1_171' title='bbox 2368 826 2595 895; x_wconf 83' lang='grc' dir='ltr'><em>κρίνειν</em></span> <span class='ocrx_word' id='word_1_172' title='bbox 2644 824 2863 890; x_wconf 79' lang='grc' dir='ltr'><em>ζῶντας</em></span> <span class='ocrx_word' id='word_1_173' title='bbox 2919 826 3019 878; x_wconf 75' lang='grc' dir='ltr'><strong>καὶ</strong></span> <span class='ocrx_word' id='word_1_174' title='bbox 3066 827 3352 893; x_wconf 69' lang='grc' dir='ltr'><em>νεκρούς*</em></span> <span class='ocrx_word' id='word_1_175' title='bbox 3403 825 3506 878; x_wconf 76' lang='grc' dir='ltr'><em>καὶ</em></span> <span class='ocrx_word' id='word_1_176' title='bbox 3567 828 3662 890; x_wconf 72' lang='grc' dir='ltr'><strong>τὴν</strong></span> 
     </span>
    </p>
   </div>
   <div class='ocr_carea' id='block_1_25' title="bbox 2097 915 3661 989">
    <p class='ocr_par' dir='ltr' id='par_1_25' title="bbox 2097 915 3661 989">
     <span class='ocr_line' id='line_1_25' title="bbox 2097 915 3661 989; baseline -0.004 -16"><span class='ocrx_word' id='word_1_177' title='bbox 2097 919 2450 989; x_wconf 67' lang='grc' dir='ltr'><em>ἐπιφάνειαν</em></span> <span class='ocrx_word' id='word_1_178' title='bbox 2477 918 2684 979; x_wconf 84' lang='grc' dir='ltr'><em>αὐτοῦ,</em></span> <span class='ocrx_word' id='word_1_179' title='bbox 2703 917 2799 970; x_wconf 78' lang='grc' dir='ltr'><em>καὶ</em></span> <span class='ocrx_word' id='word_1_180' title='bbox 2829 916 2946 985; x_wconf 77' lang='grc' dir='ltr'><em>τὴν</em></span> <span class='ocrx_word' id='word_1_181' title='bbox 2973 916 3302 982; x_wconf 74' lang='grc' dir='ltr'><em>,ϐασιλείαν</em></span> <span class='ocrx_word' id='word_1_182' title='bbox 3333 915 3543 978; x_wconf 74' lang='grc' dir='ltr'><em>αὐτοῦ,</em></span> <span class='ocrx_word' id='word_1_183' title='bbox 3570 917 3661 979; x_wconf 72' lang='grc' dir='ltr'><strong>κή-</strong></span> 
     </span>
    </p>
   </div>
   <div class='ocr_carea' id='block_1_26' title="bbox 2091 1006 3662 1080">
    <p class='ocr_par' dir='ltr' id='par_1_26' title="bbox 2091 1006 3662 1080">
     <span class='ocr_line' id='line_1_26' title="bbox 2091 1006 3662 1080; baseline -0.008 -15"><span class='ocrx_word' id='word_1_184' title='bbox 2091 1012 2285 1080; x_wconf 80' lang='grc' dir='ltr'><em>ρυξον</em></span> <span class='ocrx_word' id='word_1_185' title='bbox 2309 1011 2415 1063; x_wconf 81' lang='grc' dir='ltr'><strong>τὸν</strong></span> <span class='ocrx_word' id='word_1_186' title='bbox 2441 1009 2652 1078; x_wconf 81' lang='grc' dir='ltr'><em>Λόγον.</em></span> <span class='ocrx_word' id='word_1_187' title='bbox 2691 1008 2865 1076; x_wconf 81' lang='grc' dir='ltr'><em>Σαφὲς</em></span> <span class='ocrx_word' id='word_1_188' title='bbox 2894 1007 2972 1066; x_wconf 83' lang='grc' dir='ltr'><em>δὲ,</em></span> <span class='ocrx_word' id='word_1_189' title='bbox 3003 1009 3082 1060; x_wconf 77' lang='grc' dir='ltr'><strong>ὅτι</strong></span> <span class='ocrx_word' id='word_1_190' title='bbox 3117 1006 3392 1078; x_wconf 81' lang='grc' dir='ltr'><em>βασιλείαν</em></span> <span class='ocrx_word' id='word_1_191' title='bbox 3421 1007 3585 1073; x_wconf 76' lang='grc' dir='ltr'><em>λέγει,</em></span> <span class='ocrx_word' id='word_1_192' title='bbox 3608 1008 3662 1074; x_wconf 66' lang='grc' dir='ltr'><em>ἦν</em></span> 
     </span>
    </p>
   </div>
   <div class='ocr_carea' id='block_1_27' title="bbox 2099 1097 3660 1171">
    <p class='ocr_par' dir='ltr' id='par_1_27' title="bbox 2099 1097 3660 1171">
     <span class='ocr_line' id='line_1_27' title="bbox 2099 1097 3660 1171; baseline -0.004 -17"><span class='ocrx_word' id='word_1_193' title='bbox 2099 1102 2212 1171; x_wconf 80' lang='grc' dir='ltr'><em>ἔχει</em></span> <span class='ocrx_word' id='word_1_194' title='bbox 2237 1100 2557 1171; x_wconf 83' lang='grc' dir='ltr'><em>ἀδιαίρετον,</em></span> <span class='ocrx_word' id='word_1_195' title='bbox 2585 1099 2677 1152; x_wconf 74' lang='grc' dir='ltr'><strong>καὶ</strong></span> <span class='ocrx_word' id='word_1_196' title='bbox 2711 1098 2988 1168; x_wconf 80' lang='grc' dir='ltr'><em>ἀδιάδοχον</em></span> <span class='ocrx_word' id='word_1_197' title='bbox 3033 1097 3169 1169; x_wconf 80' lang='grc' dir='ltr'><strong>μετὰ</strong></span> <span class='ocrx_word' id='word_1_198' title='bbox 3198 1097 3292 1150; x_wconf 77' lang='grc' dir='ltr'><strong>τοῦ</strong></span> <span class='ocrx_word' id='word_1_199' title='bbox 3323 1099 3439 1150; x_wconf 84' lang='grc' dir='ltr'><em>Πατ</em></span> <span class='ocrx_word' id='word_1_200' title='bbox 3451 1098 3560 1167; x_wconf 78' lang='grc' dir='ltr'><em>ρὸς,</em></span> <span class='ocrx_word' id='word_1_201' title='bbox 3585 1099 3660 1149; x_wconf 71' lang='grc' dir='ltr'><strong>καὶ</strong></span> 
     </span>
    </p>
   </div>
   <div class='ocr_carea' id='block_1_28' title="bbox 2098 1188 3660 1262">
    <p class='ocr_par' dir='ltr' id='par_1_28' title="bbox 2098 1188 3660 1262">
     <span class='ocr_line' id='line_1_28' title="bbox 2098 1188 3660 1262; baseline -0.005 -14"><span class='ocrx_word' id='word_1_202' title='bbox 2098 1195 2190 1248; x_wconf 81' lang='grc' dir='ltr'><strong>τοῦ</strong></span> <span class='ocrx_word' id='word_1_203' title='bbox 2217 1195 2371 1262; x_wconf 83' lang='grc' dir='ltr'><strong>ἁγίου</strong></span> <span class='ocrx_word' id='word_1_204' title='bbox 2410 1192 2758 1260; x_wconf 79' lang='grc' dir='ltr'><em>Πνεύματος,</em></span> <span class='ocrx_word' id='word_1_205' title='bbox 2794 1191 2887 1244; x_wconf 80' lang='grc' dir='ltr'><em>νῦν</em></span> <span class='ocrx_word' id='word_1_206' title='bbox 2932 1207 2992 1242; x_wconf 84' lang='grc' dir='ltr'><em>τε</em></span> <span class='ocrx_word' id='word_1_207' title='bbox 3042 1191 3135 1243; x_wconf 79' lang='grc' dir='ltr'><strong>καὶ</strong></span> <span class='ocrx_word' id='word_1_208' title='bbox 3163 1191 3242 1252; x_wconf 80' lang='grc' dir='ltr'><em>εἰς</em></span> <span class='ocrx_word' id='word_1_209' title='bbox 3271 1189 3363 1241; x_wconf 81' lang='grc' dir='ltr'><strong>τὸν</strong></span> <span class='ocrx_word' id='word_1_210' title='bbox 3419 1188 3660 1259; x_wconf 76' lang='grc' dir='ltr'><em>μέλλοντα</em></span> 
     </span>
    </p>
   </div>
   <div class='ocr_carea' id='block_1_29' title="bbox 2099 1280 3662 1356">
    <p class='ocr_par' dir='ltr' id='par_1_29' title="bbox 2099 1280 3662 1356">
     <span class='ocr_line' id='line_1_29' title="bbox 2099 1280 3662 1356; baseline -0.003 -20"><span class='ocrx_word' id='word_1_211' title='bbox 2099 1283 2292 1337; x_wconf 80' lang='grc' dir='ltr'><em>αἰῶνα.</em></span> <span class='ocrx_word' id='word_1_212' title='bbox 2341 1283 2485 1356; x_wconf 75' lang='grc' dir='ltr'><em>Πρὸς</em></span> <span class='ocrx_word' id='word_1_213' title='bbox 2536 1283 2594 1335; x_wconf 79' lang='grc' dir='ltr'><em>δὲ</em></span> <span class='ocrx_word' id='word_1_214' title='bbox 2654 1281 2973 1351; x_wconf 74' lang='grc' dir='ltr'><em>Ἑϐραίους·</em></span> <span class='ocrx_word' id='word_1_215' title='bbox 3031 1280 3138 1334; x_wconf 78' lang='lat' dir='ltr'><strong>Kal</strong></span> <span class='ocrx_word' id='word_1_216' title='bbox 3191 1281 3338 1347; x_wconf 77' lang='grc' dir='ltr'><em>πρὸς</em></span> <span class='ocrx_word' id='word_1_217' title='bbox 3385 1281 3505 1347; x_wconf 81' lang='grc' dir='ltr'><em>μὲν</em></span> <span class='ocrx_word' id='word_1_218' title='bbox 3541 1281 3662 1342; x_wconf 66' lang='grc' dir='ltr'><em>τοὺς·</em></span> 
     </span>
    </p>
   </div>
   <div class='ocr_carea' id='block_1_30' title="bbox 2098 1372 3660 1444">
    <p class='ocr_par' dir='ltr' id='par_1_30' title="bbox 2098 1372 3660 1444">
     <span class='ocr_line' id='line_1_30' title="bbox 2098 1372 3660 1444; baseline -0.003 -15"><span class='ocrx_word' id='word_1_219' title='bbox 2098 1373 2390 1444; x_wconf 67' lang='grc' dir='ltr'><strong>άγγέλους</strong></span> <span class='ocrx_word' id='word_1_220' title='bbox 2437 1374 2618 1444; x_wconf 70' lang='grc' dir='ltr'><em>λέγει·</em></span> <span class='ocrx_word' id='word_1_221' title='bbox 2667 1375 2728 1426; x_wconf 87' lang='grc' dir='ltr'><strong>Ὀ</strong></span> <span class='ocrx_word' id='word_1_222' title='bbox 2773 1372 2960 1425; x_wconf 83' lang='grc' dir='ltr'><em>ποιῶν</em></span> <span class='ocrx_word' id='word_1_223' title='bbox 3001 1372 3142 1437; x_wconf 83' lang='grc' dir='ltr'><em>τοὺς</em></span> <span class='ocrx_word' id='word_1_224' title='bbox 3173 1374 3472 1441; x_wconf 66' lang='grc' dir='ltr'><strong>ἀγγέλους</strong></span> <span class='ocrx_word' id='word_1_225' title='bbox 3495 1374 3660 1425; x_wconf 66' lang='grc' dir='ltr'><em>αὑτοῖ-</em></span> 
     </span>
    </p>
   </div>
   <div class='ocr_carea' id='block_1_31' title="bbox 2099 1464 3660 1536">
    <p class='ocr_par' dir='ltr' id='par_1_31' title="bbox 2099 1464 3660 1536">
     <span class='ocr_line' id='line_1_31' title="bbox 2099 1464 3660 1536; baseline -0.003 -16"><span class='ocrx_word' id='word_1_226' title='bbox 2099 1469 2426 1536; x_wconf 78' lang='grc' dir='ltr'><em>πνεύματα,</em></span> <span class='ocrx_word' id='word_1_227' title='bbox 2471 1468 2564 1519; x_wconf 75' lang='grc' dir='ltr'><em>καὶ</em></span> <span class='ocrx_word' id='word_1_228' title='bbox 2615 1467 2755 1532; x_wconf 74' lang='grc' dir='ltr'><em>τοὺς</em></span> <span class='ocrx_word' id='word_1_229' title='bbox 2803 1465 3190 1534; x_wconf 64' lang='grc' dir='ltr'><em>λειτουργοὺς</em></span> <span class='ocrx_word' id='word_1_230' title='bbox 3236 1464 3426 1518; x_wconf 76' lang='grc' dir='ltr'><em>αὑτοῦ</em></span> <span class='ocrx_word' id='word_1_231' title='bbox 3495 1469 3660 1530; x_wconf 57' lang='lat' dir='ltr'><strong>avt-fi:</strong></span> 
     </span>
    </p>
   </div>
   <div class='ocr_carea' id='block_1_32' title="bbox 2097 1553 3658 1622">
    <p class='ocr_par' dir='ltr' id='par_1_32' title="bbox 2097 1553 3658 1622">
     <span class='ocr_line' id='line_1_32' title="bbox 2097 1553 3658 1622; baseline 0.004 -18"><span class='ocrx_word' id='word_1_232' title='bbox 2097 1556 2294 1622; x_wconf 69' lang='grc' dir='ltr'><em>φλόγα</em></span> <span class='ocrx_word' id='word_1_233' title='bbox 2314 1569 2327 1582; x_wconf 89' lang='grc'><strong>·</strong></span> <span class='ocrx_word' id='word_1_234' title='bbox 2368 1555 2514 1619; x_wconf 66' lang='grc' dir='ltr'><em>πρὸς</em></span> <span class='ocrx_word' id='word_1_235' title='bbox 2535 1553 2602 1606; x_wconf 82' lang='grc' dir='ltr'><em>δὲ</em></span> <span class='ocrx_word' id='word_1_236' title='bbox 2629 1554 2736 1606; x_wconf 78' lang='grc' dir='ltr'><em>τὸν</em></span> <span class='ocrx_word' id='word_1_237' title='bbox 2785 1553 2930 1606; x_wconf 75' lang='grc' dir='ltr'><em>ι’ἱὸν·</em></span> <span class='ocrx_word' id='word_1_238' title='bbox 2957 1554 3019 1605; x_wconf 88' lang='lat'><strong>&#39;0</strong></span> <span class='ocrx_word' id='word_1_239' title='bbox 3051 1554 3262 1620; x_wconf 76' lang='grc' dir='ltr'><em>θρόνος</em></span> <span class='ocrx_word' id='word_1_240' title='bbox 3287 1571 3428 1618; x_wconf 87' lang='grc' dir='ltr'><em>σου,</em></span> <span class='ocrx_word' id='word_1_241' title='bbox 3462 1557 3495 1607; x_wconf 84' lang='grc' dir='ltr'><strong>ό</strong></span> <span class='ocrx_word' id='word_1_242' title='bbox 3514 1556 3658 1618; x_wconf 68' lang='grc' dir='ltr'><em>Θεὸς.</em></span> 
     </span>
    </p>
   </div>
   <div class='ocr_carea' id='block_1_33' title="bbox 2097 1645 3657 1717">
    <p class='ocr_par' dir='ltr' id='par_1_33' title="bbox 2097 1645 3657 1717">
     <span class='ocr_line' id='line_1_33' title="bbox 2097 1645 3657 1717; baseline -0.001 -19"><span class='ocrx_word' id='word_1_243' title='bbox 2097 1648 2184 1711; x_wconf 80' lang='grc' dir='ltr'><strong>εις</strong></span> <span class='ocrx_word' id='word_1_244' title='bbox 2213 1646 2319 1698; x_wconf 77' lang='grc' dir='ltr'><em>τὸν</em></span> <span class='ocrx_word' id='word_1_245' title='bbox 2344 1645 2527 1699; x_wconf 81' lang='grc' dir='ltr'><em>αἰῶνα</em></span> <span class='ocrx_word' id='word_1_246' title='bbox 2553 1645 2657 1699; x_wconf 84' lang='grc' dir='ltr'><strong>τοῦ</strong></span> <span class='ocrx_word' id='word_1_247' title='bbox 2686 1645 2925 1712; x_wconf 51' lang='grc' dir='ltr'><em>αἰῶνος</em></span> <span class='ocrx_word' id='word_1_248' title='bbox 2957 1645 3118 1698; x_wconf 79' lang='grc' dir='ltr'><em>Δαυῒδ</em></span> <span class='ocrx_word' id='word_1_249' title='bbox 3145 1645 3201 1698; x_wconf 83' lang='grc' dir='ltr'><em>δὲ</em></span> <span class='ocrx_word' id='word_1_250' title='bbox 3228 1646 3286 1697; x_wconf 84' lang='grc' dir='ltr'><em>ὲν</em></span> <span class='ocrx_word' id='word_1_251' title='bbox 3324 1645 3406 1717; x_wconf 82' lang='grc' dir='ltr'><strong>μδ¹</strong></span> <span class='ocrx_word' id='word_1_252' title='bbox 3447 1646 3657 1715; x_wconf 69' lang='grc' dir='ltr'><strong>ψαλμῷ·</strong></span> 
     </span>
    </p>
   </div>
   <div class='ocr_carea' id='block_1_34' title="bbox 421 1732 1992 1812">
    <p class='ocr_par' dir='ltr' id='par_1_34' title="bbox 421 1736 1992 1808">
     <span class='ocr_line' id='line_1_34' title="bbox 421 1736 1992 1808; baseline -0.003 -16"><span class='ocrx_word' id='word_1_253' title='bbox 421 1742 561 1793; x_wconf 86' lang='lat' dir='ltr'><strong>dinis</strong></span> <span class='ocrx_word' id='word_1_254' title='bbox 605 1741 747 1808; x_wconf 85' lang='lat' dir='ltr'><strong>virga</strong></span> <span class='ocrx_word' id='word_1_255' title='bbox 789 1741 932 1807; x_wconf 91' lang='lat' dir='ltr'><strong>regni</strong></span> <span class='ocrx_word' id='word_1_256' title='bbox 979 1741 1054 1790; x_wconf 89' lang='lat' dir='ltr'><strong>tui</strong></span> <span class='ocrx_word' id='word_1_257' title='bbox 1092 1754 1110 1792; x_wconf 93' lang='lat'><em>:</em></span> <span class='ocrx_word' id='word_1_258' title='bbox 1151 1736 1383 1790; x_wconf 72' lang='lat' dir='ltr'><strong>dilexisti</strong></span> <span class='ocrx_word' id='word_1_259' title='bbox 1408 1736 1699 1805; x_wconf 79' lang='lat' dir='ltr'><strong>justitiam,</strong></span> <span class='ocrx_word' id='word_1_260' title='bbox 1753 1747 1800 1789; x_wconf 87' lang='lat' dir='ltr'><strong>et</strong></span> <span class='ocrx_word' id='word_1_261' title='bbox 1842 1737 1992 1788; x_wconf 80' lang='lat' dir='ltr'><strong>odisti</strong></span> 
     </span>
    </p>
   </div>
   <div class='ocr_carea' id='block_1_35' title="bbox 2105 1732 3658 1812">
    <p class='ocr_par' dir='ltr' id='par_1_35' title="bbox 2105 1737 3658 1812">
     <span class='ocr_line' id='line_1_35' title="bbox 2105 1737 3658 1812; baseline -0.002 -19"><span class='ocrx_word' id='word_1_262' title='bbox 2105 1739 2190 1811; x_wconf 77' lang='grc' dir='ltr'><strong>[Μ</strong></span> <span class='ocrx_word' id='word_1_263' title='bbox 2242 1739 2298 1812; x_wconf 88' lang='lat' dir='ltr'><strong>a]</strong></span> <span class='ocrx_word' id='word_1_264' title='bbox 2339 1741 2398 1793; x_wconf 81' lang='grc' dir='ltr'><strong><em>Ὀ</em></strong></span> <span class='ocrx_word' id='word_1_265' title='bbox 2426 1741 2636 1807; x_wconf 78' lang='grc' dir='ltr'><em>θρόνος</em></span> <span class='ocrx_word' id='word_1_266' title='bbox 2660 1755 2796 1803; x_wconf 79' lang='grc' dir='ltr'><em>σου,</em></span> <span class='ocrx_word' id='word_1_267' title='bbox 2824 1742 2856 1791; x_wconf 87' lang='grc' dir='ltr'><em>ὁ</em></span> <span class='ocrx_word' id='word_1_268' title='bbox 2885 1737 3048 1803; x_wconf 81' lang='grc' dir='ltr'><em>Θεὸς,</em></span> <span class='ocrx_word' id='word_1_269' title='bbox 3088 1737 3170 1802; x_wconf 80' lang='grc' dir='ltr'><em>εἰς</em></span> <span class='ocrx_word' id='word_1_270' title='bbox 3213 1737 3320 1790; x_wconf 72' lang='grc' dir='ltr'><strong>τὸν</strong></span> <span class='ocrx_word' id='word_1_271' title='bbox 3359 1737 3544 1790; x_wconf 72' lang='grc' dir='ltr'><em>αἰῶνα</em></span> <span class='ocrx_word' id='word_1_272' title='bbox 3573 1738 3658 1791; x_wconf 80' lang='grc' dir='ltr'><em>τιῦ</em></span> 
     </span>
    </p>
   </div>
   <div class='ocr_carea' id='block_1_36' title="bbox 421 1827 2003 1901">
    <p class='ocr_par' dir='ltr' id='par_1_36' title="bbox 421 1827 2003 1901">
     <span class='ocr_line' id='line_1_36' title="bbox 421 1827 2003 1901; baseline -0.002 -17"><span class='ocrx_word' id='word_1_273' title='bbox 421 1832 776 1901; x_wconf 87' lang='lat' dir='ltr'><strong>injustitiam:</strong></span> <span class='ocrx_word' id='word_1_274' title='bbox 809 1841 1078 1899; x_wconf 81' lang='lat' dir='ltr'><strong>propterea</strong></span> <span class='ocrx_word' id='word_1_275' title='bbox 1116 1831 1264 1883; x_wconf 74' lang='lat' dir='ltr'><strong>unxit</strong></span> <span class='ocrx_word' id='word_1_276' title='bbox 1320 1839 1390 1891; x_wconf 88' lang='lat' dir='ltr'><strong>te,</strong></span> <span class='ocrx_word' id='word_1_277' title='bbox 1431 1844 1460 1880; x_wconf 90' lang='lat'><strong><em>0</em></strong></span> <span class='ocrx_word' id='word_1_278' title='bbox 1505 1828 1662 1892; x_wconf 87' lang='lat' dir='ltr'><strong>Deus,</strong></span> <span class='ocrx_word' id='word_1_279' title='bbox 1702 1827 1835 1880; x_wconf 90' lang='lat' dir='ltr'><strong>Deus</strong></span> <span class='ocrx_word' id='word_1_280' title='bbox 1883 1838 2003 1881; x_wconf 82' lang='lat' dir='ltr'><strong>tuus</strong></span> 
     </span>
    </p>
   </div>
   <div class='ocr_carea' id='block_1_37' title="bbox 421 1917 2001 1988">
    <p class='ocr_par' dir='ltr' id='par_1_37' title="bbox 421 1917 2001 1988">
     <span class='ocr_line' id='line_1_37' title="bbox 421 1917 2001 1988; baseline -0.002 -15"><span class='ocrx_word' id='word_1_281' title='bbox 421 1924 534 1974; x_wconf 86' lang='lat' dir='ltr'><strong>oleo</strong></span> <span class='ocrx_word' id='word_1_282' title='bbox 573 1922 774 1974; x_wconf 75' lang='lat' dir='ltr'><strong>lwtitiw</strong></span> <span class='ocrx_word' id='word_1_283' title='bbox 833 1935 941 1988; x_wconf 79' lang='lat' dir='ltr'><strong>prie</strong></span> <span class='ocrx_word' id='word_1_284' title='bbox 981 1919 1341 1987; x_wconf 81' lang='lat' dir='ltr'><strong>participibus,</strong></span> <span class='ocrx_word' id='word_1_285' title='bbox 1379 1932 1471 1972; x_wconf 88' lang='lat' dir='ltr'><strong>seu</strong></span> <span class='ocrx_word' id='word_1_286' title='bbox 1507 1917 1830 1971; x_wconf 85' lang='lat' dir='ltr'><strong>consortibus</strong></span> <span class='ocrx_word' id='word_1_287' title='bbox 1877 1919 2001 1970; x_wconf 85' lang='lat' dir='ltr'><strong>tuis.</strong></span> 
     </span>
    </p>
   </div>
   <div class='ocr_carea' id='block_1_38' title="bbox 421 2008 2004 2078">
    <p class='ocr_par' dir='ltr' id='par_1_38' title="bbox 421 2008 2004 2078">
     <span class='ocr_line' id='line_1_38' title="bbox 421 2008 2004 2078; baseline -0.004 -11"><span class='ocrx_word' id='word_1_288' title='bbox 421 2013 682 2078; x_wconf 86' lang='lat' dir='ltr'><strong>Observa,</strong></span> <span class='ocrx_word' id='word_1_289' title='bbox 714 2012 799 2064; x_wconf 91' lang='lat' dir='ltr'><strong>hic</strong></span> <span class='ocrx_word' id='word_1_290' title='bbox 837 2026 1026 2064; x_wconf 86' lang='lat' dir='ltr'><strong>rursus</strong></span> <span class='ocrx_word' id='word_1_291' title='bbox 1061 2025 1279 2078; x_wconf 83' lang='lat' dir='ltr'><strong>regnum</strong></span> <span class='ocrx_word' id='word_1_292' title='bbox 1318 2009 1437 2078; x_wconf 86' lang='lat' dir='ltr'><strong>ejus</strong></span> <span class='ocrx_word' id='word_1_293' title='bbox 1469 2008 1736 2062; x_wconf 81' lang='lat' dir='ltr'><strong>inﬁnitum</strong></span> <span class='ocrx_word' id='word_1_294' title='bbox 1771 2009 1903 2069; x_wconf 91' lang='lat' dir='ltr'><strong>dici,</strong></span> <span class='ocrx_word' id='word_1_295' title='bbox 1949 2019 2004 2062; x_wconf 92' lang='lat' dir='ltr'><strong>et</strong></span> 
     </span>
    </p>
   </div>
   <div class='ocr_carea' id='block_1_39' title="bbox 423 2094 2001 2167">
    <p class='ocr_par' dir='ltr' id='par_1_39' title="bbox 423 2094 2001 2167">
     <span class='ocr_line' id='line_1_39' title="bbox 423 2094 2001 2167; baseline -0.006 -11"><span class='ocrx_word' id='word_1_296' title='bbox 423 2100 674 2156; x_wconf 84' lang='lat' dir='ltr'><strong>deitatem</strong></span> <span class='ocrx_word' id='word_1_297' title='bbox 729 2099 895 2167; x_wconf 83' lang='lat' dir='ltr'><strong>ipsius</strong></span> <span class='ocrx_word' id='word_1_298' title='bbox 940 2098 1343 2166; x_wconf 88' lang='lat' dir='ltr'><strong>sempiternam.</strong></span> <span class='ocrx_word' id='word_1_299' title='bbox 1379 2094 1470 2149; x_wconf 90' lang='lat' dir='ltr'><strong>llla</strong></span> <span class='ocrx_word' id='word_1_300' title='bbox 1503 2111 1628 2150; x_wconf 90' lang='lat' dir='ltr'><strong>vero</strong></span> <span class='ocrx_word' id='word_1_301' title='bbox 1655 2096 1836 2152; x_wconf 88' lang='lat' dir='ltr'><strong>verba.</strong></span> <span class='ocrx_word' id='word_1_302' title='bbox 1867 2097 2001 2148; x_wconf 87' lang='lat' dir='ltr'><strong>Deus</strong></span> 
     </span>
    </p>
   </div>
   <div class='ocr_carea' id='block_1_40' title="bbox 422 2187 1998 2261">
    <p class='ocr_par' dir='ltr' id='par_1_40' title="bbox 422 2187 1998 2261">
     <span class='ocr_line' id='line_1_40' title="bbox 422 2187 1998 2261; baseline -0.006 -15"><span class='ocrx_word' id='word_1_303' title='bbox 422 2203 567 2256; x_wconf 86' lang='lat' dir='ltr'><strong>tuus,</strong></span> <span class='ocrx_word' id='word_1_304' title='bbox 597 2201 814 2261; x_wconf 86' lang='lat' dir='ltr'><strong>propter</strong></span> <span class='ocrx_word' id='word_1_305' title='bbox 846 2188 1170 2243; x_wconf 71' lang='lat' dir='ltr'><strong>iiiell&#39;abilein</strong></span> <span class='ocrx_word' id='word_1_306' title='bbox 1201 2189 1316 2256; x_wconf 87' lang='lat' dir='ltr'><strong>ejus</strong></span> <span class='ocrx_word' id='word_1_307' title='bbox 1353 2187 1789 2240; x_wconf 81' lang='lat' dir='ltr'><strong>liii-ariiationem</strong></span> <span class='ocrx_word' id='word_1_308' title='bbox 1815 2187 1998 2240; x_wconf 83' lang='lat' dir='ltr'><strong>addita</strong></span> 
     </span>
    </p>
   </div>
   <div class='ocr_carea' id='block_1_41' title="bbox 421 2277 1998 2347">
    <p class='ocr_par' dir='ltr' id='par_1_41' title="bbox 421 2277 1998 2347">
     <span class='ocr_line' id='line_1_41' title="bbox 421 2277 1998 2347; baseline -0.006 -10"><span class='ocrx_word' id='word_1_309' title='bbox 421 2292 566 2337; x_wconf 84' lang='lat' dir='ltr'><strong>sunt.</strong></span> <span class='ocrx_word' id='word_1_310' title='bbox 595 2281 658 2334; x_wconf 78' lang='lat' dir='ltr'><strong>Et</strong></span> <span class='ocrx_word' id='word_1_311' title='bbox 688 2281 740 2334; x_wconf 88' lang='lat' dir='ltr'><strong>in</strong></span> <span class='ocrx_word' id='word_1_312' title='bbox 763 2277 1199 2347; x_wconf 73' lang='lat' dir='ltr'><strong>cntvzﬂegnum</strong></span> <span class='ocrx_word' id='word_1_313' title='bbox 1224 2278 1337 2347; x_wconf 82' lang='grc'>(44)</span> <span class='ocrx_word' id='word_1_314' title='bbox 1361 2290 1509 2330; x_wconf 84' lang='lat' dir='ltr'><strong>tuum</strong></span> <span class='ocrx_word' id='word_1_315' title='bbox 1531 2294 1742 2346; x_wconf 79' lang='lat' dir='ltr'><strong>regnum</strong></span> <span class='ocrx_word' id='word_1_316' title='bbox 1767 2278 1998 2330; x_wconf 88' lang='lat' dir='ltr'><strong>omnium</strong></span> 
     </span>
    </p>
   </div>
   <div class='ocr_carea' id='block_1_42' title="bbox 421 2369 1999 2436">
    <p class='ocr_par' dir='ltr' id='par_1_42' title="bbox 421 2369 1999 2436">
     <span class='ocr_line' id='line_1_42' title="bbox 421 2369 1999 2436; baseline -0.006 -10"><span class='ocrx_word' id='word_1_317' title='bbox 421 2373 759 2433; x_wconf 75' lang='lat' dir='ltr'><strong>sa&#39;culorum,</strong></span> <span class='ocrx_word' id='word_1_318' title='bbox 787 2382 833 2424; x_wconf 92' lang='lat' dir='ltr'><strong>et</strong></span> <span class='ocrx_word' id='word_1_319' title='bbox 867 2371 1158 2423; x_wconf 83' lang='lat' dir='ltr'><strong>dominatio</strong></span> <span class='ocrx_word' id='word_1_320' title='bbox 1193 2381 1285 2422; x_wconf 90' lang='lat' dir='ltr'><strong>tua</strong></span> <span class='ocrx_word' id='word_1_321' title='bbox 1320 2373 1374 2420; x_wconf 88' lang='lat' dir='ltr'><strong>in</strong></span> <span class='ocrx_word' id='word_1_322' title='bbox 1415 2370 1556 2421; x_wconf 89' lang='lat' dir='ltr'><strong>omni</strong></span> <span class='ocrx_word' id='word_1_323' title='bbox 1599 2369 1930 2436; x_wconf 86' lang='lat' dir='ltr'><strong>generatione</strong></span> <span class='ocrx_word' id='word_1_324' title='bbox 1953 2378 1999 2418; x_wconf 84' lang='lat' dir='ltr'><strong>et</strong></span> 
     </span>
    </p>
   </div>
   <div class='ocr_carea' id='block_1_43' title="bbox 421 2460 2000 2536">
    <p class='ocr_par' dir='ltr' id='par_1_43' title="bbox 421 2460 2000 2536">
     <span class='ocr_line' id='line_1_43' title="bbox 421 2460 2000 2536; baseline -0.004 -19"><span class='ocrx_word' id='word_1_325' title='bbox 421 2467 769 2536; x_wconf 84' lang='lat' dir='ltr'><strong>generatione.</strong></span> <span class='ocrx_word' id='word_1_326' title='bbox 795 2463 858 2517; x_wconf 88' lang='lat' dir='ltr'><strong>Et</strong></span> <span class='ocrx_word' id='word_1_327' title='bbox 888 2465 940 2516; x_wconf 89' lang='lat' dir='ltr'><strong>in</strong></span> <span class='ocrx_word' id='word_1_328' title='bbox 973 2479 1003 2516; x_wconf 73' lang='grc' dir='ltr'>χ</span> <span class='ocrx_word' id='word_1_329' title='bbox 1041 2463 1246 2530; x_wconf 82' lang='lat' dir='ltr'><strong>psalmo</strong></span> <span class='ocrx_word' id='word_1_330' title='bbox 1275 2479 1288 2516; x_wconf 92' lang='lat'><strong>:</strong></span> <span class='ocrx_word' id='word_1_331' title='bbox 1314 2460 1562 2531; x_wconf 79' lang='lat' dir='ltr'><strong>Regnabit</strong></span> <span class='ocrx_word' id='word_1_332' title='bbox 1593 2460 1704 2530; x_wconf 74' lang='grc'>(45)</span> <span class='ocrx_word' id='word_1_333' title='bbox 1750 2461 2000 2513; x_wconf 86' lang='lat' dir='ltr'><strong>Dominus</strong></span> 
     </span>
    </p>
   </div>
   <div class='ocr_carea' id='block_1_44' title="bbox 422 2554 1999 2623">
    <p class='ocr_par' dir='ltr' id='par_1_44' title="bbox 422 2554 1999 2623">
     <span class='ocr_line' id='line_1_44' title="bbox 422 2554 1999 2623; baseline -0.005 -10"><span class='ocrx_word' id='word_1_334' title='bbox 422 2561 478 2613; x_wconf 89' lang='lat' dir='ltr'><strong>in</strong></span> <span class='ocrx_word' id='word_1_335' title='bbox 507 2558 758 2614; x_wconf 66' lang='lat' dir='ltr'><strong>sa&#39;culum</strong></span> <span class='ocrx_word' id='word_1_336' title='bbox 787 2558 989 2611; x_wconf 77' lang='lat' dir='ltr'><strong>sa’ruli.</strong></span> <span class='ocrx_word' id='word_1_337' title='bbox 1023 2555 1184 2609; x_wconf 85' lang='lat' dir='ltr'><strong>Petro</strong></span> <span class='ocrx_word' id='word_1_338' title='bbox 1236 2556 1348 2623; x_wconf 79' lang='grc'>(46)</span> <span class='ocrx_word' id='word_1_339' title='bbox 1379 2567 1557 2607; x_wconf 87' lang='lat' dir='ltr'><strong>autem</strong></span> <span class='ocrx_word' id='word_1_340' title='bbox 1601 2554 1770 2608; x_wconf 90' lang='lat' dir='ltr'><strong>Filius</strong></span> <span class='ocrx_word' id='word_1_341' title='bbox 1821 2555 1999 2606; x_wconf 77' lang='lat' dir='ltr'><strong>claves</strong></span> 
     </span>
    </p>
   </div>
   <div class='ocr_carea' id='block_1_45' title="bbox 422 2645 2000 2723">
    <p class='ocr_par' dir='ltr' id='par_1_45' title="bbox 422 2645 2000 2723">
     <span class='ocr_line' id='line_1_45' title="bbox 422 2645 2000 2723; baseline -0.008 -15"><span class='ocrx_word' id='word_1_342' title='bbox 422 2653 575 2723; x_wconf 81' lang='lat' dir='ltr'><strong>regni</strong></span> <span class='ocrx_word' id='word_1_343' title='bbox 615 2652 758 2706; x_wconf 83' lang='lat' dir='ltr'><strong>dedit</strong></span> <span class='ocrx_word' id='word_1_344' title='bbox 785 2649 902 2720; x_wconf 78' lang='lat'><strong>96</strong></span> <span class='ocrx_word' id='word_1_345' title='bbox 940 2660 998 2702; x_wconf 90' lang='lat' dir='ltr'><strong>ut</strong></span> <span class='ocrx_word' id='word_1_346' title='bbox 1030 2648 1453 2717; x_wconf 44' lang='lat' dir='ltr'><strong>Dominusinon</strong></span> <span class='ocrx_word' id='word_1_347' title='bbox 1482 2646 1632 2714; x_wconf 83' lang='lat' dir='ltr'><strong>regni</strong></span> <span class='ocrx_word' id='word_1_348' title='bbox 1659 2646 1874 2715; x_wconf 83' lang='lat' dir='ltr'><strong>quidem</strong></span> <span class='ocrx_word' id='word_1_349' title='bbox 1901 2645 2000 2698; x_wconf 88' lang='lat' dir='ltr'><strong>hu-</strong></span> 
     </span>
    </p>
   </div>
   <div class='ocr_carea' id='block_1_46' title="bbox 419 2736 1995 2814">
    <p class='ocr_par' dir='ltr' id='par_1_46' title="bbox 419 2736 1995 2814">
     <span class='ocr_line' id='line_1_46' title="bbox 419 2736 1995 2814; baseline -0.003 -17"><span class='ocrx_word' id='word_1_350' title='bbox 419 2745 506 2814; x_wconf 81' lang='lat' dir='ltr'><strong>jus</strong></span> <span class='ocrx_word' id='word_1_351' title='bbox 540 2742 743 2808; x_wconf 63' lang='lat' dir='ltr'><strong>saeculi,</strong></span> <span class='ocrx_word' id='word_1_352' title='bbox 781 2744 1016 2795; x_wconf 91' lang='lat' dir='ltr'><strong>nondum</strong></span> <span class='ocrx_word' id='word_1_353' title='bbox 1051 2739 1193 2793; x_wconf 90' lang='lat' dir='ltr'><strong>enim</strong></span> <span class='ocrx_word' id='word_1_354' title='bbox 1231 2739 1321 2792; x_wconf 92' lang='lat' dir='ltr'><strong>illo</strong></span> <span class='ocrx_word' id='word_1_355' title='bbox 1350 2739 1617 2808; x_wconf 86' lang='lat' dir='ltr'><strong>potimur;</strong></span> <span class='ocrx_word' id='word_1_356' title='bbox 1668 2739 1762 2792; x_wconf 90' lang='lat' dir='ltr'><strong>sed</strong></span> <span class='ocrx_word' id='word_1_357' title='bbox 1793 2736 1952 2790; x_wconf 78' lang='lat' dir='ltr'><strong>futuri</strong></span> <span class='ocrx_word' id='word_1_358' title='bbox 1983 2755 1995 2792; x_wconf 94' lang='lat'>:</span> 
     </span>
    </p>
   </div>
   <div class='ocr_carea' id='block_1_47' title="bbox 428 2829 2000 2903">
    <p class='ocr_par' dir='ltr' id='par_1_47' title="bbox 428 2829 2000 2903">
     <span class='ocr_line' id='line_1_47' title="bbox 428 2829 2000 2903; baseline -0.004 -14"><span class='ocrx_word' id='word_1_359' title='bbox 428 2837 481 2890; x_wconf 87' lang='lat' dir='ltr'><strong>iii</strong></span> <span class='ocrx_word' id='word_1_360' title='bbox 518 2849 624 2903; x_wconf 91' lang='lat' dir='ltr'><strong>quo</strong></span> <span class='ocrx_word' id='word_1_361' title='bbox 663 2833 826 2888; x_wconf 85' lang='lat' dir='ltr'><strong>etiam</strong></span> <span class='ocrx_word' id='word_1_362' title='bbox 865 2834 1068 2887; x_wconf 65' lang='lat' dir='ltr'><strong>saeculo</strong></span> <span class='ocrx_word' id='word_1_363' title='bbox 1101 2830 1293 2884; x_wconf 85' lang='lat' dir='ltr'><strong>Filium</strong></span> <span class='ocrx_word' id='word_1_364' title='bbox 1333 2830 1457 2883; x_wconf 88' lang='lat' dir='ltr'><strong>illud</strong></span> <span class='ocrx_word' id='word_1_365' title='bbox 1516 2829 1840 2882; x_wconf 84' lang='lat' dir='ltr'><strong>traditurum</strong></span> <span class='ocrx_word' id='word_1_366' title='bbox 1879 2843 2000 2884; x_wconf 86' lang='lat' dir='ltr'><strong>esse</strong></span> 
     </span>
    </p>
   </div>
   <div class='ocr_carea' id='block_1_48' title="bbox 427 2919 1999 2994">
    <p class='ocr_par' dir='ltr' id='par_1_48' title="bbox 427 2919 1999 2994">
     <span class='ocr_line' id='line_1_48' title="bbox 427 2919 1999 2994; baseline -0.005 -14"><span class='ocrx_word' id='word_1_367' title='bbox 427 2924 721 2994; x_wconf 83' lang='lat' dir='ltr'><strong>conjiciunt</strong></span> <span class='ocrx_word' id='word_1_368' title='bbox 754 2921 1040 2990; x_wconf 74' lang='lat' dir='ltr'><strong>haeretici),</strong></span> <span class='ocrx_word' id='word_1_369' title='bbox 1088 2930 1146 2974; x_wconf 93' lang='lat' dir='ltr'><strong>ut</strong></span> <span class='ocrx_word' id='word_1_370' title='bbox 1179 2921 1268 2990; x_wconf 89' lang='lat' dir='ltr'><strong>qui</strong></span> <span class='ocrx_word' id='word_1_371' title='bbox 1305 2927 1564 2972; x_wconf 64' lang='lat' dir='ltr'><strong>attat-num</strong></span> <span class='ocrx_word' id='word_1_372' title='bbox 1594 2920 1830 2988; x_wconf 88' lang='lat' dir='ltr'><strong>quidem,</strong></span> <span class='ocrx_word' id='word_1_373' title='bbox 1860 2929 1914 2973; x_wconf 89' lang='lat' dir='ltr'><strong>et</strong></span> <span class='ocrx_word' id='word_1_374' title='bbox 1936 2919 1999 2972; x_wconf 87' lang='lat' dir='ltr'><strong>ﬁ-</strong></span> 
     </span>
    </p>
   </div>
   <div class='ocr_carea' id='block_1_49' title="bbox 429 3008 1995 3077">
    <p class='ocr_par' dir='ltr' id='par_1_49' title="bbox 429 3008 1995 3077">
     <span class='ocr_line' id='line_1_49' title="bbox 429 3008 1995 3077; baseline -0.005 -8"><span class='ocrx_word' id='word_1_375' title='bbox 429 3031 553 3069; x_wconf 86' lang='lat' dir='ltr'><strong>nem</strong></span> <span class='ocrx_word' id='word_1_376' title='bbox 601 3031 705 3068; x_wconf 92' lang='lat' dir='ltr'><strong>non</strong></span> <span class='ocrx_word' id='word_1_377' title='bbox 741 3009 1059 3067; x_wconf 83' lang='lat' dir='ltr'><strong>habiturum</strong></span> <span class='ocrx_word' id='word_1_378' title='bbox 1086 3010 1228 3064; x_wconf 90' lang='lat' dir='ltr'><strong>illius</strong></span> <span class='ocrx_word' id='word_1_379' title='bbox 1263 3023 1483 3077; x_wconf 83' lang='lat' dir='ltr'><strong>regnum</strong></span> <span class='ocrx_word' id='word_1_380' title='bbox 1519 3024 1636 3063; x_wconf 90' lang='lat' dir='ltr'><strong>esse</strong></span> <span class='ocrx_word' id='word_1_381' title='bbox 1669 3008 1912 3073; x_wconf 89' lang='lat' dir='ltr'><strong>credunt,</strong></span> <span class='ocrx_word' id='word_1_382' title='bbox 1944 3010 1995 3063; x_wconf 90' lang='lat' dir='ltr'><strong>hi</strong></span> 
     </span>
    </p>
   </div>
   <div class='ocr_carea' id='block_1_50' title="bbox 2105 1825 3658 1897">
    <p class='ocr_par' dir='ltr' id='par_1_50' title="bbox 2105 1825 3658 1897">
     <span class='ocr_line' id='line_1_50' title="bbox 2105 1825 3658 1897; baseline 0 -17"><span class='ocrx_word' id='word_1_383' title='bbox 2105 1827 2336 1895; x_wconf 77' lang='grc' dir='ltr'><em>αἰῶνος·</em></span> <span class='ocrx_word' id='word_1_384' title='bbox 2347 1827 2566 1897; x_wconf 74' lang='grc' dir='ltr'><em>ῥάϐδος</em></span> <span class='ocrx_word' id='word_1_385' title='bbox 2587 1827 2978 1894; x_wconf 61' lang='grc' dir='ltr'><em>εὐθύτητοςη)</em></span> <span class='ocrx_word' id='word_1_386' title='bbox 2989 1825 3213 1893; x_wconf 76' lang='grc' dir='ltr'><em>ῥάϐδος</em></span> <span class='ocrx_word' id='word_1_387' title='bbox 3232 1826 3341 1890; x_wconf 84' lang='grc' dir='ltr'><strong>τῆς</strong></span> <span class='ocrx_word' id='word_1_388' title='bbox 3358 1829 3658 1892; x_wconf 68' lang='grc' dir='ltr'><em>,ϐασιλείας</em></span> 
     </span>
    </p>
   </div>
   <div class='ocr_carea' id='block_1_51' title="bbox 2105 1919 3657 1991">
    <p class='ocr_par' dir='ltr' id='par_1_51' title="bbox 2105 1919 3657 1991">
     <span class='ocr_line' id='line_1_51' title="bbox 2105 1919 3657 1991; baseline -0.003 -15"><span class='ocrx_word' id='word_1_389' title='bbox 2105 1937 2248 1976; x_wconf 87' lang='grc' dir='ltr'><em>σου·</em></span> <span class='ocrx_word' id='word_1_390' title='bbox 2279 1921 2602 1991; x_wconf 76' lang='grc' dir='ltr'><strong>ἠγάπησας</strong></span> <span class='ocrx_word' id='word_1_391' title='bbox 2638 1920 3055 1986; x_wconf 79' lang='grc' dir='ltr'><em>δικαιοσύνην,</em></span> <span class='ocrx_word' id='word_1_392' title='bbox 3093 1919 3189 1971; x_wconf 77' lang='grc' dir='ltr'><em>καὶ</em></span> <span class='ocrx_word' id='word_1_393' title='bbox 3228 1919 3531 1989; x_wconf 77' lang='grc' dir='ltr'><strong>ἐμίσησας</strong></span> <span class='ocrx_word' id='word_1_394' title='bbox 3554 1921 3657 1973; x_wconf 68' lang='grc' dir='ltr'><em>ἀδι-</em></span> 
     </span>
    </p>
   </div>
   <div class='ocr_carea' id='block_1_52' title="bbox 2105 2013 3657 2081">
    <p class='ocr_par' dir='ltr' id='par_1_52' title="bbox 2105 2013 3657 2081">
     <span class='ocr_line' id='line_1_52' title="bbox 2105 2013 3657 2081; baseline -0.001 -13"><span class='ocrx_word' id='word_1_395' title='bbox 2105 2016 2275 2068; x_wconf 80' lang='grc' dir='ltr'><em>κίαν·</em></span> <span class='ocrx_word' id='word_1_396' title='bbox 2311 2015 2407 2069; x_wconf 84' lang='grc' dir='ltr'><em>διὰ</em></span> <span class='ocrx_word' id='word_1_397' title='bbox 2440 2015 2610 2068; x_wconf 87' lang='grc' dir='ltr'><em>τοῦτο</em></span> <span class='ocrx_word' id='word_1_398' title='bbox 2657 2013 2903 2081; x_wconf 81' lang='grc' dir='ltr'><em>ἔχρισέν</em></span> <span class='ocrx_word' id='word_1_399' title='bbox 2948 2029 3042 2074; x_wconf 76' lang='grc' dir='ltr'><strong>σε,</strong></span> <span class='ocrx_word' id='word_1_400' title='bbox 3099 2013 3225 2073; x_wconf 85' lang='grc' dir='ltr'><em>Θεὲ,</em></span> <span class='ocrx_word' id='word_1_401' title='bbox 3273 2016 3308 2066; x_wconf 86' lang='grc' dir='ltr'><strong>ό</strong></span> <span class='ocrx_word' id='word_1_402' title='bbox 3361 2016 3509 2077; x_wconf 74' lang='grc' dir='ltr'><em>Θεός</em></span> <span class='ocrx_word' id='word_1_403' title='bbox 3562 2029 3657 2066; x_wconf 66' lang='grc' dir='ltr'><em>σειν</em></span> 
     </span>
    </p>
   </div>
   <div class='ocr_carea' id='block_1_53' title="bbox 2103 2101 3654 2173">
    <p class='ocr_par' dir='ltr' id='par_1_53' title="bbox 2103 2101 3654 2173">
     <span class='ocr_line' id='line_1_53' title="bbox 2103 2101 3654 2173; baseline -0.003 -16"><span class='ocrx_word' id='word_1_404' title='bbox 2103 2105 2312 2158; x_wconf 72' lang='grc' dir='ltr'><em>ἔλαιον</em></span> <span class='ocrx_word' id='word_1_405' title='bbox 2353 2103 2765 2173; x_wconf 66' lang='grc' dir='ltr'><strong>ἀγαλλιάσεως</strong></span> <span class='ocrx_word' id='word_1_406' title='bbox 2809 2103 2967 2169; x_wconf 78' lang='grc' dir='ltr'><em>παρὰ</em></span> <span class='ocrx_word' id='word_1_407' title='bbox 3015 2101 3156 2166; x_wconf 80' lang='grc' dir='ltr'><em>τοὺς</em></span> <span class='ocrx_word' id='word_1_408' title='bbox 3201 2102 3506 2169; x_wconf 73' lang='grc' dir='ltr'><em>μετόχους</em></span> <span class='ocrx_word' id='word_1_409' title='bbox 3541 2119 3654 2155; x_wconf 73' lang='grc' dir='ltr'><em>σου.</em></span> 
     </span>
    </p>
   </div>
   <div class='ocr_carea' id='block_1_54' title="bbox 2108 2190 3655 2266">
    <p class='ocr_par' dir='ltr' id='par_1_54' title="bbox 2108 2190 3655 2266">
     <span class='ocr_line' id='line_1_54' title="bbox 2108 2190 3655 2266; baseline -0.003 -18"><span class='ocrx_word' id='word_1_410' title='bbox 2108 2195 2298 2266; x_wconf 80' lang='grc' dir='ltr'><em>Ἀθρει</em></span> <span class='ocrx_word' id='word_1_411' title='bbox 2338 2197 2430 2247; x_wconf 73' lang='grc' dir='ltr'><strong>καὶ</strong></span> <span class='ocrx_word' id='word_1_412' title='bbox 2484 2190 2637 2256; x_wconf 76' lang='grc' dir='ltr'><em>αὖθις</em></span> <span class='ocrx_word' id='word_1_413' title='bbox 2689 2195 2786 2262; x_wconf 73' lang='grc' dir='ltr'><strong>τὴν</strong></span> <span class='ocrx_word' id='word_1_414' title='bbox 2837 2192 3111 2262; x_wconf 84' lang='grc' dir='ltr'><em>βασιλείαν</em></span> <span class='ocrx_word' id='word_1_415' title='bbox 3146 2193 3310 2244; x_wconf 80' lang='grc' dir='ltr'><em>αὑτοῦ</em></span> <span class='ocrx_word' id='word_1_416' title='bbox 3355 2195 3655 2263; x_wconf 75' lang='grc' dir='ltr'><em>ἀπέραντον,</em></span> 
     </span>
    </p>
   </div>
   <div class='ocr_carea' id='block_1_55' title="bbox 2104 2281 3654 2355">
    <p class='ocr_par' dir='ltr' id='par_1_55' title="bbox 2104 2281 3654 2355">
     <span class='ocr_line' id='line_1_55' title="bbox 2104 2281 3654 2355; baseline -0.003 -17"><span class='ocrx_word' id='word_1_417' title='bbox 2104 2285 2199 2338; x_wconf 59' lang='grc' dir='ltr'><strong>καὶ⁹</strong></span> <span class='ocrx_word' id='word_1_418' title='bbox 2233 2285 2328 2355; x_wconf 82' lang='grc' dir='ltr'><strong>τὴν</strong></span> <span class='ocrx_word' id='word_1_419' title='bbox 2357 2283 2584 2354; x_wconf 79' lang='grc' dir='ltr'><em>θεότητα</em></span> <span class='ocrx_word' id='word_1_420' title='bbox 2611 2283 2866 2353; x_wconf 81' lang='grc' dir='ltr'><em>ἄναρχον.</em></span> <span class='ocrx_word' id='word_1_421' title='bbox 2901 2282 2997 2334; x_wconf 78' lang='grc' dir='ltr'><strong>Διὰ</strong></span> <span class='ocrx_word' id='word_1_422' title='bbox 3025 2281 3079 2333; x_wconf 83' lang='grc' dir='ltr'><em>δὲ</em></span> <span class='ocrx_word' id='word_1_423' title='bbox 3110 2281 3206 2352; x_wconf 82' lang='grc' dir='ltr'><strong>τὴν</strong></span> <span class='ocrx_word' id='word_1_424' title='bbox 3241 2282 3485 2352; x_wconf 66' lang='grc' dir='ltr'><em>ἄρρητον</em></span> <span class='ocrx_word' id='word_1_425' title='bbox 3517 2282 3654 2335; x_wconf 69' lang='grc' dir='ltr'><em>αὐτοῦ</em></span> 
     </span>
    </p>
   </div>
   <div class='ocr_carea' id='block_1_56' title="bbox 2103 2373 3657 2447">
    <p class='ocr_par' dir='ltr' id='par_1_56' title="bbox 2103 2373 3657 2447">
     <span class='ocr_line' id='line_1_56' title="bbox 2103 2373 3657 2447; baseline -0.003 -21"><span class='ocrx_word' id='word_1_426' title='bbox 2103 2374 2508 2447; x_wconf 80' lang='grc' dir='ltr'><em>ὲνανθρώπησιν</em></span> <span class='ocrx_word' id='word_1_427' title='bbox 2547 2376 2823 2444; x_wconf 76' lang='grc' dir='ltr'><strong>ἐπήγαγεν</strong></span> <span class='ocrx_word' id='word_1_428' title='bbox 2859 2374 2922 2425; x_wconf 76' lang='grc' dir='ltr'><strong>τὸ</strong></span> <span class='ocrx_word' id='word_1_429' title='bbox 2943 2413 2956 2437; x_wconf 89' lang='grc'><strong>,</strong></span> <span class='ocrx_word' id='word_1_430' title='bbox 3021 2374 3084 2426; x_wconf 89' lang='lat'><strong>&#39;0</strong></span> <span class='ocrx_word' id='word_1_431' title='bbox 3114 2373 3259 2438; x_wconf 86' lang='grc' dir='ltr'><em>Θεός</em></span> <span class='ocrx_word' id='word_1_432' title='bbox 3293 2387 3437 2426; x_wconf 82' lang='grc' dir='ltr'><em>σου.</em></span> <span class='ocrx_word' id='word_1_433' title='bbox 3477 2373 3578 2425; x_wconf 77' lang='grc' dir='ltr'><strong>Καὶ</strong></span> <span class='ocrx_word' id='word_1_434' title='bbox 3611 2374 3657 2424; x_wconf 80' lang='grc' dir='ltr'><em>ἐν</em></span> 
     </span>
    </p>
   </div>
   <div class='ocr_carea' id='block_1_57' title="bbox 2107 2465 3658 2540">
    <p class='ocr_par' dir='ltr' id='par_1_57' title="bbox 2107 2465 3658 2540">
     <span class='ocr_line' id='line_1_57' title="bbox 2107 2465 3658 2540; baseline -0.001 -20"><span class='ocrx_word' id='word_1_435' title='bbox 2107 2467 2241 2540; x_wconf 65' lang='lat' dir='ltr'><strong>pub&quot;</strong></span> <span class='ocrx_word' id='word_1_436' title='bbox 2305 2468 2367 2520; x_wconf 85' lang='grc' dir='ltr'><strong>Ἠ</strong></span> <span class='ocrx_word' id='word_1_437' title='bbox 2397 2467 2686 2532; x_wconf 75' lang='grc' dir='ltr'><em>βασιλεία</em></span> <span class='ocrx_word' id='word_1_438' title='bbox 2733 2483 2882 2529; x_wconf 86' lang='grc' dir='ltr'><em>σου,</em></span> <span class='ocrx_word' id='word_1_439' title='bbox 2928 2467 3219 2531; x_wconf 75' lang='grc' dir='ltr'><em>βασιλεία</em></span> <span class='ocrx_word' id='word_1_440' title='bbox 3272 2466 3518 2520; x_wconf 78' lang='grc' dir='ltr'><em>πάντων</em></span> <span class='ocrx_word' id='word_1_441' title='bbox 3561 2465 3658 2518; x_wconf 76' lang='grc' dir='ltr'><strong>τῶν</strong></span> 
     </span>
    </p>
   </div>
   <div class='ocr_carea' id='block_1_58' title="bbox 2101 2557 3656 2627">
    <p class='ocr_par' dir='ltr' id='par_1_58' title="bbox 2101 2557 3656 2627">
     <span class='ocr_line' id='line_1_58' title="bbox 2101 2557 3656 2627; baseline -0.001 -15"><span class='ocrx_word' id='word_1_442' title='bbox 2101 2558 2348 2612; x_wconf 76' lang='grc' dir='ltr'><em>αἰώνων·</em></span> <span class='ocrx_word' id='word_1_443' title='bbox 2395 2560 2492 2612; x_wconf 75' lang='grc' dir='ltr'><em>καὶ</em></span> <span class='ocrx_word' id='word_1_444' title='bbox 2532 2560 2569 2626; x_wconf 77' lang='grc' dir='ltr'>ἡ</span> <span class='ocrx_word' id='word_1_445' title='bbox 2629 2559 2950 2612; x_wconf 78' lang='grc' dir='ltr'><em>δεσποτεία</em></span> <span class='ocrx_word' id='word_1_446' title='bbox 2995 2574 3134 2621; x_wconf 85' lang='grc' dir='ltr'><em>σου,</em></span> <span class='ocrx_word' id='word_1_447' title='bbox 3177 2558 3247 2611; x_wconf 81' lang='grc' dir='ltr'><em>ὲν</em></span> <span class='ocrx_word' id='word_1_448' title='bbox 3287 2557 3461 2627; x_wconf 79' lang='grc' dir='ltr'><em>πάσῃ</em></span> <span class='ocrx_word' id='word_1_449' title='bbox 3507 2557 3656 2626; x_wconf 67' lang='grc' dir='ltr'><em>γενεᾷ</em></span> 
     </span>
    </p>
   </div>
   <div class='ocr_carea' id='block_1_59' title="bbox 2101 2646 3656 2718">
    <p class='ocr_par' dir='ltr' id='par_1_59' title="bbox 2101 2646 3656 2718">
     <span class='ocr_line' id='line_1_59' title="bbox 2101 2646 3656 2718; baseline -0.001 -18"><span class='ocrx_word' id='word_1_450' title='bbox 2101 2649 2196 2701; x_wconf 78' lang='grc' dir='ltr'><em>καὶ</em></span> <span class='ocrx_word' id='word_1_451' title='bbox 2231 2648 2424 2718; x_wconf 79' lang='grc' dir='ltr'><em>γενεᾷ.</em></span> <span class='ocrx_word' id='word_1_452' title='bbox 2457 2650 2565 2701; x_wconf 72' lang='grc' dir='ltr'><strong>Καὶ</strong></span> <span class='ocrx_word' id='word_1_453' title='bbox 2599 2650 2656 2700; x_wconf 84' lang='grc' dir='ltr'><em>ὲν</em></span> <span class='ocrx_word' id='word_1_454' title='bbox 2702 2647 2779 2718; x_wconf 83' lang='grc' dir='ltr'>τῷ</span> <span class='ocrx_word' id='word_1_455' title='bbox 2821 2646 2852 2700; x_wconf 87' lang='grc' dir='ltr'><em>ι’</em></span> <span class='ocrx_word' id='word_1_456' title='bbox 2882 2647 3084 2718; x_wconf 71' lang='grc' dir='ltr'><em>ψαλμῷ</em></span> <span class='ocrx_word' id='word_1_457' title='bbox 3109 2665 3121 2677; x_wconf 92' lang='grc'><strong>·</strong></span> <span class='ocrx_word' id='word_1_458' title='bbox 3168 2650 3535 2703; x_wconf 73' lang='grc' dir='ltr'><em>Βασιλεὺσει</em></span> <span class='ocrx_word' id='word_1_459' title='bbox 3562 2649 3656 2700; x_wconf 74' lang='grc' dir='ltr'><strong>Κύο</strong></span> 
     </span>
    </p>
   </div>
   <div class='ocr_carea' id='block_1_60' title="bbox 2093 2737 3654 2812">
    <p class='ocr_par' dir='ltr' id='par_1_60' title="bbox 2093 2737 3654 2812">
     <span class='ocr_line' id='line_1_60' title="bbox 2093 2737 3654 2812; baseline 0 -20"><span class='ocrx_word' id='word_1_460' title='bbox 2093 2758 2225 2808; x_wconf 74' lang='grc' dir='ltr'><em>ριος</em></span> <span class='ocrx_word' id='word_1_461' title='bbox 2263 2743 2348 2804; x_wconf 68' lang='grc' dir='ltr'><em>εἰς</em></span> <span class='ocrx_word' id='word_1_462' title='bbox 2380 2739 2487 2792; x_wconf 77' lang='grc' dir='ltr'><strong>τὸν</strong></span> <span class='ocrx_word' id='word_1_463' title='bbox 2527 2740 2712 2793; x_wconf 76' lang='grc' dir='ltr'><em>αἰῶνα</em></span> <span class='ocrx_word' id='word_1_464' title='bbox 2752 2739 2860 2793; x_wconf 87' lang='grc' dir='ltr'><em>τοῦ</em></span> <span class='ocrx_word' id='word_1_465' title='bbox 2909 2737 3150 2805; x_wconf 74' lang='grc' dir='ltr'><em>αἰῶνος.</em></span> <span class='ocrx_word' id='word_1_466' title='bbox 3185 2741 3294 2792; x_wconf 74' lang='grc' dir='ltr'><strong>Καὶ</strong></span> <span class='ocrx_word' id='word_1_467' title='bbox 3333 2741 3530 2812; x_wconf 80' lang='grc' dir='ltr'><strong>Πέτρῳ</strong></span> <span class='ocrx_word' id='word_1_468' title='bbox 3555 2740 3654 2792; x_wconf 71' lang='grc' dir='ltr'><strong>δὲι</strong></span> 
     </span>
    </p>
   </div>
   <div class='ocr_carea' id='block_1_61' title="bbox 2102 2830 3650 2904">
    <p class='ocr_par' dir='ltr' id='par_1_61' title="bbox 2102 2830 3650 2904">
     <span class='ocr_line' id='line_1_61' title="bbox 2102 2830 3650 2904; baseline -0.002 -20"><span class='ocrx_word' id='word_1_469' title='bbox 2102 2833 2228 2894; x_wconf 78' lang='grc' dir='ltr'><strong>Υἱὸς</strong></span> <span class='ocrx_word' id='word_1_470' title='bbox 2255 2832 2353 2894; x_wconf 78' lang='grc' dir='ltr'><strong>τὰς</strong></span> <span class='ocrx_word' id='word_1_471' title='bbox 2377 2832 2522 2895; x_wconf 79' lang='grc' dir='ltr'><em>κλεῖς</em></span> <span class='ocrx_word' id='word_1_472' title='bbox 2549 2833 2623 2895; x_wconf 83' lang='grc' dir='ltr'><em>ὡς</em></span> <span class='ocrx_word' id='word_1_473' title='bbox 2650 2832 2852 2904; x_wconf 81' lang='grc' dir='ltr'><em>Κύριος</em></span> <span class='ocrx_word' id='word_1_474' title='bbox 2873 2832 3102 2884; x_wconf 77' lang='grc' dir='ltr'><em>δέδωκεν</em></span> <span class='ocrx_word' id='word_1_475' title='bbox 3128 2831 3227 2902; x_wconf 82' lang='grc' dir='ltr'><strong>τῆς</strong></span> <span class='ocrx_word' id='word_1_476' title='bbox 3259 2830 3540 2901; x_wconf 74' lang='grc' dir='ltr'><em>βασιλείας</em></span> <span class='ocrx_word' id='word_1_477' title='bbox 3571 2833 3588 2899; x_wconf 94' lang='grc'><strong>(</strong></span> <span class='ocrx_word' id='word_1_478' title='bbox 3603 2831 3650 2882; x_wconf 73' lang='grc' dir='ltr'><em>οὐ</em></span> 
     </span>
    </p>
   </div>
   <div class='ocr_carea' id='block_1_62' title="bbox 2098 2921 3654 2992">
    <p class='ocr_par' dir='ltr' id='par_1_62' title="bbox 2098 2921 3654 2992">
     <span class='ocr_line' id='line_1_62' title="bbox 2098 2921 3654 2992; baseline -0.003 -17"><span class='ocrx_word' id='word_1_479' title='bbox 2098 2922 2193 2975; x_wconf 78' lang='grc' dir='ltr'><strong>τοῦ</strong></span> <span class='ocrx_word' id='word_1_480' title='bbox 2241 2921 2334 2975; x_wconf 81' lang='grc' dir='ltr'><em>νῦν</em></span> <span class='ocrx_word' id='word_1_481' title='bbox 2368 2923 2581 2985; x_wconf 84' lang='grc' dir='ltr'><em>αἰῶνος,</em></span> <span class='ocrx_word' id='word_1_482' title='bbox 2615 2921 2766 2975; x_wconf 70' lang='grc' dir='ltr'><strong>οὔπω</strong></span> <span class='ocrx_word' id='word_1_483' title='bbox 2795 2923 2904 2991; x_wconf 72' lang='grc' dir='ltr'><strong>γὰρ</strong></span> <span class='ocrx_word' id='word_1_484' title='bbox 2933 2923 3271 2992; x_wconf 74' lang='grc' dir='ltr'><strong>τυγχάνομεν</strong></span> <span class='ocrx_word' id='word_1_485' title='bbox 3303 2922 3501 2991; x_wconf 79' lang='grc' dir='ltr'><em>αὐτῆς,</em></span> <span class='ocrx_word' id='word_1_486' title='bbox 3541 2921 3654 2974; x_wconf 69' lang='grc' dir='ltr'><em>ἀλλὰ</em></span> 
     </span>
    </p>
   </div>
   <div class='ocr_carea' id='block_1_63' title="bbox 2100 3007 3654 3084">
    <p class='ocr_par' dir='ltr' id='par_1_63' title="bbox 2100 3007 3654 3084">
     <span class='ocr_line' id='line_1_63' title="bbox 2100 3007 3654 3084; baseline -0.004 -18"><span class='ocrx_word' id='word_1_487' title='bbox 2100 3012 2192 3066; x_wconf 80' lang='grc' dir='ltr'><strong>τοῦ</strong></span> <span class='ocrx_word' id='word_1_488' title='bbox 2227 3012 2532 3084; x_wconf 79' lang='grc' dir='ltr'><em>μέλλοντος,</em></span> <span class='ocrx_word' id='word_1_489' title='bbox 2573 3015 2630 3066; x_wconf 77' lang='grc' dir='ltr'><em>ὲν</em></span> <span class='ocrx_word' id='word_1_490' title='bbox 2665 3007 2707 3079; x_wconf 83' lang='grc' dir='ltr'>ᾦ</span> <span class='ocrx_word' id='word_1_491' title='bbox 2740 3013 2833 3066; x_wconf 68' lang='grc' dir='ltr'><strong>καὶ</strong></span> <span class='ocrx_word' id='word_1_492' title='bbox 2867 3012 3219 3083; x_wconf 73' lang='grc' dir='ltr'><em>παραδιδόναι</em></span> <span class='ocrx_word' id='word_1_493' title='bbox 3249 3011 3414 3065; x_wconf 76' lang='grc' dir='ltr'><em>αὑτὸν</em></span> <span class='ocrx_word' id='word_1_494' title='bbox 3449 3011 3654 3080; x_wconf 70' lang='grc' dir='ltr'><strong>τεκμαί-</strong></span> 
     </span>
    </p>
   </div>
   <div class='ocr_carea' id='block_1_64' title="bbox 427 3077 1992 3178">
    <p class='ocr_par' dir='ltr' id='par_1_64' title="bbox 427 3099 1992 3178">
     <span class='ocr_line' id='line_1_64' title="bbox 427 3099 1992 3178; baseline -0.006 -16"><span class='ocrx_word' id='word_1_495' title='bbox 427 3108 790 3178; x_wconf 83' lang='lat' dir='ltr'><strong>recipiantur:</strong></span> <span class='ocrx_word' id='word_1_496' title='bbox 851 3104 940 3174; x_wconf 91' lang='lat' dir='ltr'><strong>qui</strong></span> <span class='ocrx_word' id='word_1_497' title='bbox 994 3117 1122 3157; x_wconf 91' lang='lat' dir='ltr'><strong>vero</strong></span> <span class='ocrx_word' id='word_1_498' title='bbox 1182 3117 1302 3156; x_wconf 90' lang='lat' dir='ltr'><strong>cum</strong></span> <span class='ocrx_word' id='word_1_499' title='bbox 1345 3099 1676 3155; x_wconf 85' lang='lat' dir='ltr'><strong>Natlianaele</strong></span> <span class='ocrx_word' id='word_1_500' title='bbox 1709 3116 1814 3155; x_wconf 91' lang='lat' dir='ltr'><strong>non</strong></span> <span class='ocrx_word' id='word_1_501' title='bbox 1869 3102 1992 3154; x_wconf 88' lang='lat' dir='ltr'><strong>cla-</strong></span> 
     </span>
    </p>
   </div>
   <div class='ocr_carea' id='block_1_65' title="bbox 2105 3077 3654 3178">
    <p class='ocr_par' dir='ltr' id='par_1_65' title="bbox 2107 3077 3654 3177">
     <span class='ocr_line' id='line_1_65' title="bbox 2107 3077 3654 3177; baseline -0.002 -19"><span class='ocrx_word' id='word_1_502' title='bbox 2107 3077 2286 3177; x_wconf 72' lang='grc' dir='ltr'><em>ρονται</em></span> <span class='ocrx_word' id='word_1_503' title='bbox 2314 3105 2581 3176; x_wconf 76' lang='grc' dir='ltr'><em>αἱρετικοὶ</em></span> <span class='ocrx_word' id='word_1_504' title='bbox 2599 3105 2614 3172; x_wconf 92' lang='grc'><strong>)</strong></span> <span class='ocrx_word' id='word_1_505' title='bbox 2633 3143 2647 3166; x_wconf 90' lang='grc'><strong>,</strong></span> <span class='ocrx_word' id='word_1_506' title='bbox 2681 3077 2776 3156; x_wconf 67' lang='grc' dir='ltr'><strong>επ).</strong></span> <span class='ocrx_word' id='word_1_507' title='bbox 2796 3105 2856 3157; x_wconf 84' lang='grc' dir='ltr'>τὸ</span> <span class='ocrx_word' id='word_1_508' title='bbox 2883 3077 3220 3174; x_wconf 65' lang='grc' dir='ltr'><em>εἰσδεχθῆναι</em></span> <span class='ocrx_word' id='word_1_509' title='bbox 3247 3104 3345 3174; x_wconf 79' lang='grc' dir='ltr'><strong>μὲν</strong></span> <span class='ocrx_word' id='word_1_510' title='bbox 3371 3105 3502 3167; x_wconf 76' lang='grc' dir='ltr'><em>τοὺς</em></span> <span class='ocrx_word' id='word_1_511' title='bbox 3526 3077 3654 3174; x_wconf 60' lang='grc' dir='ltr'><em>ἀναρ-</em></span> 
     </span>
    </p>
   </div>
   <div class='ocr_carea' id='block_1_66' title="bbox 427 3182 1994 3265">
    <p class='ocr_par' dir='ltr' id='par_1_66' title="bbox 427 3182 1994 3265">
     <span class='ocr_line' id='line_1_66' title="bbox 427 3182 1994 3265; baseline -0.006 -11"><span class='ocrx_word' id='word_1_512' title='bbox 427 3208 597 3265; x_wconf 89' lang='lat' dir='ltr'><strong>mant,</strong></span> <span class='ocrx_word' id='word_1_513' title='bbox 631 3182 709 3251; x_wconf 64' lang='lat' dir='ltr'><strong>Tu</strong></span> <span class='ocrx_word' id='word_1_514' title='bbox 736 3213 789 3250; x_wconf 90' lang='lat' dir='ltr'><strong>es</strong></span> <span class='ocrx_word' id='word_1_515' title='bbox 820 3195 934 3265; x_wconf 84' lang='grc'>(47)</span> <span class='ocrx_word' id='word_1_516' title='bbox 966 3192 1012 3246; x_wconf 86' lang='lat' dir='ltr'><strong><em>F</em></strong></span> <span class='ocrx_word' id='word_1_517' title='bbox 1017 3194 1136 3247; x_wconf 86' lang='lat' dir='ltr'><strong>ilius</strong></span> <span class='ocrx_word' id='word_1_518' title='bbox 1175 3191 1294 3258; x_wconf 88' lang='lat' dir='ltr'><strong>Dei,</strong></span> <span class='ocrx_word' id='word_1_519' title='bbox 1326 3203 1381 3245; x_wconf 90' lang='lat' dir='ltr'><strong>tu</strong></span> <span class='ocrx_word' id='word_1_520' title='bbox 1416 3208 1468 3245; x_wconf 80' lang='lat' dir='ltr'><strong>es</strong></span> <span class='ocrx_word' id='word_1_521' title='bbox 1506 3191 1619 3245; x_wconf 71' lang='lat' dir='ltr'><strong>Rem</strong></span> <span class='ocrx_word' id='word_1_522' title='bbox 1669 3190 1994 3246; x_wconf 80' lang='lat' dir='ltr'><strong>Christiano-</strong></span> 
     </span>
    </p>
   </div>
   <div class='ocr_carea' id='block_1_67' title="bbox 426 3281 1998 3356">
    <p class='ocr_par' dir='ltr' id='par_1_67' title="bbox 426 3281 1998 3356">
     <span class='ocr_line' id='line_1_67' title="bbox 426 3281 1998 3356; baseline -0.004 -14"><span class='ocrx_word' id='word_1_523' title='bbox 426 3305 569 3356; x_wconf 84' lang='lat' dir='ltr'><strong>rum,</strong></span> <span class='ocrx_word' id='word_1_524' title='bbox 595 3291 629 3343; x_wconf 90' lang='lat' dir='ltr'><strong>ii</strong></span> <span class='ocrx_word' id='word_1_525' title='bbox 656 3288 1059 3356; x_wconf 87' lang='lat' dir='ltr'><strong>rejiciantur,ut</strong></span> <span class='ocrx_word' id='word_1_526' title='bbox 1086 3283 1244 3354; x_wconf 86' lang='lat' dir='ltr'><strong>paulo</strong></span> <span class='ocrx_word' id='word_1_527' title='bbox 1274 3293 1398 3338; x_wconf 86' lang='lat' dir='ltr'><strong>ante</strong></span> <span class='ocrx_word' id='word_1_528' title='bbox 1432 3282 1634 3337; x_wconf 87' lang='lat' dir='ltr'><strong>dictum</strong></span> <span class='ocrx_word' id='word_1_529' title='bbox 1661 3290 1742 3336; x_wconf 86' lang='lat' dir='ltr'><strong>est</strong></span> <span class='ocrx_word' id='word_1_530' title='bbox 1767 3281 1896 3353; x_wconf 80' lang='grc'>(48).</span> <span class='ocrx_word' id='word_1_531' title='bbox 1920 3282 1998 3336; x_wconf 86' lang='lat' dir='ltr'><strong>Ac</strong></span> 
     </span>
    </p>
   </div>
   <div class='ocr_carea' id='block_1_68' title="bbox 425 3371 1996 3446">
    <p class='ocr_par' dir='ltr' id='par_1_68' title="bbox 425 3371 1996 3446">
     <span class='ocr_line' id='line_1_68' title="bbox 425 3371 1996 3446; baseline -0.005 -12"><span class='ocrx_word' id='word_1_532' title='bbox 425 3382 589 3436; x_wconf 78' lang='lat' dir='ltr'><strong>verba</strong></span> <span class='ocrx_word' id='word_1_533' title='bbox 626 3379 714 3434; x_wconf 87' lang='lat' dir='ltr'><strong>illa</strong></span> <span class='ocrx_word' id='word_1_534' title='bbox 766 3378 915 3433; x_wconf 73' lang='lat' dir='ltr'><strong>Isaia:</strong></span> <span class='ocrx_word' id='word_1_535' title='bbox 972 3377 1267 3446; x_wconf 72' lang='lat' dir='ltr'><strong>prophetae,</strong></span> <span class='ocrx_word' id='word_1_536' title='bbox 1317 3373 1503 3444; x_wconf 84' lang='lat' dir='ltr'><strong>Regem</strong></span> <span class='ocrx_word' id='word_1_537' title='bbox 1547 3372 1659 3445; x_wconf 82' lang='grc'>(49)</span> <span class='ocrx_word' id='word_1_538' title='bbox 1712 3371 1996 3427; x_wconf 87' lang='lat' dir='ltr'><strong>Dominum</strong></span> 
     </span>
    </p>
   </div>
   <div class='ocr_carea' id='block_1_69' title="bbox 427 3463 1994 3535">
    <p class='ocr_par' dir='ltr' id='par_1_69' title="bbox 427 3463 1994 3535">
     <span class='ocr_line' id='line_1_69' title="bbox 427 3463 1994 3535; baseline -0.007 -7"><span class='ocrx_word' id='word_1_539' title='bbox 427 3471 657 3529; x_wconf 85' lang='lat' dir='ltr'><strong>Sabaoth</strong></span> <span class='ocrx_word' id='word_1_540' title='bbox 707 3471 810 3525; x_wconf 86' lang='lat' dir='ltr'><strong>vidi</strong></span> <span class='ocrx_word' id='word_1_541' title='bbox 855 3472 1022 3524; x_wconf 89' lang='lat' dir='ltr'><strong>oculis</strong></span> <span class='ocrx_word' id='word_1_542' title='bbox 1061 3471 1210 3532; x_wconf 84' lang='lat' dir='ltr'><strong>meis,</strong></span> <span class='ocrx_word' id='word_1_543' title='bbox 1264 3467 1462 3521; x_wconf 85' lang='lat' dir='ltr'><strong>Paulus</strong></span> <span class='ocrx_word' id='word_1_544' title='bbox 1515 3466 1728 3535; x_wconf 84' lang='lat' dir='ltr'><strong>quidem</strong></span> <span class='ocrx_word' id='word_1_545' title='bbox 1773 3463 1994 3534; x_wconf 88' lang='lat' dir='ltr'><strong>Spiritui</strong></span> 
     </span>
    </p>
   </div>
   <div class='ocr_carea' id='block_1_70' title="bbox 427 3555 1998 3626">
    <p class='ocr_par' dir='ltr' id='par_1_70' title="bbox 427 3555 1998 3626">
     <span class='ocr_line' id='line_1_70' title="bbox 427 3555 1998 3626; baseline -0.006 -10"><span class='ocrx_word' id='word_1_546' title='bbox 427 3563 523 3617; x_wconf 89' lang='lat' dir='ltr'><strong>Dei</strong></span> <span class='ocrx_word' id='word_1_547' title='bbox 550 3561 820 3626; x_wconf 78' lang='lat' dir='ltr'><strong>attribuit,</strong></span> <span class='ocrx_word' id='word_1_548' title='bbox 858 3559 1101 3616; x_wconf 83' lang='lat' dir='ltr'><strong>Joannes</strong></span> <span class='ocrx_word' id='word_1_549' title='bbox 1160 3569 1339 3613; x_wconf 89' lang='lat' dir='ltr'><strong>autem</strong></span> <span class='ocrx_word' id='word_1_550' title='bbox 1387 3555 1695 3626; x_wconf 85' lang='lat' dir='ltr'><strong>Unigenito,</strong></span> <span class='ocrx_word' id='word_1_551' title='bbox 1732 3565 1790 3609; x_wconf 93' lang='lat' dir='ltr'><strong>ut</strong></span> <span class='ocrx_word' id='word_1_552' title='bbox 1841 3563 1998 3609; x_wconf 87' lang='lat' dir='ltr'><strong>antea</strong></span> 
     </span>
    </p>
   </div>
   <div class='ocr_carea' id='block_1_71' title="bbox 426 3646 1998 3720">
    <p class='ocr_par' dir='ltr' id='par_1_71' title="bbox 426 3646 1998 3720">
     <span class='ocr_line' id='line_1_71' title="bbox 426 3646 1998 3720; baseline -0.005 -13"><span class='ocrx_word' id='word_1_553' title='bbox 426 3656 626 3709; x_wconf 87' lang='lat' dir='ltr'><strong>dictum</strong></span> <span class='ocrx_word' id='word_1_554' title='bbox 681 3653 811 3720; x_wconf 82' lang='lat' dir='ltr'><strong>fuit;</strong></span> <span class='ocrx_word' id='word_1_555' title='bbox 863 3653 932 3707; x_wconf 89' lang='lat' dir='ltr'><strong>ob</strong></span> <span class='ocrx_word' id='word_1_556' title='bbox 965 3653 1183 3706; x_wconf 86' lang='lat' dir='ltr'><strong>deitatis</strong></span> <span class='ocrx_word' id='word_1_557' title='bbox 1219 3664 1434 3720; x_wconf 89' lang='lat' dir='ltr'><strong>nempe,</strong></span> <span class='ocrx_word' id='word_1_558' title='bbox 1468 3658 1524 3704; x_wconf 91' lang='lat' dir='ltr'><strong>et</strong></span> <span class='ocrx_word' id='word_1_559' title='bbox 1553 3649 1711 3702; x_wconf 89' lang='lat' dir='ltr'><strong>unius</strong></span> <span class='ocrx_word' id='word_1_560' title='bbox 1759 3646 1998 3716; x_wconf 89' lang='lat' dir='ltr'><strong>perpetui</strong></span> 
     </span>
    </p>
   </div>
   <div class='ocr_carea' id='block_1_72' title="bbox 425 3739 2000 3815">
    <p class='ocr_par' dir='ltr' id='par_1_72' title="bbox 425 3739 2000 3815">
     <span class='ocr_line' id='line_1_72' title="bbox 425 3739 2000 3815; baseline -0.006 -15"><span class='ocrx_word' id='word_1_561' title='bbox 425 3746 573 3815; x_wconf 85' lang='lat' dir='ltr'><strong>regni</strong></span> <span class='ocrx_word' id='word_1_562' title='bbox 608 3745 720 3815; x_wconf 80' lang='lat'><strong>(50)</strong></span> <span class='ocrx_word' id='word_1_563' title='bbox 760 3746 1218 3800; x_wconf 87' lang='lat' dir='ltr'><strong>communionem.</strong></span> <span class='ocrx_word' id='word_1_564' title='bbox 1247 3742 1530 3809; x_wconf 85' lang='lat' dir='ltr'><strong>Quomodo</strong></span> <span class='ocrx_word' id='word_1_565' title='bbox 1563 3741 1706 3796; x_wconf 90' lang='lat' dir='ltr'><strong>enim</strong></span> <span class='ocrx_word' id='word_1_566' title='bbox 1750 3739 1865 3793; x_wconf 74' lang='lat' dir='ltr'><strong>ﬁeri</strong></span> <span class='ocrx_word' id='word_1_567' title='bbox 1902 3754 2000 3808; x_wconf 89' lang='lat' dir='ltr'><strong>po-</strong></span> 
     </span>
    </p>
   </div>
   <div class='ocr_carea' id='block_1_73' title="bbox 428 3832 2000 3907">
    <p class='ocr_par' dir='ltr' id='par_1_73' title="bbox 428 3832 2000 3907">
     <span class='ocr_line' id='line_1_73' title="bbox 428 3832 2000 3907; baseline -0.006 -15"><span class='ocrx_word' id='word_1_568' title='bbox 428 3849 550 3903; x_wconf 88' lang='lat' dir='ltr'><strong>test,</strong></span> <span class='ocrx_word' id='word_1_569' title='bbox 588 3848 646 3892; x_wconf 90' lang='lat' dir='ltr'><strong>ut</strong></span> <span class='ocrx_word' id='word_1_570' title='bbox 696 3853 833 3892; x_wconf 91' lang='lat' dir='ltr'><strong>unus</strong></span> <span class='ocrx_word' id='word_1_571' title='bbox 861 3838 1080 3907; x_wconf 87' lang='lat' dir='ltr'><strong>quidem</strong></span> <span class='ocrx_word' id='word_1_572' title='bbox 1134 3845 1342 3905; x_wconf 77' lang='lat' dir='ltr'><strong>regnet,</strong></span> <span class='ocrx_word' id='word_1_573' title='bbox 1376 3835 1516 3888; x_wconf 91' lang='lat' dir='ltr'><strong>alius</strong></span> <span class='ocrx_word' id='word_1_574' title='bbox 1553 3848 1700 3897; x_wconf 88' lang='lat' dir='ltr'><strong>vero,</strong></span> <span class='ocrx_word' id='word_1_575' title='bbox 1729 3833 1870 3886; x_wconf 89' lang='lat' dir='ltr'><strong>sicut</strong></span> <span class='ocrx_word' id='word_1_576' title='bbox 1919 3832 2000 3884; x_wconf 90' lang='lat' dir='ltr'><strong>iii-</strong></span> 
     </span>
    </p>
   </div>
   <div class='ocr_carea' id='block_1_74' title="bbox 499 4013 2008 4089">
    <p class='ocr_par' dir='ltr' id='par_1_74' title="bbox 499 4013 2008 4089">
     <span class='ocr_line' id='line_1_74' title="bbox 499 4013 2008 4089; baseline -0.005 -15"><span class='ocrx_word' id='word_1_577' title='bbox 499 4016 610 4089; x_wconf 80' lang='grc'>(59)</span> <span class='ocrx_word' id='word_1_578' title='bbox 653 4015 775 4072; x_wconf 85' lang='lat' dir='ltr'><strong>Post</strong></span> <span class='ocrx_word' id='word_1_579' title='bbox 805 4013 1261 4089; x_wconf 76' lang='lat' dir='ltr'><strong>resurrectionem.</strong></span> <span class='ocrx_word' id='word_1_580' title='bbox 1303 4016 1566 4089; x_wconf 80' lang='lat' dir='ltr'><strong>Nimirum</strong></span> <span class='ocrx_word' id='word_1_581' title='bbox 1592 4027 1718 4069; x_wconf 90' lang='lat' dir='ltr'><strong>tunc</strong></span> <span class='ocrx_word' id='word_1_582' title='bbox 1746 4014 2008 4089; x_wconf 74' lang='lat' dir='ltr'><strong>duntaxat</strong></span> 
     </span>
    </p>
   </div>
   <div class='ocr_carea' id='block_1_75' title="bbox 425 4086 1987 4154">
    <p class='ocr_par' dir='ltr' id='par_1_75' title="bbox 425 4086 1987 4154">
     <span class='ocr_line' id='line_1_75' title="bbox 425 4086 1987 4154; baseline -0.006 -8"><span class='ocrx_word' id='word_1_583' title='bbox 425 4099 480 4146; x_wconf 86' lang='lat' dir='ltr'><strong>et</strong></span> <span class='ocrx_word' id='word_1_584' title='bbox 509 4086 688 4142; x_wconf 79' lang='lat' dir='ltr'><strong>omnes</strong></span> <span class='ocrx_word' id='word_1_585' title='bbox 718 4091 890 4144; x_wconf 86' lang='lat' dir='ltr'><strong>sancti</strong></span> <span class='ocrx_word' id='word_1_586' title='bbox 915 4104 1035 4141; x_wconf 89' lang='lat' dir='ltr'><strong>cum</strong></span> <span class='ocrx_word' id='word_1_587' title='bbox 1061 4087 1281 4143; x_wconf 84' lang='lat' dir='ltr'><strong>Christo</strong></span> <span class='ocrx_word' id='word_1_588' title='bbox 1307 4087 1632 4154; x_wconf 81' lang='lat' dir='ltr'><strong>regnabant,</strong></span> <span class='ocrx_word' id='word_1_589' title='bbox 1668 4095 1722 4138; x_wconf 88' lang='lat' dir='ltr'><strong>et</strong></span> <span class='ocrx_word' id='word_1_590' title='bbox 1749 4102 1808 4137; x_wconf 91' lang='lat' dir='ltr'><strong>eo</strong></span> <span class='ocrx_word' id='word_1_591' title='bbox 1834 4086 1987 4137; x_wconf 82' lang='lat' dir='ltr'><strong>modo</strong></span> 
     </span>
    </p>
   </div>
   <div class='ocr_carea' id='block_1_76' title="bbox 428 4155 1988 4227">
    <p class='ocr_par' dir='ltr' id='par_1_76' title="bbox 428 4155 1988 4227">
     <span class='ocr_line' id='line_1_76' title="bbox 428 4155 1988 4227; baseline -0.005 -14"><span class='ocrx_word' id='word_1_592' title='bbox 428 4161 482 4214; x_wconf 91' lang='lat' dir='ltr'><strong>iu</strong></span> <span class='ocrx_word' id='word_1_593' title='bbox 520 4158 671 4212; x_wconf 67' lang='lat' dir='ltr'><strong>caelis</strong></span> <span class='ocrx_word' id='word_1_594' title='bbox 700 4170 879 4223; x_wconf 90' lang='lat' dir='ltr'><strong>erunt,</strong></span> <span class='ocrx_word' id='word_1_595' title='bbox 916 4172 1022 4227; x_wconf 92' lang='lat' dir='ltr'><strong>quo</strong></span> <span class='ocrx_word' id='word_1_596' title='bbox 1062 4158 1135 4211; x_wconf 89' lang='lat' dir='ltr'><strong>ibi</strong></span> <span class='ocrx_word' id='word_1_597' title='bbox 1175 4173 1320 4227; x_wconf 84' lang='lat' dir='ltr'><strong>nunc</strong></span> <span class='ocrx_word' id='word_1_598' title='bbox 1351 4155 1602 4227; x_wconf 82' lang='lat' dir='ltr'><strong>Christus</strong></span> <span class='ocrx_word' id='word_1_599' title='bbox 1633 4165 1736 4218; x_wconf 87' lang='lat' dir='ltr'><strong>est,</strong></span> <span class='ocrx_word' id='word_1_600' title='bbox 1777 4156 1988 4207; x_wconf 83' lang='lat' dir='ltr'><strong>anima-</strong></span> 
     </span>
    </p>
   </div>
   <div class='ocr_carea' id='block_1_77' title="bbox 426 4225 1989 4297">
    <p class='ocr_par' dir='ltr' id='par_1_77' title="bbox 426 4225 1989 4297">
     <span class='ocr_line' id='line_1_77' title="bbox 426 4225 1989 4297; baseline -0.008 -12"><span class='ocrx_word' id='word_1_601' title='bbox 426 4231 530 4285; x_wconf 88' lang='lat' dir='ltr'><strong>bus</strong></span> <span class='ocrx_word' id='word_1_602' title='bbox 571 4242 761 4297; x_wconf 86' lang='lat' dir='ltr'><strong>nempe</strong></span> <span class='ocrx_word' id='word_1_603' title='bbox 797 4225 1180 4296; x_wconf 45' lang='lat' dir='ltr'><strong>cum&#39;corpore</strong></span> <span class='ocrx_word' id='word_1_604' title='bbox 1207 4225 1530 4297; x_wconf 76' lang='lat' dir='ltr'><strong>conjunctis,</strong></span> <span class='ocrx_word' id='word_1_605' title='bbox 1561 4234 1682 4294; x_wconf 86' lang='lat' dir='ltr'><strong>post</strong></span> <span class='ocrx_word' id='word_1_606' title='bbox 1716 4235 1989 4297; x_wconf 73' lang='lat' dir='ltr'><strong>acceptam</strong></span> 
     </span>
    </p>
   </div>
   <div class='ocr_carea' id='block_1_78' title="bbox 427 4290 1993 4420">
    <p class='ocr_par' dir='ltr' id='par_1_78' title="bbox 427 4290 1993 4420">
     <span class='ocr_line' id='line_1_78' title="bbox 427 4290 1993 4420; baseline -0.004 -67"><span class='ocrx_word' id='word_1_607' title='bbox 427 4290 712 4420; x_wconf 46' lang='lat' dir='ltr'><strong>inysltigmi</strong></span> <span class='ocrx_word' id='word_1_608' title='bbox 732 4290 1284 4419; x_wconf 44' lang='lat' dir='ltr'><strong>bonamque-stolam.</strong></span> <span class='ocrx_word' id='word_1_609' title='bbox 1307 4290 1450 4350; x_wconf 47' lang='lat' dir='ltr'><strong>&#39;Vide</strong></span> <span class='ocrx_word' id='word_1_610' title='bbox 1482 4290 1661 4349; x_wconf 85' lang='lat' dir='ltr'><strong>tamen</strong></span> <span class='ocrx_word' id='word_1_611' title='bbox 1695 4290 1863 4362; x_wconf 73' lang='lat' dir='ltr'><strong>segni.</strong></span> <span class='ocrx_word' id='word_1_612' title='bbox 1893 4290 1993 4346; x_wconf 78' lang='lat' dir='ltr'><strong>H9</strong></span> 
     </span>
     <span class='ocr_line' id='line_1_79' title="bbox 427 4370 780 4420; baseline 0 0"><span class='ocrx_word' id='word_1_613' title='bbox 427 4387 482 4420; x_wconf 82' lang='grc' dir='ltr'><em>α.</em></span> <span class='ocrx_word' id='word_1_614' title='bbox 512 4385 541 4420; x_wconf 83' lang='lat' dir='ltr'><strong>e</strong></span> <span class='ocrx_word' id='word_1_615' title='bbox 593 4374 614 4395; x_wconf 86' lang='lat'><strong><em>&quot;</em></strong></span> <span class='ocrx_word' id='word_1_616' title='bbox 685 4370 696 4383; x_wconf 88' lang='grc'><strong>’</strong></span> <span class='ocrx_word' id='word_1_617' title='bbox 767 4407 780 4420; x_wconf 94' lang='grc'><strong>.</strong></span> 
     </span>
    </p>
   </div>
   <div class='ocr_carea' id='block_1_79' title="bbox 426 4370 780 4434">
    <p class='ocr_par' dir='ltr' id='par_1_79' title="bbox 426 4370 780 4434">
     <span class='ocr_line' id='line_1_80' title="bbox 426 4370 780 4434; baseline -0.008 -11"><span class='ocrx_word' id='word_1_618' title='bbox 426 4387 482 4434; x_wconf 90' lang='lat' dir='ltr'><strong>a,</strong></span> <span class='ocrx_word' id='word_1_619' title='bbox 512 4379 565 4420; x_wconf 88' lang='lat' dir='ltr'><strong>et</strong></span> <span class='ocrx_word' id='word_1_620' title='bbox 593 4370 698 4420; x_wconf 83' lang='lat'><strong>‘206</strong></span> <span class='ocrx_word' id='word_1_621' title='bbox 732 4370 780 4421; x_wconf 92' lang='lat' dir='ltr'><strong>b.</strong></span> 
     </span>
    </p>
   </div>
   <div class='ocr_carea' id='block_1_80' title="bbox 500 4432 1994 4508">
    <p class='ocr_par' dir='ltr' id='par_1_80' title="bbox 500 4432 1994 4508">
     <span class='ocr_line' id='line_1_81' title="bbox 500 4432 1994 4508; baseline -0.003 -17"><span class='ocrx_word' id='word_1_622' title='bbox 500 4438 609 4508; x_wconf 82' lang='grc'>(40)</span> <span class='ocrx_word' id='word_1_623' title='bbox 645 4437 843 4490; x_wconf 83' lang='lat' dir='ltr'><strong>Testor.</strong></span> <span class='ocrx_word' id='word_1_624' title='bbox 879 4435 919 4508; x_wconf 15' lang='lat' dir='ltr'><strong>ill</strong></span> <span class='ocrx_word' id='word_1_625' title='bbox 951 4437 1015 4508; x_wconf 79' lang='lat' dir='ltr'><strong>ad</strong></span> <span class='ocrx_word' id='word_1_626' title='bbox 1049 4434 1200 4508; x_wconf 66' lang='lat' dir='ltr'><strong>Tim.</strong></span> <span class='ocrx_word' id='word_1_627' title='bbox 1228 4451 1302 4508; x_wconf 69' lang='lat' dir='ltr'><strong>Ir,</strong></span> <span class='ocrx_word' id='word_1_628' title='bbox 1425 4445 1479 4490; x_wconf 88' lang='lat' dir='ltr'><strong>et</strong></span> <span class='ocrx_word' id='word_1_629' title='bbox 1515 4436 1567 4508; x_wconf 73' lang='lat'><strong>2.</strong></span> <span class='ocrx_word' id='word_1_630' title='bbox 1600 4433 1806 4508; x_wconf 49' lang='grc' dir='ltr'><strong>(ἱπποπ-</strong></span> <span class='ocrx_word' id='word_1_631' title='bbox 1827 4432 1994 4508; x_wconf 80' lang='lat' dir='ltr'><strong>editio</strong></span> 
     </span>
    </p>
   </div>
   <div class='ocr_carea' id='block_1_81' title="bbox 429 4503 1995 4578">
    <p class='ocr_par' dir='ltr' id='par_1_81' title="bbox 429 4503 1995 4578">
     <span class='ocr_line' id='line_1_82' title="bbox 429 4503 1995 4578; baseline -0.004 -14"><span class='ocrx_word' id='word_1_632' title='bbox 429 4503 619 4578; x_wconf 69' lang='lat' dir='ltr'><strong>habet:</strong></span> <span class='ocrx_word' id='word_1_633' title='bbox 640 4508 702 4560; x_wconf 87' lang='grc' dir='ltr'><strong>Θ.</strong></span> <span class='ocrx_word' id='word_1_634' title='bbox 731 4525 784 4560; x_wconf 88' lang='grc' dir='ltr'><strong>κ.</strong></span> <span class='ocrx_word' id='word_1_635' title='bbox 810 4507 902 4559; x_wconf 79' lang='grc' dir='ltr'><strong>τοῦ</strong></span> <span class='ocrx_word' id='word_1_636' title='bbox 928 4506 1131 4578; x_wconf 65' lang='grc' dir='ltr'><em>Κυρίου</em></span> <span class='ocrx_word' id='word_1_637' title='bbox 1166 4507 1223 4559; x_wconf 89' lang='lat' dir='ltr'><strong>’I.</strong></span> <span class='ocrx_word' id='word_1_638' title='bbox 1252 4507 1318 4559; x_wconf 84' lang='lat' dir='ltr'><strong>X.</strong></span> <span class='ocrx_word' id='word_1_639' title='bbox 1347 4505 1398 4578; x_wconf 77' lang='lat' dir='ltr'><strong>id</strong></span> <span class='ocrx_word' id='word_1_640' title='bbox 1425 4517 1510 4578; x_wconf 85' lang='lat' dir='ltr'><strong>est</strong></span> <span class='ocrx_word' id='word_1_641' title='bbox 1538 4507 1665 4578; x_wconf 87' lang='lat' dir='ltr'><strong>Deo,</strong></span> <span class='ocrx_word' id='word_1_642' title='bbox 1693 4514 1742 4558; x_wconf 90' lang='lat' dir='ltr'><strong>et</strong></span> <span class='ocrx_word' id='word_1_643' title='bbox 1768 4503 1995 4578; x_wconf 82' lang='lat' dir='ltr'><strong>Domino</strong></span> 
     </span>
    </p>
   </div>
   <div class='ocr_carea' id='block_1_82' title="bbox 425 4575 1995 4646">
    <p class='ocr_par' dir='ltr' id='par_1_82' title="bbox 425 4575 1995 4646">
     <span class='ocr_line' id='line_1_83' title="bbox 425 4575 1995 4646; baseline -0.003 -13"><span class='ocrx_word' id='word_1_644' title='bbox 425 4580 481 4633; x_wconf 85' lang='lat' dir='ltr'><strong>J.</strong></span> <span class='ocrx_word' id='word_1_645' title='bbox 515 4575 577 4633; x_wconf 86' lang='lat' dir='ltr'><strong>C.</strong></span> <span class='ocrx_word' id='word_1_646' title='bbox 610 4583 680 4632; x_wconf 78' lang='lat' dir='ltr'><strong>At</strong></span> <span class='ocrx_word' id='word_1_647' title='bbox 709 4594 918 4644; x_wconf 88' lang='lat' dir='ltr'><strong>vocem,</strong></span> <span class='ocrx_word' id='word_1_648' title='bbox 951 4575 1200 4642; x_wconf 85' lang='lat' dir='ltr'><strong>Domino,</strong></span> <span class='ocrx_word' id='word_1_649' title='bbox 1238 4591 1304 4631; x_wconf 88' lang='lat' dir='ltr'><strong>ne</strong></span> <span class='ocrx_word' id='word_1_650' title='bbox 1347 4575 1504 4646; x_wconf 82' lang='lat' dir='ltr'><strong>Vulg.</strong></span> <span class='ocrx_word' id='word_1_651' title='bbox 1537 4577 1756 4646; x_wconf 85' lang='lat' dir='ltr'><strong>quidem</strong></span> <span class='ocrx_word' id='word_1_652' title='bbox 1787 4576 1886 4631; x_wconf 91' lang='lat' dir='ltr'><strong>int.</strong></span> <span class='ocrx_word' id='word_1_653' title='bbox 1917 4575 1995 4629; x_wconf 84' lang='lat' dir='ltr'><strong>le-</strong></span> 
     </span>
    </p>
   </div>
   <div class='ocr_carea' id='block_1_83' title="bbox 427 4650 522 4720">
    <p class='ocr_par' dir='ltr' id='par_1_83' title="bbox 427 4650 522 4720">
     <span class='ocr_line' id='line_1_84' title="bbox 427 4650 522 4720; baseline 0 -19"><span class='ocrx_word' id='word_1_654' title='bbox 427 4650 522 4720; x_wconf 80' lang='lat' dir='ltr'><strong>git.</strong></span> 
     </span>
    </p>
   </div>
   <div class='ocr_carea' id='block_1_84' title="bbox 501 4717 614 4789">
    <p class='ocr_par' dir='ltr' id='par_1_84' title="bbox 501 4717 614 4789">
     <span class='ocr_line' id='line_1_85' title="bbox 501 4717 614 4789; baseline -0.018 0"><span class='ocrx_word' id='word_1_655' title='bbox 501 4717 614 4789; x_wconf 64' lang='grc'>(41)</span> 
     </span>
    </p>
   </div>
   <div class='ocr_carea' id='block_1_85' title="bbox 428 4785 1994 4856">
    <p class='ocr_par' dir='ltr' id='par_1_85' title="bbox 428 4785 1994 4856">
     <span class='ocr_line' id='line_1_86' title="bbox 428 4785 1994 4856; baseline -0.003 -13"><span class='ocrx_word' id='word_1_656' title='bbox 428 4789 481 4843; x_wconf 90' lang='lat' dir='ltr'><strong>id</strong></span> <span class='ocrx_word' id='word_1_657' title='bbox 511 4785 605 4842; x_wconf 76' lang='lat' dir='ltr'><strong>est</strong></span> <span class='ocrx_word' id='word_1_658' title='bbox 637 4790 800 4856; x_wconf 74' lang='lat' dir='ltr'><strong>juxta</strong></span> <span class='ocrx_word' id='word_1_659' title='bbox 845 4788 1126 4840; x_wconf 84' lang='lat' dir='ltr'><strong>adventum</strong></span> <span class='ocrx_word' id='word_1_660' title='bbox 1179 4788 1360 4855; x_wconf 78' lang='lat' dir='ltr'><strong>ipsius.</strong></span> <span class='ocrx_word' id='word_1_661' title='bbox 1402 4787 1482 4856; x_wconf 12' lang='lat' dir='ltr'><strong>iAt</strong></span> <span class='ocrx_word' id='word_1_662' title='bbox 1533 4785 1685 4856; x_wconf 78' lang='lat' dir='ltr'><strong>Vulg.</strong></span> <span class='ocrx_word' id='word_1_663' title='bbox 1728 4785 1994 4856; x_wconf 82' lang='lat' dir='ltr'><strong>interpres</strong></span> 
     </span>
    </p>
   </div>
   <div class='ocr_carea' id='block_1_86' title="bbox 428 4855 1988 4928">
    <p class='ocr_par' dir='ltr' id='par_1_86' title="bbox 428 4855 1988 4928">
     <span class='ocr_line' id='line_1_87' title="bbox 428 4855 1988 4928; baseline -0.003 -16"><span class='ocrx_word' id='word_1_664' title='bbox 428 4855 855 4928; x_wconf 80' lang='lat' dir='ltr'><strong>videturlegisse</strong></span> <span class='ocrx_word' id='word_1_665' title='bbox 885 4867 941 4910; x_wconf 87' lang='lat' dir='ltr'><strong>ut</strong></span> <span class='ocrx_word' id='word_1_666' title='bbox 967 4858 1252 4928; x_wconf 78' lang='lat' dir='ltr'><strong>Didymus;</strong></span> <span class='ocrx_word' id='word_1_667' title='bbox 1279 4855 1442 4910; x_wconf 80' lang='lat' dir='ltr'><strong>vertit</strong></span> <span class='ocrx_word' id='word_1_668' title='bbox 1465 4856 1609 4910; x_wconf 89' lang='lat' dir='ltr'><strong>enim</strong></span> <span class='ocrx_word' id='word_1_669' title='bbox 1635 4855 1988 4922; x_wconf 69' lang='lat' dir='ltr'><strong>itestiﬁcor...</strong></span> 
     </span>
    </p>
   </div>
   <div class='ocr_carea' id='block_1_87' title="bbox 427 4928 1039 4998">
    <p class='ocr_par' dir='ltr' id='par_1_87' title="bbox 427 4928 1039 4998">
     <span class='ocr_line' id='line_1_88' title="bbox 427 4928 1039 4998; baseline 0 -17"><span class='ocrx_word' id='word_1_670' title='bbox 427 4945 518 4998; x_wconf 81' lang='lat' dir='ltr'><strong>per</strong></span> <span class='ocrx_word' id='word_1_671' title='bbox 551 4930 827 4982; x_wconf 81' lang='lat' dir='ltr'><strong>adventum</strong></span> <span class='ocrx_word' id='word_1_672' title='bbox 857 4928 1039 4998; x_wconf 80' lang='lat' dir='ltr'><strong>ipsius.</strong></span> 
     </span>
    </p>
   </div>
   <div class='ocr_carea' id='block_1_88' title="bbox 525 4995 1329 5067">
    <p class='ocr_par' dir='ltr' id='par_1_88' title="bbox 525 4995 1329 5067">
     <span class='ocr_line' id='line_1_89' title="bbox 525 4995 1329 5067; baseline -0.001 -16"><span class='ocrx_word' id='word_1_673' title='bbox 525 4999 613 5067; x_wconf 73' lang='grc'>42)</span> <span class='ocrx_word' id='word_1_674' title='bbox 646 4998 712 5051; x_wconf 81' lang='lat' dir='ltr'><strong>Et</strong></span> <span class='ocrx_word' id='word_1_675' title='bbox 743 4999 830 5050; x_wconf 84' lang='lat' dir='ltr'><strong>ad.</strong></span> <span class='ocrx_word' id='word_1_676' title='bbox 877 4997 1036 5052; x_wconf 81' lang='lat' dir='ltr'><strong>Hebr.</strong></span> <span class='ocrx_word' id='word_1_677' title='bbox 1069 5014 1106 5060; x_wconf 91' lang='lat' dir='ltr'><strong>i,</strong></span> <span class='ocrx_word' id='word_1_678' title='bbox 1140 4996 1173 5048; x_wconf 84' lang='lat'><strong>7</strong></span> <span class='ocrx_word' id='word_1_679' title='bbox 1201 5006 1254 5048; x_wconf 92' lang='lat' dir='ltr'><strong>et</strong></span> <span class='ocrx_word' id='word_1_680' title='bbox 1277 4995 1329 5050; x_wconf 90' lang='lat'><strong>8.</strong></span> 
     </span>
    </p>
   </div>
   <div class='ocr_carea' id='block_1_89' title="bbox 523 5063 1989 5136">
    <p class='ocr_par' dir='ltr' id='par_1_89' title="bbox 523 5063 1989 5136">
     <span class='ocr_line' id='line_1_90' title="bbox 523 5063 1989 5136; baseline -0.003 -16"><span class='ocrx_word' id='word_1_681' title='bbox 523 5063 612 5136; x_wconf 77' lang='grc'>45)</span> <span class='ocrx_word' id='word_1_682' title='bbox 657 5067 917 5122; x_wconf 84' lang='lat' dir='ltr'><strong>Tlironus.</strong></span> <span class='ocrx_word' id='word_1_683' title='bbox 953 5069 1111 5131; x_wconf 86' lang='lat' dir='ltr'><strong>Sive,</strong></span> <span class='ocrx_word' id='word_1_684' title='bbox 1137 5067 1303 5120; x_wconf 85' lang='lat' dir='ltr'><strong>sedes.</strong></span> <span class='ocrx_word' id='word_1_685' title='bbox 1338 5063 1596 5136; x_wconf 27' lang='lat' dir='ltr'><strong>Pssuli;</strong></span> <span class='ocrx_word' id='word_1_686' title='bbox 1633 5077 1775 5117; x_wconf 85' lang='lat' dir='ltr'><strong>vers.</strong></span> <span class='ocrx_word' id='word_1_687' title='bbox 1803 5063 1836 5118; x_wconf 92' lang='lat'><strong>8</strong></span> <span class='ocrx_word' id='word_1_688' title='bbox 1863 5072 1916 5117; x_wconf 88' lang='lat' dir='ltr'><strong>et</strong></span> <span class='ocrx_word' id='word_1_689' title='bbox 1937 5063 1989 5118; x_wconf 87' lang='lat'><strong>9.</strong></span> 
     </span>
    </p>
   </div>
   <div class='ocr_carea' id='block_1_90' title="bbox 431 5133 1996 5208">
    <p class='ocr_par' dir='ltr' id='par_1_90' title="bbox 431 5133 1996 5208">
     <span class='ocr_line' id='line_1_91' title="bbox 431 5133 1996 5208; baseline -0.003 -17"><span class='ocrx_word' id='word_1_690' title='bbox 431 5133 546 5208; x_wconf 80' lang='lat' dir='ltr'><strong>(seu</strong></span> <span class='ocrx_word' id='word_1_691' title='bbox 578 5133 608 5190; x_wconf 84' lang='lat'><strong>7</strong></span> <span class='ocrx_word' id='word_1_692' title='bbox 647 5148 700 5191; x_wconf 91' lang='lat' dir='ltr'><strong>et</strong></span> <span class='ocrx_word' id='word_1_693' title='bbox 732 5138 807 5206; x_wconf 90' lang='grc'><strong>8).</strong></span> <span class='ocrx_word' id='word_1_694' title='bbox 845 5136 1034 5208; x_wconf 60' lang='lat' dir='ltr'><strong>Graeca</strong></span> <span class='ocrx_word' id='word_1_695' title='bbox 1065 5138 1226 5190; x_wconf 86' lang='lat' dir='ltr'><strong>editio</strong></span> <span class='ocrx_word' id='word_1_696' title='bbox 1258 5153 1374 5208; x_wconf 81' lang='lat' dir='ltr'><strong>pro,</strong></span> <span class='ocrx_word' id='word_1_697' title='bbox 1398 5133 1636 5196; x_wconf 84' lang='grc' dir='ltr'><em>ἀδικίαν.</em></span> <span class='ocrx_word' id='word_1_698' title='bbox 1663 5136 1844 5198; x_wconf 87' lang='lat' dir='ltr'><strong>habet,</strong></span> <span class='ocrx_word' id='word_1_699' title='bbox 1870 5135 1996 5187; x_wconf 81' lang='grc' dir='ltr'><em>ἀνο-</em></span> 
     </span>
    </p>
   </div>
   <div class='ocr_carea' id='block_1_91' title="bbox 430 5203 1394 5280">
    <p class='ocr_par' dir='ltr' id='par_1_91' title="bbox 430 5203 1394 5280">
     <span class='ocr_line' id='line_1_92' title="bbox 430 5203 1394 5280; baseline -0.003 -19"><span class='ocrx_word' id='word_1_700' title='bbox 430 5203 818 5280; x_wconf 11' lang='grc' dir='ltr'><em>μίαν,ίει-ιιῐο,</em></span> <span class='ocrx_word' id='word_1_701' title='bbox 845 5207 965 5280; x_wconf 57' lang='grc' dir='ltr'><em>Θεέ,</em></span> <span class='ocrx_word' id='word_1_702' title='bbox 994 5209 1155 5260; x_wconf 88' lang='lat' dir='ltr'><strong>habet</strong></span> <span class='ocrx_word' id='word_1_703' title='bbox 1189 5208 1218 5258; x_wconf 87' lang='grc' dir='ltr'>ὁ</span> <span class='ocrx_word' id='word_1_704' title='bbox 1244 5203 1394 5268; x_wconf 84' lang='grc' dir='ltr'><em>Θεός.</em></span> 
     </span>
    </p>
   </div>
   <div class='ocr_carea' id='block_1_92' title="bbox 503 5277 1516 5347">
    <p class='ocr_par' dir='ltr' id='par_1_92' title="bbox 503 5277 1516 5347">
     <span class='ocr_line' id='line_1_93' title="bbox 503 5277 1516 5347; baseline -0.002 -17"><span class='ocrx_word' id='word_1_705' title='bbox 503 5279 614 5347; x_wconf 74' lang='grc'>(44)</span> <span class='ocrx_word' id='word_1_706' title='bbox 656 5277 912 5347; x_wconf 78' lang='lat' dir='ltr'><strong>Regnum.</strong></span> <span class='ocrx_word' id='word_1_707' title='bbox 931 5277 1020 5331; x_wconf 88' lang='lat' dir='ltr'><strong>Ps.</strong></span> <span class='ocrx_word' id='word_1_708' title='bbox 1048 5293 1230 5339; x_wconf 79' lang='lat' dir='ltr'><strong>cxuv,</strong></span> <span class='ocrx_word' id='word_1_709' title='bbox 1262 5293 1404 5347; x_wconf 82' lang='lat' dir='ltr'><strong>vers.</strong></span> <span class='ocrx_word' id='word_1_710' title='bbox 1432 5277 1516 5330; x_wconf 79' lang='lat' dir='ltr'><strong>l5.</strong></span> 
     </span>
    </p>
   </div>
   <div class='ocr_carea' id='block_1_93' title="bbox 499 5343 1993 5419">
    <p class='ocr_par' dir='ltr' id='par_1_93' title="bbox 499 5343 1993 5419">
     <span class='ocr_line' id='line_1_94' title="bbox 499 5343 1993 5419; baseline -0.003 -18"><span class='ocrx_word' id='word_1_711' title='bbox 499 5343 611 5419; x_wconf 81' lang='grc'>(45)</span> <span class='ocrx_word' id='word_1_712' title='bbox 654 5343 796 5400; x_wconf 66' lang='grc' dir='ltr'><strong>Ιη’χ</strong></span> <span class='ocrx_word' id='word_1_713' title='bbox 846 5348 1068 5410; x_wconf 82' lang='lat' dir='ltr'><strong>psalmo.</strong></span> <span class='ocrx_word' id='word_1_714' title='bbox 1105 5349 1236 5401; x_wconf 73' lang='lat' dir='ltr'><strong>Cum</strong></span> <span class='ocrx_word' id='word_1_715' title='bbox 1283 5346 1621 5419; x_wconf 84' lang='lat' dir='ltr'><strong>Psalmorum</strong></span> <span class='ocrx_word' id='word_1_716' title='bbox 1675 5345 1882 5419; x_wconf 74' lang='lat' dir='ltr'><strong>numeri</strong></span> <span class='ocrx_word' id='word_1_717' title='bbox 1943 5343 1993 5419; x_wconf 81' lang='lat' dir='ltr'><strong>in</strong></span> 
     </span>
    </p>
   </div>
   <div class='ocr_carea' id='block_1_94' title="bbox 425 5414 1995 5486">
    <p class='ocr_par' dir='ltr' id='par_1_94' title="bbox 425 5414 1995 5486">
     <span class='ocr_line' id='line_1_95' title="bbox 425 5414 1995 5486; baseline -0.006 -12"><span class='ocrx_word' id='word_1_718' title='bbox 425 5414 616 5475; x_wconf 65' lang='lat' dir='ltr'><strong>Graeca</strong></span> <span class='ocrx_word' id='word_1_719' title='bbox 651 5419 886 5472; x_wconf 86' lang='lat' dir='ltr'><strong>editione</strong></span> <span class='ocrx_word' id='word_1_720' title='bbox 913 5434 942 5470; x_wconf 90' lang='lat' dir='ltr'><strong>a</strong></span> <span class='ocrx_word' id='word_1_721' title='bbox 975 5418 1213 5470; x_wconf 89' lang='lat' dir='ltr'><strong>numeris</strong></span> <span class='ocrx_word' id='word_1_722' title='bbox 1241 5418 1566 5486; x_wconf 87' lang='lat' dir='ltr'><strong>discrepent,</strong></span> <span class='ocrx_word' id='word_1_723' title='bbox 1599 5431 1734 5485; x_wconf 89' lang='lat' dir='ltr'><strong>quos</strong></span> <span class='ocrx_word' id='word_1_724' title='bbox 1765 5414 1995 5486; x_wconf 63' lang='lat' dir='ltr'><strong>Hebrai-</strong></span> 
     </span>
    </p>
   </div>
   <div class='ocr_carea' id='block_1_95' title="bbox 426 5484 1994 5558">
    <p class='ocr_par' dir='ltr' id='par_1_95' title="bbox 426 5484 1994 5558">
     <span class='ocr_line' id='line_1_96' title="bbox 426 5484 1994 5558; baseline -0.005 -14"><span class='ocrx_word' id='word_1_725' title='bbox 426 5504 550 5544; x_wconf 87' lang='lat' dir='ltr'><strong>cum</strong></span> <span class='ocrx_word' id='word_1_726' title='bbox 584 5487 1070 5558; x_wconf 74' lang='lat' dir='ltr'><strong>exeinplarbabet,</strong></span> <span class='ocrx_word' id='word_1_727' title='bbox 1105 5488 1212 5540; x_wconf 89' lang='lat' dir='ltr'><strong>imo</strong></span> <span class='ocrx_word' id='word_1_728' title='bbox 1241 5501 1307 5541; x_wconf 77' lang='lat' dir='ltr'><strong>ex</strong></span> <span class='ocrx_word' id='word_1_729' title='bbox 1342 5484 1443 5540; x_wconf 79' lang='lat' dir='ltr'><strong>hoc</strong></span> <span class='ocrx_word' id='word_1_730' title='bbox 1476 5484 1802 5558; x_wconf 33' lang='lat' dir='ltr'><strong>ipso,’qiiein</strong></span> <span class='ocrx_word' id='word_1_731' title='bbox 1829 5484 1994 5558; x_wconf 80' lang='lat' dir='ltr'><strong>Didy-</strong></span> 
     </span>
    </p>
   </div>
   <div class='ocr_carea' id='block_1_96' title="bbox 431 5556 1994 5626">
    <p class='ocr_par' dir='ltr' id='par_1_96' title="bbox 431 5556 1994 5626">
     <span class='ocr_line' id='line_1_97' title="bbox 431 5556 1994 5626; baseline -0.003 -13"><span class='ocrx_word' id='word_1_732' title='bbox 431 5577 550 5614; x_wconf 85' lang='lat' dir='ltr'><strong>nius</strong></span> <span class='ocrx_word' id='word_1_733' title='bbox 576 5561 727 5622; x_wconf 88' lang='lat' dir='ltr'><strong>citat,</strong></span> <span class='ocrx_word' id='word_1_734' title='bbox 745 5556 970 5626; x_wconf 82' lang='lat' dir='ltr'><strong>psalmo</strong></span> <span class='ocrx_word' id='word_1_735' title='bbox 999 5557 1361 5624; x_wconf 77' lang='lat' dir='ltr'><strong>discrepantia</strong></span> <span class='ocrx_word' id='word_1_736' title='bbox 1389 5557 1703 5610; x_wconf 80' lang='lat' dir='ltr'><strong>exordiatur</strong></span> <span class='ocrx_word' id='word_1_737' title='bbox 1731 5556 1994 5626; x_wconf 75' lang='lat' dir='ltr'><strong>(psalmus</strong></span> 
     </span>
    </p>
   </div>
   <div class='ocr_carea' id='block_1_97' title="bbox 427 5624 1994 5697">
    <p class='ocr_par' dir='ltr' id='par_1_97' title="bbox 427 5624 1994 5697">
     <span class='ocr_line' id='line_1_98' title="bbox 427 5624 1994 5697; baseline -0.004 -14"><span class='ocrx_word' id='word_1_738' title='bbox 427 5632 594 5692; x_wconf 90' lang='lat' dir='ltr'><strong>enim,</strong></span> <span class='ocrx_word' id='word_1_739' title='bbox 638 5633 726 5697; x_wconf 88' lang='lat' dir='ltr'><strong>qui</strong></span> <span class='ocrx_word' id='word_1_740' title='bbox 761 5624 962 5682; x_wconf 69' lang='lat' dir='ltr'><strong>Graecis</strong></span> <span class='ocrx_word' id='word_1_741' title='bbox 997 5637 1082 5681; x_wconf 91' lang='lat' dir='ltr'><strong>est</strong></span> <span class='ocrx_word' id='word_1_742' title='bbox 1128 5642 1318 5692; x_wconf 86' lang='lat' dir='ltr'><strong>nonus,</strong></span> <span class='ocrx_word' id='word_1_743' title='bbox 1358 5627 1411 5681; x_wconf 91' lang='lat' dir='ltr'><strong>in</strong></span> <span class='ocrx_word' id='word_1_744' title='bbox 1460 5625 1706 5697; x_wconf 74' lang='lat' dir='ltr'><strong>duosab</strong></span> <span class='ocrx_word' id='word_1_745' title='bbox 1752 5624 1994 5678; x_wconf 67' lang='lat' dir='ltr'><strong>Hebraeis</strong></span> 
     </span>
    </p>
   </div>
   <div class='ocr_carea' id='block_1_98' title="bbox 425 5695 1990 5768">
    <p class='ocr_par' dir='ltr' id='par_1_98' title="bbox 425 5695 1990 5768">
     <span class='ocr_line' id='line_1_99' title="bbox 425 5695 1990 5768; baseline -0.003 -12"><span class='ocrx_word' id='word_1_746' title='bbox 425 5695 670 5765; x_wconf 71' lang='lat' dir='ltr'><strong>secatur,</strong></span> <span class='ocrx_word' id='word_1_747' title='bbox 692 5713 920 5768; x_wconf 86' lang='lat' dir='ltr'><strong>quorum</strong></span> <span class='ocrx_word' id='word_1_748' title='bbox 963 5701 1096 5755; x_wconf 85' lang='lat' dir='ltr'><strong>alter</strong></span> <span class='ocrx_word' id='word_1_749' title='bbox 1134 5711 1308 5755; x_wconf 87' lang='lat' dir='ltr'><strong>nonus</strong></span> <span class='ocrx_word' id='word_1_750' title='bbox 1337 5699 1405 5753; x_wconf 84' lang='lat' dir='ltr'><strong>ab</strong></span> <span class='ocrx_word' id='word_1_751' title='bbox 1439 5697 1549 5754; x_wconf 88' lang='lat' dir='ltr'><strong>illis</strong></span> <span class='ocrx_word' id='word_1_752' title='bbox 1593 5695 1816 5760; x_wconf 88' lang='lat' dir='ltr'><strong>dicitur,</strong></span> <span class='ocrx_word' id='word_1_753' title='bbox 1855 5698 1990 5752; x_wconf 77' lang='lat' dir='ltr'><strong>alter</strong></span> 
     </span>
    </p>
   </div>
   <div class='ocr_carea' id='block_1_99' title="bbox 657 4715 1993 4786">
    <p class='ocr_par' dir='ltr' id='par_1_99' title="bbox 657 4715 1993 4786">
     <span class='ocr_line' id='line_1_100' title="bbox 657 4715 1993 4786; baseline -0.004 -15"><span class='ocrx_word' id='word_1_754' title='bbox 657 4716 724 4771; x_wconf 87' lang='lat' dir='ltr'><strong>Et</strong></span> <span class='ocrx_word' id='word_1_755' title='bbox 755 4718 1050 4771; x_wconf 84' lang='lat' dir='ltr'><strong>adventum.</strong></span> <span class='ocrx_word' id='word_1_756' title='bbox 1081 4715 1265 4772; x_wconf 64' lang='lat' dir='ltr'><strong>Graeca</strong></span> <span class='ocrx_word' id='word_1_757' title='bbox 1301 4716 1471 4771; x_wconf 88' lang='lat' dir='ltr'><strong>editio</strong></span> <span class='ocrx_word' id='word_1_758' title='bbox 1503 4735 1516 4769; x_wconf 90' lang='lat'><strong>:</strong></span> <span class='ocrx_word' id='word_1_759' title='bbox 1546 4732 1686 4769; x_wconf 75' lang='grc' dir='ltr'><em>κατα</em></span> <span class='ocrx_word' id='word_1_760' title='bbox 1714 4716 1837 4786; x_wconf 82' lang='grc' dir='ltr'><em>τήν,</em></span> <span class='ocrx_word' id='word_1_761' title='bbox 1863 4721 1993 4778; x_wconf 88' lang='lat' dir='ltr'><strong>etc.,</strong></span> 
     </span>
    </p>
   </div>
   <div class='ocr_carea' id='block_1_100' title="bbox 2102 3192 3654 3270">
    <p class='ocr_par' dir='ltr' id='par_1_100' title="bbox 2102 3192 3654 3270">
     <span class='ocr_line' id='line_1_101' title="bbox 2102 3192 3654 3270; baseline -0.005 -18"><span class='ocrx_word' id='word_1_762' title='bbox 2102 3216 2194 3270; x_wconf 87' lang='grc' dir='ltr'><em>χον</em></span> <span class='ocrx_word' id='word_1_763' title='bbox 2225 3198 2390 3253; x_wconf 80' lang='grc' dir='ltr'><em>αὑτοῦ</em></span> <span class='ocrx_word' id='word_1_764' title='bbox 2433 3198 2528 3251; x_wconf 82' lang='grc' dir='ltr'><strong>καὶ</strong></span> <span class='ocrx_word' id='word_1_765' title='bbox 2576 3197 2878 3267; x_wconf 80' lang='grc' dir='ltr'><em>ἀπέραντον</em></span> <span class='ocrx_word' id='word_1_766' title='bbox 2925 3196 3023 3268; x_wconf 79' lang='grc' dir='ltr'><strong>τὴν</strong></span> <span class='ocrx_word' id='word_1_767' title='bbox 3075 3195 3350 3266; x_wconf 80' lang='grc' dir='ltr'><em>βασιλείαν</em></span> <span class='ocrx_word' id='word_1_768' title='bbox 3402 3192 3540 3250; x_wconf 76' lang='grc' dir='ltr'><em>εἶναι</em></span> <span class='ocrx_word' id='word_1_769' title='bbox 3585 3212 3654 3246; x_wconf 80' lang='grc' dir='ltr'><strong>πι-</strong></span> 
     </span>
    </p>
   </div>
   <div class='ocr_carea' id='block_1_101' title="bbox 2105 3288 3652 3360">
    <p class='ocr_par' dir='ltr' id='par_1_101' title="bbox 2105 3288 3652 3360">
     <span class='ocr_line' id='line_1_102' title="bbox 2105 3288 3652 3360; baseline -0.003 -16"><span class='ocrx_word' id='word_1_770' title='bbox 2105 3291 2390 3354; x_wconf 81' lang='grc' dir='ltr'><em>στεύοντας</em></span> <span class='ocrx_word' id='word_1_771' title='bbox 2418 3332 2433 3357; x_wconf 94' lang='grc'><strong>,</strong></span> <span class='ocrx_word' id='word_1_772' title='bbox 2463 3289 2785 3358; x_wconf 75' lang='grc' dir='ltr'><strong>ἀπωσθῆναι</strong></span> <span class='ocrx_word' id='word_1_773' title='bbox 2823 3289 2900 3354; x_wconf 83' lang='grc' dir='ltr'><em>δὲ,</em></span> <span class='ocrx_word' id='word_1_774' title='bbox 2930 3289 3005 3351; x_wconf 78' lang='grc' dir='ltr'><em>ὡς</em></span> <span class='ocrx_word' id='word_1_775' title='bbox 3042 3288 3222 3360; x_wconf 83' lang='grc' dir='ltr'><em>μικρῷ</em></span> <span class='ocrx_word' id='word_1_776' title='bbox 3252 3289 3492 3359; x_wconf 77' lang='grc' dir='ltr'><em>πρόσθεν</em></span> <span class='ocrx_word' id='word_1_777' title='bbox 3529 3291 3652 3360; x_wconf 68' lang='grc' dir='ltr'><em>εἴρη-</em></span> 
     </span>
    </p>
   </div>
   <div class='ocr_carea' id='block_1_102' title="bbox 2099 3378 3651 3454">
    <p class='ocr_par' dir='ltr' id='par_1_102' title="bbox 2099 3378 3651 3454">
     <span class='ocr_line' id='line_1_103' title="bbox 2099 3378 3651 3454; baseline -0.003 -18"><span class='ocrx_word' id='word_1_778' title='bbox 2099 3400 2210 3445; x_wconf 84' lang='grc' dir='ltr'><em>ται,</em></span> <span class='ocrx_word' id='word_1_779' title='bbox 2250 3384 2375 3445; x_wconf 79' lang='grc' dir='ltr'><em>τοὺς</em></span> <span class='ocrx_word' id='word_1_780' title='bbox 2417 3383 2492 3454; x_wconf 84' lang='grc' dir='ltr'><strong>μὴ</strong></span> <span class='ocrx_word' id='word_1_781' title='bbox 2537 3381 2840 3453; x_wconf 76' lang='grc' dir='ltr'><em>κράζοντας</em></span> <span class='ocrx_word' id='word_1_782' title='bbox 2895 3379 3037 3434; x_wconf 79' lang='grc' dir='ltr'><strong>κατὰ</strong></span> <span class='ocrx_word' id='word_1_783' title='bbox 3085 3380 3173 3433; x_wconf 80' lang='grc' dir='ltr'><strong>τὸν</strong></span> <span class='ocrx_word' id='word_1_784' title='bbox 3220 3380 3536 3451; x_wconf 78' lang='grc' dir='ltr'><em>Ναθαναήλ·</em></span> <span class='ocrx_word' id='word_1_785' title='bbox 3585 3378 3651 3433; x_wconf 83' lang='grc' dir='ltr'><strong>Σὺ</strong></span> 
     </span>
    </p>
   </div>
   <div class='ocr_carea' id='block_1_103' title="bbox 2098 3467 3654 3539">
    <p class='ocr_par' dir='ltr' id='par_1_103' title="bbox 2098 3467 3654 3539">
     <span class='ocr_line' id='line_1_104' title="bbox 2098 3467 3654 3539; baseline -0.004 -10"><span class='ocrx_word' id='word_1_786' title='bbox 2098 3471 2158 3529; x_wconf 82' lang='grc' dir='ltr'><em>εἷ</em></span> <span class='ocrx_word' id='word_1_787' title='bbox 2207 3477 2240 3527; x_wconf 86' lang='grc' dir='ltr'><strong>ό</strong></span> <span class='ocrx_word' id='word_1_788' title='bbox 2307 3475 2433 3539; x_wconf 76' lang='grc' dir='ltr'><strong>Υἱὸς</strong></span> <span class='ocrx_word' id='word_1_789' title='bbox 2485 3473 2592 3527; x_wconf 83' lang='grc' dir='ltr'><strong>τοῦ</strong></span> <span class='ocrx_word' id='word_1_790' title='bbox 2657 3472 2836 3536; x_wconf 84' lang='grc' dir='ltr'><em>Θεοῦ,</em></span> <span class='ocrx_word' id='word_1_791' title='bbox 2891 3472 2972 3526; x_wconf 89' lang='grc' dir='ltr'><em>σὺ</em></span> <span class='ocrx_word' id='word_1_792' title='bbox 3025 3467 3080 3525; x_wconf 81' lang='lat' dir='ltr'><strong>el</strong></span> <span class='ocrx_word' id='word_1_793' title='bbox 3130 3475 3162 3525; x_wconf 90' lang='grc' dir='ltr'><strong>ό</strong></span> <span class='ocrx_word' id='word_1_794' title='bbox 3207 3473 3512 3536; x_wconf 63' lang='grc' dir='ltr'><em>Βασιλεὺς</em></span> <span class='ocrx_word' id='word_1_795' title='bbox 3555 3471 3654 3524; x_wconf 79' lang='grc' dir='ltr'><strong>τῶν</strong></span> 
     </span>
    </p>
   </div>
   <div class='ocr_carea' id='block_1_104' title="bbox 2093 3563 3650 3635">
    <p class='ocr_par' dir='ltr' id='par_1_104' title="bbox 2093 3563 3650 3635">
     <span class='ocr_line' id='line_1_105' title="bbox 2093 3563 3650 3635; baseline -0.004 -15"><span class='ocrx_word' id='word_1_796' title='bbox 2093 3565 2483 3635; x_wconf 69' lang='grc' dir='ltr'><em>Χριστιανῶν-⁸</em></span> <span class='ocrx_word' id='word_1_797' title='bbox 2564 3567 2673 3619; x_wconf 75' lang='grc' dir='ltr'><strong>Καὶ</strong></span> <span class='ocrx_word' id='word_1_798' title='bbox 2753 3564 2850 3635; x_wconf 80' lang='grc' dir='ltr'><strong>τὴν</strong></span> <span class='ocrx_word' id='word_1_799' title='bbox 2911 3564 3244 3635; x_wconf 74' lang='grc' dir='ltr'><em>προφητείαν</em></span> <span class='ocrx_word' id='word_1_800' title='bbox 3295 3563 3351 3616; x_wconf 82' lang='grc' dir='ltr'><em>δὲ</em></span> <span class='ocrx_word' id='word_1_801' title='bbox 3415 3566 3650 3621; x_wconf 75' lang='grc' dir='ltr'><em>Ἡσαΐου.</em></span> 
     </span>
    </p>
   </div>
   <div class='ocr_carea' id='block_1_105' title="bbox 2095 3656 3654 3727">
    <p class='ocr_par' dir='ltr' id='par_1_105' title="bbox 2095 3656 3654 3727">
     <span class='ocr_line' id='line_1_106' title="bbox 2095 3656 3654 3727; baseline -0.003 -16"><span class='ocrx_word' id='word_1_802' title='bbox 2095 3658 2194 3727; x_wconf 81' lang='grc' dir='ltr'><strong>τὴν</strong></span> <span class='ocrx_word' id='word_1_803' title='bbox 2263 3657 2543 3725; x_wconf 77' lang='grc' dir='ltr'><em>λέγουσαν.</em></span> <span class='ocrx_word' id='word_1_804' title='bbox 2605 3656 2721 3711; x_wconf 78' lang='grc' dir='ltr'><em>Τὸν</em></span> <span class='ocrx_word' id='word_1_805' title='bbox 2803 3658 3070 3709; x_wconf 79' lang='grc' dir='ltr'><em>Βασιλέα</em></span> <span class='ocrx_word' id='word_1_806' title='bbox 3141 3656 3360 3725; x_wconf 83' lang='grc' dir='ltr'><em>Κύριον</em></span> <span class='ocrx_word' id='word_1_807' title='bbox 3439 3656 3654 3710; x_wconf 71' lang='grc' dir='ltr'><em>Σαϐαὼθ</em></span> 
     </span>
    </p>
   </div>
   <div class='ocr_carea' id='block_1_106' title="bbox 2097 3746 3654 3819">
    <p class='ocr_par' dir='ltr' id='par_1_106' title="bbox 2097 3746 3654 3819">
     <span class='ocr_line' id='line_1_107' title="bbox 2097 3746 3654 3819; baseline -0.004 -17"><span class='ocrx_word' id='word_1_808' title='bbox 2097 3748 2232 3802; x_wconf 74' lang='grc' dir='ltr'><em>ἴδον</em></span> <span class='ocrx_word' id='word_1_809' title='bbox 2272 3747 2396 3812; x_wconf 86' lang='grc' dir='ltr'><em>τοῖς</em></span> <span class='ocrx_word' id='word_1_810' title='bbox 2441 3746 2775 3815; x_wconf 66' lang='grc' dir='ltr'><em>ὀφθαλμοῖς</em></span> <span class='ocrx_word' id='word_1_811' title='bbox 2806 3767 2960 3816; x_wconf 83' lang='grc' dir='ltr'><em>μου,</em></span> <span class='ocrx_word' id='word_1_812' title='bbox 3009 3747 3221 3810; x_wconf 80' lang='grc' dir='ltr'><em>Παῦλος</em></span> <span class='ocrx_word' id='word_1_813' title='bbox 3256 3747 3356 3818; x_wconf 81' lang='grc' dir='ltr'><strong>μὲν</strong></span> <span class='ocrx_word' id='word_1_814' title='bbox 3396 3749 3477 3819; x_wconf 83' lang='grc' dir='ltr'><strong>τῷ</strong></span> <span class='ocrx_word' id='word_1_815' title='bbox 3510 3748 3654 3801; x_wconf 65' lang='lat' dir='ltr'><strong>lived-</strong></span> 
     </span>
    </p>
   </div>
   <div class='ocr_carea' id='block_1_107' title="bbox 2102 3838 3653 3915">
    <p class='ocr_par' dir='ltr' id='par_1_107' title="bbox 2102 3838 3653 3915">
     <span class='ocr_line' id='line_1_108' title="bbox 2102 3838 3653 3915; baseline -0.003 -20"><span class='ocrx_word' id='word_1_816' title='bbox 2102 3856 2232 3911; x_wconf 83' lang='grc' dir='ltr'><em>ματι</em></span> <span class='ocrx_word' id='word_1_817' title='bbox 2281 3840 2376 3894; x_wconf 83' lang='grc' dir='ltr'><strong>τοῦ</strong></span> <span class='ocrx_word' id='word_1_818' title='bbox 2431 3839 2566 3892; x_wconf 80' lang='grc' dir='ltr'><em>Θεοῦ</em></span> <span class='ocrx_word' id='word_1_819' title='bbox 2614 3838 2912 3909; x_wconf 77' lang='grc' dir='ltr'><em>ἀνέθηκεν,</em></span> <span class='ocrx_word' id='word_1_820' title='bbox 2976 3840 3225 3915; x_wconf 77' lang='grc' dir='ltr'><em>Ἰωάννης</em></span> <span class='ocrx_word' id='word_1_821' title='bbox 3295 3839 3350 3892; x_wconf 83' lang='grc' dir='ltr'><em>δὲ</em></span> <span class='ocrx_word' id='word_1_822' title='bbox 3397 3841 3478 3912; x_wconf 81' lang='grc' dir='ltr'><strong>τῷ</strong></span> <span class='ocrx_word' id='word_1_823' title='bbox 3511 3843 3653 3894; x_wconf 84' lang='grc' dir='ltr'><em>Μονο-</em></span> 
     </span>
    </p>
   </div>
   <div class='ocr_carea' id='block_1_108' title="bbox 2113 4011 3651 4084">
    <p class='ocr_par' dir='ltr' id='par_1_108' title="bbox 2113 4011 3651 4084">
     <span class='ocr_line' id='line_1_109' title="bbox 2113 4011 3651 4084; baseline -0.003 -15"><span class='ocrx_word' id='word_1_824' title='bbox 2113 4011 2415 4084; x_wconf 89' lang='lat' dir='ltr'><strong>decimus);</strong></span> <span class='ocrx_word' id='word_1_825' title='bbox 2451 4012 2734 4082; x_wconf 87' lang='lat' dir='ltr'><strong>theologus</strong></span> <span class='ocrx_word' id='word_1_826' title='bbox 2767 4023 2950 4084; x_wconf 84' lang='lat' dir='ltr'><strong>noster</strong></span> <span class='ocrx_word' id='word_1_827' title='bbox 2983 4013 3185 4068; x_wconf 60' lang='lat' dir='ltr'><strong>Graecae</strong></span> <span class='ocrx_word' id='word_1_828' title='bbox 3209 4014 3466 4069; x_wconf 78' lang='lat' dir='ltr'><strong>editionis</strong></span> <span class='ocrx_word' id='word_1_829' title='bbox 3494 4029 3651 4068; x_wconf 84' lang='lat' dir='ltr'><strong>nume-</strong></span> 
     </span>
    </p>
   </div>
   <div class='ocr_carea' id='block_1_109' title="bbox 2095 4083 3650 4152">
    <p class='ocr_par' dir='ltr' id='par_1_109' title="bbox 2095 4083 3650 4152">
     <span class='ocr_line' id='line_1_110' title="bbox 2095 4083 3650 4152; baseline 0 -15"><span class='ocrx_word' id='word_1_830' title='bbox 2095 4099 2187 4139; x_wconf 90' lang='lat' dir='ltr'><strong>ros</strong></span> <span class='ocrx_word' id='word_1_831' title='bbox 2221 4083 2374 4152; x_wconf 89' lang='lat' dir='ltr'><strong>sequi</strong></span> <span class='ocrx_word' id='word_1_832' title='bbox 2422 4084 2724 4138; x_wconf 90' lang='lat' dir='ltr'><strong>consuevit.</strong></span> <span class='ocrx_word' id='word_1_833' title='bbox 2780 4083 2886 4137; x_wconf 89' lang='lat' dir='ltr'><strong>Sed</strong></span> <span class='ocrx_word' id='word_1_834' title='bbox 2943 4086 3045 4138; x_wconf 89' lang='lat' dir='ltr'><strong>hoc</strong></span> <span class='ocrx_word' id='word_1_835' title='bbox 3092 4084 3144 4137; x_wconf 92' lang='lat' dir='ltr'><strong>in</strong></span> <span class='ocrx_word' id='word_1_836' title='bbox 3185 4084 3302 4139; x_wconf 91' lang='lat' dir='ltr'><strong>loco</strong></span> <span class='ocrx_word' id='word_1_837' title='bbox 3328 4083 3650 4139; x_wconf 77' lang='lat' dir='ltr'><strong>Hebraeorum</strong></span> 
     </span>
    </p>
   </div>
   <div class='ocr_carea' id='block_1_110' title="bbox 2097 4153 3647 4224">
    <p class='ocr_par' dir='ltr' id='par_1_110' title="bbox 2097 4153 3647 4224">
     <span class='ocr_line' id='line_1_111' title="bbox 2097 4153 3647 4224; baseline -0.001 -18"><span class='ocrx_word' id='word_1_838' title='bbox 2097 4168 2350 4218; x_wconf 90' lang='lat' dir='ltr'><strong>numero,</strong></span> <span class='ocrx_word' id='word_1_839' title='bbox 2383 4169 2489 4224; x_wconf 87' lang='lat' dir='ltr'><strong>qua</strong></span> <span class='ocrx_word' id='word_1_840' title='bbox 2519 4153 2788 4224; x_wconf 70' lang='lat' dir='ltr'><strong>decausa</strong></span> <span class='ocrx_word' id='word_1_841' title='bbox 2823 4156 3026 4218; x_wconf 89' lang='lat' dir='ltr'><strong>nescio,</strong></span> <span class='ocrx_word' id='word_1_842' title='bbox 3074 4155 3262 4208; x_wconf 89' lang='lat' dir='ltr'><strong>utitur.</strong></span> <span class='ocrx_word' id='word_1_843' title='bbox 3313 4153 3573 4208; x_wconf 76' lang='lat' dir='ltr'><strong>Nimirum</strong></span> <span class='ocrx_word' id='word_1_844' title='bbox 3606 4156 3647 4206; x_wconf 90' lang='lat' dir='ltr'><strong>in</strong></span> 
     </span>
    </p>
   </div>
   <div class='ocr_carea' id='block_1_111' title="bbox 2097 4222 3646 4293">
    <p class='ocr_par' dir='ltr' id='par_1_111' title="bbox 2097 4222 3646 4293">
     <span class='ocr_line' id='line_1_112' title="bbox 2097 4222 3646 4293; baseline -0.001 -17"><span class='ocrx_word' id='word_1_845' title='bbox 2097 4225 2326 4293; x_wconf 87' lang='lat' dir='ltr'><strong>psalmo,</strong></span> <span class='ocrx_word' id='word_1_846' title='bbox 2377 4222 2469 4292; x_wconf 79' lang='lat' dir='ltr'><strong>qui</strong></span> <span class='ocrx_word' id='word_1_847' title='bbox 2519 4222 2759 4278; x_wconf 63' lang='lat' dir='ltr'><strong>Hebraeis</strong></span> <span class='ocrx_word' id='word_1_848' title='bbox 2809 4234 2892 4279; x_wconf 89' lang='lat' dir='ltr'><strong>est</strong></span> <span class='ocrx_word' id='word_1_849' title='bbox 2917 4224 3179 4286; x_wconf 88' lang='lat' dir='ltr'><strong>decimus,</strong></span> <span class='ocrx_word' id='word_1_850' title='bbox 3225 4240 3367 4278; x_wconf 83' lang='lat' dir='ltr'><strong>vers.</strong></span> <span class='ocrx_word' id='word_1_851' title='bbox 3410 4227 3476 4279; x_wconf 77' lang='lat'><strong>16</strong></span> <span class='ocrx_word' id='word_1_852' title='bbox 3512 4225 3646 4292; x_wconf 84' lang='lat' dir='ltr'><strong>(apud</strong></span> 
     </span>
    </p>
   </div>
   <div class='ocr_carea' id='block_1_112' title="bbox 2100 4293 3649 4364">
    <p class='ocr_par' dir='ltr' id='par_1_112' title="bbox 2100 4293 3649 4364">
     <span class='ocr_line' id='line_1_113' title="bbox 2100 4293 3649 4364; baseline -0.001 -19"><span class='ocrx_word' id='word_1_853' title='bbox 2100 4293 2318 4364; x_wconf 63' lang='lat' dir='ltr'><strong>Graecos</strong></span> <span class='ocrx_word' id='word_1_854' title='bbox 2349 4293 2464 4364; x_wconf 75' lang='lat' dir='ltr'><strong>XL),</strong></span> <span class='ocrx_word' id='word_1_855' title='bbox 2513 4293 2701 4364; x_wconf 61' lang='lat' dir='ltr'><strong>Graeca</strong></span> <span class='ocrx_word' id='word_1_856' title='bbox 2749 4293 2917 4348; x_wconf 85' lang='lat' dir='ltr'><strong>editio</strong></span> <span class='ocrx_word' id='word_1_857' title='bbox 2954 4297 3156 4348; x_wconf 88' lang='lat' dir='ltr'><strong>habet:</strong></span> <span class='ocrx_word' id='word_1_858' title='bbox 3188 4294 3391 4364; x_wconf 81' lang='grc' dir='ltr'><em>Κύριος</em></span> <span class='ocrx_word' id='word_1_859' title='bbox 3425 4294 3649 4363; x_wconf 72' lang='grc' dir='ltr'><em>βασιλεὺς</em></span> 
     </span>
    </p>
   </div>
   <div class='ocr_carea' id='block_1_113' title="bbox 2030 4363 3649 4429">
    <p class='ocr_par' dir='ltr' id='par_1_113' title="bbox 2030 4363 3649 4429">
     <span class='ocr_line' id='line_1_114' title="bbox 2030 4363 3649 4429; baseline -0.001 -14"><span class='ocrx_word' id='word_1_860' title='bbox 2030 4373 2072 4426; x_wconf 79' lang='grc' dir='ltr'>ο</span> <span class='ocrx_word' id='word_1_861' title='bbox 2100 4364 2181 4425; x_wconf 76' lang='grc' dir='ltr'><em>εἰς</em></span> <span class='ocrx_word' id='word_1_862' title='bbox 2205 4363 2296 4416; x_wconf 82' lang='grc' dir='ltr'><strong>τὸν</strong></span> <span class='ocrx_word' id='word_1_863' title='bbox 2326 4363 2518 4426; x_wconf 70' lang='grc' dir='ltr'><em>αἰῶνα,</em></span> <span class='ocrx_word' id='word_1_864' title='bbox 2546 4363 2642 4416; x_wconf 75' lang='grc' dir='ltr'><strong>καὶ</strong></span> <span class='ocrx_word' id='word_1_865' title='bbox 2665 4365 2745 4426; x_wconf 75' lang='grc' dir='ltr'><em>εἰς</em></span> <span class='ocrx_word' id='word_1_866' title='bbox 2781 4364 2872 4416; x_wconf 82' lang='grc' dir='ltr'><strong>τὸν</strong></span> <span class='ocrx_word' id='word_1_867' title='bbox 2907 4366 3080 4418; x_wconf 76' lang='grc' dir='ltr'><em>αἰῶνα</em></span> <span class='ocrx_word' id='word_1_868' title='bbox 3110 4365 3202 4417; x_wconf 82' lang='grc' dir='ltr'><strong>τοῦ</strong></span> <span class='ocrx_word' id='word_1_869' title='bbox 3252 4363 3468 4429; x_wconf 80' lang='grc' dir='ltr'><em>αἰῶνος,</em></span> <span class='ocrx_word' id='word_1_870' title='bbox 3507 4368 3552 4418; x_wconf 91' lang='lat' dir='ltr'><strong>id</strong></span> <span class='ocrx_word' id='word_1_871' title='bbox 3583 4372 3649 4418; x_wconf 82' lang='lat' dir='ltr'><strong>est</strong></span> 
     </span>
    </p>
   </div>
   <div class='ocr_carea' id='block_1_114' title="bbox 2103 4433 3644 4498">
    <p class='ocr_par' dir='ltr' id='par_1_114' title="bbox 2103 4433 3644 4498">
     <span class='ocr_line' id='line_1_115' title="bbox 2103 4433 3644 4498; baseline 0.001 -15"><span class='ocrx_word' id='word_1_872' title='bbox 2103 4433 2353 4487; x_wconf 88' lang='lat' dir='ltr'><strong>Dominus</strong></span> <span class='ocrx_word' id='word_1_873' title='bbox 2411 4450 2504 4486; x_wconf 70' lang='lat' dir='ltr'><strong>rex</strong></span> <span class='ocrx_word' id='word_1_874' title='bbox 2550 4435 2604 4486; x_wconf 88' lang='lat' dir='ltr'><strong>in</strong></span> <span class='ocrx_word' id='word_1_875' title='bbox 2647 4436 2922 4498; x_wconf 82' lang='lat' dir='ltr'><strong>swculum,</strong></span> <span class='ocrx_word' id='word_1_876' title='bbox 2962 4446 3011 4489; x_wconf 87' lang='lat' dir='ltr'><strong>et</strong></span> <span class='ocrx_word' id='word_1_877' title='bbox 3059 4436 3113 4486; x_wconf 88' lang='lat' dir='ltr'><strong>in</strong></span> <span class='ocrx_word' id='word_1_878' title='bbox 3164 4436 3417 4488; x_wconf 72' lang='lat' dir='ltr'><strong>sa&#39;culum</strong></span> <span class='ocrx_word' id='word_1_879' title='bbox 3473 4435 3644 4488; x_wconf 67' lang='lat' dir='ltr'><strong>seculi.</strong></span> 
     </span>
    </p>
   </div>
   <div class='ocr_carea' id='block_1_115' title="bbox 2097 4501 3646 4574">
    <p class='ocr_par' dir='ltr' id='par_1_115' title="bbox 2097 4501 3646 4574">
     <span class='ocr_line' id='line_1_116' title="bbox 2097 4501 3646 4574; baseline 0.001 -19"><span class='ocrx_word' id='word_1_880' title='bbox 2097 4501 2225 4569; x_wconf 88' lang='lat' dir='ltr'><strong>Pro,</strong></span> <span class='ocrx_word' id='word_1_881' title='bbox 2257 4503 2536 4574; x_wconf 75' lang='grc' dir='ltr'><em>βασιλεὺς,</em></span> <span class='ocrx_word' id='word_1_882' title='bbox 2569 4518 2661 4558; x_wconf 88' lang='lat' dir='ltr'><strong>seu</strong></span> <span class='ocrx_word' id='word_1_883' title='bbox 2693 4520 2803 4574; x_wconf 77' lang='lat' dir='ltr'><strong>rex,</strong></span> <span class='ocrx_word' id='word_1_884' title='bbox 2832 4503 3107 4574; x_wconf 86' lang='lat' dir='ltr'><strong>Didymus,</strong></span> <span class='ocrx_word' id='word_1_885' title='bbox 3135 4513 3188 4558; x_wconf 89' lang='lat' dir='ltr'><strong>et</strong></span> <span class='ocrx_word' id='word_1_886' title='bbox 3215 4503 3363 4574; x_wconf 74' lang='lat' dir='ltr'><strong>Vulg.</strong></span> <span class='ocrx_word' id='word_1_887' title='bbox 3400 4506 3496 4558; x_wconf 90' lang='lat' dir='ltr'><strong>int.</strong></span> <span class='ocrx_word' id='word_1_888' title='bbox 3528 4506 3646 4574; x_wconf 81' lang='lat' dir='ltr'><strong>lege-</strong></span> 
     </span>
    </p>
   </div>
   <div class='ocr_carea' id='block_1_116' title="bbox 2097 4572 3647 4643">
    <p class='ocr_par' dir='ltr' id='par_1_116' title="bbox 2097 4572 3647 4643">
     <span class='ocr_line' id='line_1_117' title="bbox 2097 4572 3647 4643; baseline 0 -18"><span class='ocrx_word' id='word_1_889' title='bbox 2097 4583 2246 4636; x_wconf 86' lang='lat' dir='ltr'><strong>runt,</strong></span> <span class='ocrx_word' id='word_1_890' title='bbox 2283 4573 2611 4643; x_wconf 82' lang='grc' dir='ltr'><em>βασιλεύσει.</em></span> <span class='ocrx_word' id='word_1_891' title='bbox 2664 4572 2713 4625; x_wconf 89' lang='lat' dir='ltr'><strong>id</strong></span> <span class='ocrx_word' id='word_1_892' title='bbox 2745 4584 2831 4627; x_wconf 91' lang='lat' dir='ltr'><strong>est</strong></span> <span class='ocrx_word' id='word_1_893' title='bbox 2874 4572 3129 4643; x_wconf 77' lang='lat' dir='ltr'><strong>regnabit.</strong></span> <span class='ocrx_word' id='word_1_894' title='bbox 3177 4574 3246 4628; x_wconf 85' lang='lat' dir='ltr'><strong>At</strong></span> <span class='ocrx_word' id='word_1_895' title='bbox 3273 4572 3647 4643; x_wconf 70' lang='lat' dir='ltr'><strong>Cbiiipluteiisis</strong></span> 
     </span>
    </p>
   </div>
   <div class='ocr_carea' id='block_1_117' title="bbox 2096 4643 3648 4714">
    <p class='ocr_par' dir='ltr' id='par_1_117' title="bbox 2096 4643 3648 4714">
     <span class='ocr_line' id='line_1_118' title="bbox 2096 4643 3648 4714; baseline 0 -19"><span class='ocrx_word' id='word_1_896' title='bbox 2096 4643 2280 4714; x_wconf 85' lang='lat' dir='ltr'><strong>editio,</strong></span> <span class='ocrx_word' id='word_1_897' title='bbox 2333 4659 2397 4698; x_wconf 89' lang='lat' dir='ltr'><strong>ac</strong></span> <span class='ocrx_word' id='word_1_898' title='bbox 2444 4643 2950 4714; x_wconf 80' lang='lat' dir='ltr'><strong>Francofurtensis,</strong></span> <span class='ocrx_word' id='word_1_899' title='bbox 3004 4660 3139 4712; x_wconf 89' lang='lat' dir='ltr'><strong>quas</strong></span> <span class='ocrx_word' id='word_1_900' title='bbox 3183 4661 3282 4714; x_wconf 79' lang='lat' dir='ltr'><strong>ego</strong></span> <span class='ocrx_word' id='word_1_901' title='bbox 3326 4647 3472 4698; x_wconf 88' lang='lat' dir='ltr'><strong>solas</strong></span> <span class='ocrx_word' id='word_1_902' title='bbox 3529 4659 3648 4697; x_wconf 87' lang='lat' dir='ltr'><strong>nunc</strong></span> 
     </span>
    </p>
   </div>
   <div class='ocr_carea' id='block_1_118' title="bbox 2096 4712 3646 4783">
    <p class='ocr_par' dir='ltr' id='par_1_118' title="bbox 2096 4712 3646 4783">
     <span class='ocr_line' id='line_1_119' title="bbox 2096 4712 3646 4783; baseline 0.001 -19"><span class='ocrx_word' id='word_1_903' title='bbox 2096 4712 2345 4780; x_wconf 88' lang='lat' dir='ltr'><strong>inspicio,</strong></span> <span class='ocrx_word' id='word_1_904' title='bbox 2397 4715 2597 4768; x_wconf 87' lang='lat' dir='ltr'><strong>habent</strong></span> <span class='ocrx_word' id='word_1_905' title='bbox 2642 4713 2919 4783; x_wconf 82' lang='grc' dir='ltr'><em>βασιλεύς,</em></span> <span class='ocrx_word' id='word_1_906' title='bbox 2974 4716 3102 4781; x_wconf 88' lang='lat' dir='ltr'><strong>quin</strong></span> <span class='ocrx_word' id='word_1_907' title='bbox 3160 4712 3264 4767; x_wconf 76' lang='lat' dir='ltr'><strong>ulla</strong></span> <span class='ocrx_word' id='word_1_908' title='bbox 3322 4715 3374 4767; x_wconf 91' lang='lat' dir='ltr'><strong>in</strong></span> <span class='ocrx_word' id='word_1_909' title='bbox 3427 4717 3646 4783; x_wconf 81' lang='lat' dir='ltr'><strong>margine</strong></span> 
     </span>
    </p>
   </div>
   <div class='ocr_carea' id='block_1_119' title="bbox 2095 4783 3643 4840">
    <p class='ocr_par' dir='ltr' id='par_1_119' title="bbox 2095 4783 3643 4840">
     <span class='ocr_line' id='line_1_120' title="bbox 2095 4783 3643 4840; baseline 0 -6"><span class='ocrx_word' id='word_1_910' title='bbox 2095 4783 2385 4836; x_wconf 90' lang='lat' dir='ltr'><strong>adnotetur</strong></span> <span class='ocrx_word' id='word_1_911' title='bbox 2422 4784 2668 4838; x_wconf 84' lang='lat' dir='ltr'><strong>lectionis</strong></span> <span class='ocrx_word' id='word_1_912' title='bbox 2701 4787 2957 4838; x_wconf 86' lang='lat' dir='ltr'><strong>varietas.</strong></span> <span class='ocrx_word' id='word_1_913' title='bbox 2991 4785 3202 4840; x_wconf 80' lang='lat' dir='ltr'><strong>Marcus</strong></span> <span class='ocrx_word' id='word_1_914' title='bbox 3226 4783 3467 4839; x_wconf 77' lang='lat' dir='ltr'><strong>Marinus</strong></span> <span class='ocrx_word' id='word_1_915' title='bbox 3492 4796 3643 4836; x_wconf 85' lang='lat' dir='ltr'><strong>tanien</strong></span> 
     </span>
    </p>
   </div>
   <div class='ocr_carea' id='block_1_120' title="bbox 2096 4851 3642 4908">
    <p class='ocr_par' dir='ltr' id='par_1_120' title="bbox 2096 4851 3642 4908">
     <span class='ocr_line' id='line_1_121' title="bbox 2096 4851 3642 4908; baseline -0.001 -4"><span class='ocrx_word' id='word_1_916' title='bbox 2096 4855 2163 4904; x_wconf 87' lang='lat' dir='ltr'><strong>ad</strong></span> <span class='ocrx_word' id='word_1_917' title='bbox 2195 4852 2340 4906; x_wconf 90' lang='lat' dir='ltr'><strong>hunc</strong></span> <span class='ocrx_word' id='word_1_918' title='bbox 2381 4853 2554 4908; x_wconf 90' lang='lat' dir='ltr'><strong>locum</strong></span> <span class='ocrx_word' id='word_1_919' title='bbox 2594 4854 2824 4907; x_wconf 88' lang='lat' dir='ltr'><strong>scribit:</strong></span> <span class='ocrx_word' id='word_1_920' title='bbox 2854 4851 3026 4906; x_wconf 70' lang='grc' dir='ltr'><strong>ϐυ·ωεὶ</strong></span> <span class='ocrx_word' id='word_1_921' title='bbox 3073 4864 3350 4908; x_wconf 87' lang='lat' dir='ltr'><strong>utramaue</strong></span> <span class='ocrx_word' id='word_1_922' title='bbox 3393 4855 3642 4908; x_wconf 75' lang='lat' dir='ltr'><strong>lectionem</strong></span> 
     </span>
    </p>
   </div>
   <div class='ocr_carea' id='block_1_121' title="bbox 2101 4923 3643 4993">
    <p class='ocr_par' dir='ltr' id='par_1_121' title="bbox 2101 4923 3643 4993">
     <span class='ocr_line' id='line_1_122' title="bbox 2101 4923 3643 4993; baseline -0.001 -19"><span class='ocrx_word' id='word_1_923' title='bbox 2101 4933 2409 4990; x_wconf 83' lang='lat' dir='ltr'><strong>agnoscunt,</strong></span> <span class='ocrx_word' id='word_1_924' title='bbox 2466 4939 2586 4975; x_wconf 87' lang='lat' dir='ltr'><strong>nam</strong></span> <span class='ocrx_word' id='word_1_925' title='bbox 2624 4926 2839 4992; x_wconf 86' lang='lat' dir='ltr'><strong>quidam</strong></span> <span class='ocrx_word' id='word_1_926' title='bbox 2900 4923 3088 4977; x_wconf 86' lang='lat' dir='ltr'><strong>habent</strong></span> <span class='ocrx_word' id='word_1_927' title='bbox 3134 4923 3408 4993; x_wconf 75' lang='grc' dir='ltr'><em>βασιλεὺς,</em></span> <span class='ocrx_word' id='word_1_928' title='bbox 3457 4926 3643 4992; x_wconf 84' lang='lat' dir='ltr'><strong>quidam</strong></span> 
     </span>
    </p>
   </div>
   <div class='ocr_carea' id='block_1_122' title="bbox 2099 4993 2576 5061">
    <p class='ocr_par' dir='ltr' id='par_1_122' title="bbox 2099 4993 2576 5061">
     <span class='ocr_line' id='line_1_123' title="bbox 2099 4993 2576 5061; baseline 0.002 -16"><span class='ocrx_word' id='word_1_929' title='bbox 2099 5009 2216 5046; x_wconf 80' lang='lat' dir='ltr'><strong>vero</strong></span> <span class='ocrx_word' id='word_1_930' title='bbox 2249 4993 2576 5061; x_wconf 75' lang='grc' dir='ltr'><em>βασιλεύσει.</em></span> 
     </span>
    </p>
   </div>
   <div class='ocr_carea' id='block_1_123' title="bbox 2168 5060 3642 5135">
    <p class='ocr_par' dir='ltr' id='par_1_123' title="bbox 2168 5060 3642 5135">
     <span class='ocr_line' id='line_1_124' title="bbox 2168 5060 3642 5135; baseline -0.002 -21"><span class='ocrx_word' id='word_1_931' title='bbox 2168 5060 2278 5132; x_wconf 75' lang='grc'>(45)</span> <span class='ocrx_word' id='word_1_932' title='bbox 2312 5061 2490 5116; x_wconf 81' lang='lat' dir='ltr'><strong>Petro.</strong></span> <span class='ocrx_word' id='word_1_933' title='bbox 2535 5063 2660 5125; x_wconf 87' lang='lat' dir='ltr'><strong>Pro,</strong></span> <span class='ocrx_word' id='word_1_934' title='bbox 2687 5062 2916 5132; x_wconf 79' lang='grc' dir='ltr'><em>Πέτρος,</em></span> <span class='ocrx_word' id='word_1_935' title='bbox 2946 5061 3086 5135; x_wconf 76' lang='lat' dir='ltr'><strong>lego,</strong></span> <span class='ocrx_word' id='word_1_936' title='bbox 3111 5063 3324 5135; x_wconf 79' lang='grc' dir='ltr'><strong>Πέτρῳ.</strong></span> <span class='ocrx_word' id='word_1_937' title='bbox 3355 5060 3642 5132; x_wconf 85' lang='lat' dir='ltr'><strong>llujusinodi</strong></span> 
     </span>
    </p>
   </div>
   <div class='ocr_carea' id='block_1_124' title="bbox 2097 5133 3559 5199">
    <p class='ocr_par' dir='ltr' id='par_1_124' title="bbox 2097 5133 3559 5199">
     <span class='ocr_line' id='line_1_125' title="bbox 2097 5133 3559 5199; baseline 0.004 -17"><span class='ocrx_word' id='word_1_938' title='bbox 2097 5145 2223 5185; x_wconf 86' lang='lat' dir='ltr'><strong>vero</strong></span> <span class='ocrx_word' id='word_1_939' title='bbox 2257 5135 2606 5186; x_wconf 81' lang='lat' dir='ltr'><strong>imitationem</strong></span> <span class='ocrx_word' id='word_1_940' title='bbox 2641 5135 2836 5187; x_wconf 69' lang='lat' dir='ltr'><strong>littera:</strong></span> <span class='ocrx_word' id='word_1_941' title='bbox 2864 5149 2910 5185; x_wconf 87' lang='grc' dir='ltr'>ω</span> <span class='ocrx_word' id='word_1_942' title='bbox 2944 5133 2995 5186; x_wconf 92' lang='lat' dir='ltr'><strong>in</strong></span> <span class='ocrx_word' id='word_1_943' title='bbox 3032 5151 3112 5199; x_wconf 73' lang='grc' dir='ltr'><strong>ος,</strong></span> <span class='ocrx_word' id='word_1_944' title='bbox 3149 5133 3284 5189; x_wconf 78' lang='lat' dir='ltr'><strong>alias</strong></span> <span class='ocrx_word' id='word_1_945' title='bbox 3314 5135 3559 5188; x_wconf 84' lang='lat' dir='ltr'><strong>vidimus.</strong></span> 
     </span>
    </p>
   </div>
   <div class='ocr_carea' id='block_1_125' title="bbox 2167 5200 3641 5272">
    <p class='ocr_par' dir='ltr' id='par_1_125' title="bbox 2167 5200 3641 5272">
     <span class='ocr_line' id='line_1_126' title="bbox 2167 5200 3641 5272; baseline -0.001 -18"><span class='ocrx_word' id='word_1_946' title='bbox 2167 5202 2279 5272; x_wconf 81' lang='grc'>(47)</span> <span class='ocrx_word' id='word_1_947' title='bbox 2305 5201 2404 5272; x_wconf 72' lang='lat' dir='ltr'><strong>Tu</strong></span> <span class='ocrx_word' id='word_1_948' title='bbox 2438 5219 2512 5257; x_wconf 86' lang='lat' dir='ltr'><strong>es.</strong></span> <span class='ocrx_word' id='word_1_949' title='bbox 2553 5200 2710 5272; x_wconf 86' lang='lat' dir='ltr'><strong>Joan.</strong></span> <span class='ocrx_word' id='word_1_950' title='bbox 2747 5216 2788 5264; x_wconf 91' lang='lat' dir='ltr'><strong>l,</strong></span> <span class='ocrx_word' id='word_1_951' title='bbox 2855 5202 2947 5266; x_wconf 83' lang='lat'><strong>50,</strong></span> <span class='ocrx_word' id='word_1_952' title='bbox 2997 5205 3083 5258; x_wconf 89' lang='lat' dir='ltr'><strong>ubi</strong></span> <span class='ocrx_word' id='word_1_953' title='bbox 3121 5203 3288 5257; x_wconf 83' lang='lat' dir='ltr'><strong>Biblia</strong></span> <span class='ocrx_word' id='word_1_954' title='bbox 3343 5207 3538 5258; x_wconf 86' lang='lat' dir='ltr'><strong>habent</strong></span> <span class='ocrx_word' id='word_1_955' title='bbox 3563 5201 3641 5257; x_wconf 72' lang='grc' dir='ltr'><strong>τοῦ</strong></span> 
     </span>
    </p>
   </div>
   <div class='ocr_carea' id='block_1_126' title="bbox 2107 5270 3641 5343">
    <p class='ocr_par' dir='ltr' id='par_1_126' title="bbox 2107 5270 3641 5343">
     <span class='ocr_line' id='line_1_127' title="bbox 2107 5270 3641 5343; baseline -0.001 -20"><span class='ocrx_word' id='word_1_956' title='bbox 2107 5270 2442 5343; x_wconf 38' lang='grc' dir='ltr'><strong>Ίοέραήληὶύ</strong></span> <span class='ocrx_word' id='word_1_957' title='bbox 2477 5283 2563 5328; x_wconf 90' lang='lat' dir='ltr'><strong>est</strong></span> <span class='ocrx_word' id='word_1_958' title='bbox 2592 5271 2833 5328; x_wconf 88' lang='lat' dir='ltr'><strong>Israelis.</strong></span> <span class='ocrx_word' id='word_1_959' title='bbox 2857 5273 3117 5343; x_wconf 83' lang='lat' dir='ltr'><strong>Didymus</strong></span> <span class='ocrx_word' id='word_1_960' title='bbox 3147 5289 3276 5328; x_wconf 82' lang='lat' dir='ltr'><strong>vero</strong></span> <span class='ocrx_word' id='word_1_961' title='bbox 3302 5275 3476 5328; x_wconf 89' lang='lat' dir='ltr'><strong>dedita</strong></span> <span class='ocrx_word' id='word_1_962' title='bbox 3504 5288 3641 5343; x_wconf 84' lang='lat' dir='ltr'><strong>opera</strong></span> 
     </span>
    </p>
   </div>
   <div class='ocr_carea' id='block_1_127' title="bbox 2095 5340 3640 5414">
    <p class='ocr_par' dir='ltr' id='par_1_127' title="bbox 2095 5340 3640 5414">
     <span class='ocr_line' id='line_1_128' title="bbox 2095 5340 3640 5414; baseline 0.002 -22"><span class='ocrx_word' id='word_1_963' title='bbox 2095 5340 2303 5407; x_wconf 78' lang='lat' dir='ltr'><strong>vocem,</strong></span> <span class='ocrx_word' id='word_1_964' title='bbox 2354 5340 2801 5408; x_wconf 84' lang='lat' dir='ltr'><strong>Christianorum,</strong></span> <span class='ocrx_word' id='word_1_965' title='bbox 2849 5340 3127 5414; x_wconf 77' lang='lat' dir='ltr'><strong>subrogat,</strong></span> <span class='ocrx_word' id='word_1_966' title='bbox 3180 5345 3354 5398; x_wconf 88' lang='lat' dir='ltr'><strong>locum</strong></span> <span class='ocrx_word' id='word_1_967' title='bbox 3405 5340 3549 5399; x_wconf 82' lang='lat' dir='ltr'><strong>illuni</strong></span> <span class='ocrx_word' id='word_1_968' title='bbox 3587 5343 3640 5395; x_wconf 84' lang='lat' dir='ltr'><strong>ad</strong></span> 
     </span>
    </p>
   </div>
   <div class='ocr_carea' id='block_1_128' title="bbox 2097 5416 3385 5482">
    <p class='ocr_par' dir='ltr' id='par_1_128' title="bbox 2097 5416 3385 5482">
     <span class='ocr_line' id='line_1_129' title="bbox 2097 5416 3385 5482; baseline 0.002 -18"><span class='ocrx_word' id='word_1_969' title='bbox 2097 5427 2230 5482; x_wconf 89' lang='lat' dir='ltr'><strong>rem,</strong></span> <span class='ocrx_word' id='word_1_970' title='bbox 2271 5416 2714 5482; x_wconf 85' lang='lat' dir='ltr'><strong>propositumque</strong></span> <span class='ocrx_word' id='word_1_971' title='bbox 2749 5429 2902 5467; x_wconf 91' lang='lat' dir='ltr'><strong>suum</strong></span> <span class='ocrx_word' id='word_1_972' title='bbox 2945 5417 3385 5469; x_wconf 82' lang='lat' dir='ltr'><strong>accommodans.</strong></span> 
     </span>
    </p>
   </div>
   <div class='ocr_carea' id='block_1_129' title="bbox 2167 5481 3176 5556">
    <p class='ocr_par' dir='ltr' id='par_1_129' title="bbox 2167 5481 3176 5556">
     <span class='ocr_line' id='line_1_130' title="bbox 2167 5481 3176 5556; baseline 0.005 -24"><span class='ocrx_word' id='word_1_973' title='bbox 2321 5483 2532 5556; x_wconf 76' lang='lat' dir='ltr'><strong>Dictum</strong></span> <span class='ocrx_word' id='word_1_974' title='bbox 2565 5481 2662 5556; x_wconf 81' lang='lat' dir='ltr'><strong>est.</strong></span> <span class='ocrx_word' id='word_1_975' title='bbox 2700 5483 3092 5556; x_wconf 66' lang='lat' dir='ltr'><strong>Segmento__40</strong></span> <span class='ocrx_word' id='word_1_976' title='bbox 3122 5503 3176 5538; x_wconf 90' lang='lat' dir='ltr'><strong>a.</strong></span> 
     </span>
    </p>
   </div>
   <div class='ocr_carea' id='block_1_130' title="bbox 2169 5549 3640 5624">
    <p class='ocr_par' dir='ltr' id='par_1_130' title="bbox 2169 5549 3640 5624">
     <span class='ocr_line' id='line_1_131' title="bbox 2169 5549 3640 5624; baseline -0.002 -20"><span class='ocrx_word' id='word_1_977' title='bbox 2169 5551 2279 5624; x_wconf 83' lang='grc'>(49)</span> <span class='ocrx_word' id='word_1_978' title='bbox 2343 5551 2550 5622; x_wconf 81' lang='lat' dir='ltr'><strong>Regem.</strong></span> <span class='ocrx_word' id='word_1_979' title='bbox 2592 5555 2696 5618; x_wconf 52' lang='lat' dir='ltr'><strong>,lsa.</strong></span> <span class='ocrx_word' id='word_1_980' title='bbox 2754 5549 2826 5618; x_wconf 73' lang='lat' dir='ltr'><strong>vi,</strong></span> <span class='ocrx_word' id='word_1_981' title='bbox 2880 5555 2933 5609; x_wconf 80' lang='lat'><strong>5.</strong></span> <span class='ocrx_word' id='word_1_982' title='bbox 2988 5553 3120 5610; x_wconf 82' lang='lat' dir='ltr'><strong>Vide</strong></span> <span class='ocrx_word' id='word_1_983' title='bbox 3158 5570 3329 5624; x_wconf 79' lang='lat' dir='ltr'><strong>scgm.</strong></span> <span class='ocrx_word' id='word_1_984' title='bbox 3377 5555 3448 5609; x_wconf 69' lang='grc'>⁸24</span> <span class='ocrx_word' id='word_1_985' title='bbox 3479 5555 3524 5620; x_wconf 82' lang='lat' dir='ltr'><strong>b,</strong></span> <span class='ocrx_word' id='word_1_986' title='bbox 3568 5549 3640 5604; x_wconf 87' lang='lat' dir='ltr'><strong>ubi</strong></span> 
     </span>
    </p>
   </div>
   <div class='ocr_carea' id='block_1_131' title="bbox 2095 5618 2515 5676">
    <p class='ocr_par' dir='ltr' id='par_1_131' title="bbox 2095 5618 2515 5676">
     <span class='ocr_line' id='line_1_132' title="bbox 2095 5618 2515 5676; baseline 0.007 -4"><span class='ocrx_word' id='word_1_987' title='bbox 2095 5618 2270 5673; x_wconf 38' lang='lat' dir='ltr'><strong>aili&#39;iiia&#39;</strong></span> <span class='ocrx_word' id='word_1_988' title='bbox 2309 5618 2515 5676; x_wconf 82' lang='lat' dir='ltr'><strong>scribit.</strong></span> 
     </span>
    </p>
   </div>
   <div class='ocr_carea' id='block_1_132' title="bbox 2167 5691 3638 5767">
    <p class='ocr_par' dir='ltr' id='par_1_132' title="bbox 2167 5691 3638 5767">
     <span class='ocr_line' id='line_1_133' title="bbox 2167 5691 3638 5767; baseline -0.003 -20"><span class='ocrx_word' id='word_1_989' title='bbox 2167 5691 2279 5762; x_wconf 83' lang='grc'>(50)</span> <span class='ocrx_word' id='word_1_990' title='bbox 2321 5693 2567 5764; x_wconf 75' lang='lat' dir='ltr'><strong>Perpetui</strong></span> <span class='ocrx_word' id='word_1_991' title='bbox 2601 5695 2764 5764; x_wconf 87' lang='lat' dir='ltr'><strong>regni.</strong></span> <span class='ocrx_word' id='word_1_992' title='bbox 2801 5692 3135 5767; x_wconf 82' lang='lat' dir='ltr'><strong>Theophilus</strong></span> <span class='ocrx_word' id='word_1_993' title='bbox 3177 5695 3565 5752; x_wconf 73' lang='lat' dir='ltr'><strong>Alexandrinus</strong></span> <span class='ocrx_word' id='word_1_994' title='bbox 3592 5694 3638 5744; x_wconf 90' lang='lat' dir='ltr'><strong>in</strong></span> 
     </span>
    </p>
   </div>
  </div>
