3766 6346
412 218 515 276 127

1676 213 1914 273 DIDYMI
1952 215 2412 273 ALEXAMJRINI

3534 221 3657 276 828

416 337 623 392 Domini
656 335 771 391 coeli
795 335 993 405 ﬁrmati
1020 345 1162 402 sunt,
1200 345 1247 389 et
1275 334 1480 405 Spiritu
1510 336 1617 391 oris
1652 338 1768 407 ejus
1802 354 1965 392 omnet

2100 335 2299 406 ιψύχων
2344 335 2686 405 αἰσχύνονται
2734 334 2863 408 περὶ
2898 336 2996 406 τῆς
3027 335 3181 407 δόξης
3236 334 3331 389 τοῦ
3379 335 3517 389 Υίοῦ
3552 337 3661 391 καὶ

411 430 625 481 virtutes
660 441 859 480 eorum.
895 428 1075 496 Itaque
1122 427 1211 480 isti
1263 442 1331 481 ne
1381 427 1509 481 illud
1552 429 1768 496 quidem
1826 430 1975 483 testi-

412 520 652 573 monium
681 518 1030 583 erubescunt,
1062 520 1204 588 quod
1240 519 1303 573 de
1350 517 1490 583 Filii,
1523 528 1577 573 et
1600 518 1831 589 Spiritus
1858 534 1977 573 san-

409 612 479 666 cti
529 610 697 680 gloria
739 624 824 665 res
868 608 1178 663 iuanimata:
1206 608 1318 680 (59)
1342 609 1597 675 reddunt;
1627 618 1681 663 et
1716 610 1767 662 in
1794 625 1970 664 xxttt:

408 703 641 756 Attollite
676 700 783 773 (60)
824 713 1022 769 portas,
1055 702 1327 769 principes,
1363 711 1580 766 uestras,
1601 710 1647 755 et
1680 701 1971 765 elevamini,

410 806 571 863 porta:
609 802 839 858 a’ternw,
888 802 939 846 et
988 794 1224 847 introibit
1262 791 1372 845 Rex
1409 792 1612 862 gloriae.
1667 791 1871 860 Quibus
1920 794 1974 847 in

411 885 587 939 verbis
620 894 845 939 terrena:
876 884 1090 953 quidem
1119 891 1384 938 creaturae
1412 884 1675 954 praecipit,
1723 892 1783 937 ut
1815 884 1975 937 attol-

411 976 489 1030 lat
532 986 715 1045 portas
741 976 794 1030 in
824 975 940 1044 ejus
980 974 1394 1041 lncarnatione;
1441 975 1644 1030 cmlesti
1691 983 1890 1041 autem,
1922 976 1972 1029 in

409 1066 526 1136 ejus
556 1066 935 1136 Assumptione
985 1065 1121 1133 (61).
1176 1065 1242 1120 Ει
1287 1065 1339 1119 iu
1387 1080 1508 1120 τινι
1539 1080 1553 1119 :
1588 1064 1826 1119 Laudate
1862 1064 1972 1136 (6‘2)

412 1158 718 1222 Dominum,
751 1173 927 1212 omnes
959 1166 1161 1227 gentes,
1190 1166 1239 1211 et
1279 1156 1490 1209 laudent
1518 1172 1632 1209 eum
1664 1172 1838 1209 omnes
1883 1173 1975 1224 po-

411 1248 543 1316 puli.
593 1248 760 1304 Isaias
804 1263 969 1303 vero:
1005 1247 1192 1317 Regem
1232 1248 1344 1317 (65)
1385 1264 1502 1301 cum
1523 1248 1692 1317 gloria
1720 1247 1970 1301 uidebitis.

412 1340 659 1395 Ezechiel
688 1348 866 1395 autem
899 1355 913 1391 :
948 1338 1228 1393 Benedicta
1282 1338 1395 1411 (6i)
1426 1339 1595 1408 gloria
1650 1338 1862 1393 Domini
1910 1354 1974 1392 ea;

410 1434 521 1487 loco
558 1449 671 1486 suo.
704 1431 770 1487 Et
802 1451 816 1487 :
856 1430 985 1486 Haec
1014 1432 1126 1503 (65)
1160 1433 1293 1485 visio
1324 1430 1619 1485 similitudo
1646 1430 1830 1501 gloriae
1865 1429 1975 1484 Do-

409 1525 558 1579 mini.
594 1525 796 1580 Deinde
823 1524 1021 1580 Paulus
1049 1543 1063 1578 :
1093 1524 1207 1595 98
1236 1523 1475 1578 Dicentes
1521 1521 1629 1594 (66)
1658 1539 1712 1577 se
1754 1539 1861 1577 esse
1888 1539 1973 1576 sa-

408 1617 625 1685 pientes,
655 1616 802 1670 stulti
833 1616 959 1681 facti
1010 1626 1148 1676 sunt,
1175 1626 1224 1669 et
1254 1624 1580 1668 mutaverunt
1626 1614 1847 1683 gloriam
1894 1613 1973 1665 in-

2075 430 2168 482 τοῦ
2197 429 2349 497 ἁγίου
2375 428 2688 499 Πνεύματος
2715 428 3042 499 μαρτυρίαν.
3072 430 3181 482 Καὶ
3205 430 3262 482 ὲν
3288 428 3399 497 xy"
3439 432 3663 497 Ἄρατε

2076 520 2303 585 πύλας,
2334 522 2387 573 oi
2425 519 2743 588 ἄρχοντες,
2777 518 2962 589 ὑμῶν,
2988 520 3085 573 καὶ
3118 519 3433 588 ἐπάρθητε,
3460 523 3663 575 πύλαι

2076 609 2316 676 αἱώνιοι,
2350 611 2448 665 καί
2470 612 2875 666 εἰσελεύσεται
2900 615 2933 665 ό
2956 612 3256 679 βασιλεὺς
3292 612 3405 681 τῆς
3437 612 3659 681 δόξης.

2075 703 2513 773 Παρακελεύεται
2541 705 2606 773 τῇ
2642 702 2740 773 μὲν
2768 704 2917 756 κάτω
2946 704 3143 769 κτίσει,
3177 700 3307 776 ἆραι
3338 704 3441 768 τὰς
3472 702 3661 768 πύλας

2075 795 2133 847 ὲν
2157 797 2220 865 τῇ
2252 793 2659 865 ἐνανθρωπήσει
2696 793 2861 846 αὑτοῦ
2887 810 2900 823 ·
2937 796 3002 864 τῇ
3029 794 3085 847 δὲ
3134 794 3276 856 ἀνω,
3311 795 3368 846 ὲν
3415 797 3485 864 τῇ
3515 796 3660 848 ἀνα-

2074 884 2250 955 λήψει.
2280 882 2384 936 Καὶ
2414 885 2470 936 ὲν
2499 888 2607 954 ρις¹
2628 897 2643 913 °
2672 882 2900 937 Αἰνεῖτε
2931 882 3038 937 τὸν
3068 884 3305 950 Κύριον,
3336 882 3541 937 πάντα
3582 885 3663 938 τὰ

2074 975 2242 1044 ἔθνη,
2275 974 2372 1028 καὶ
2397 973 2892 1029 ἐπαινεσάτωσαν
2923 975 3109 1029 αὑτὸν
3141 974 3361 1041 πάντες
3387 980 3445 1029 οι
3484 978 3657 1031 λαοί.

2085 1068 2308 1130 Ἡσαΐας
2331 1065 2387 1119 δέ
2406 1084 2418 1096 ·
2445 1065 2711 1121 Βασιλέα
2735 1066 2886 1135 μετὰ
2909 1066 3091 1134 δόξης
3109 1065 3352 1135 ὄψεσθε.
3397 1068 3661 1138 Ἐζεκιὴλ

2072 1160 2164 1214 δέ·
2194 1157 2584 1229 Εὐλογημένη
2630 1160 2669 1226 ἠ
2715 1158 2863 1223 δόξα
2902 1160 3123 1226 Κυρίου
3174 1159 3244 1211 ἐκ
3295 1159 3403 1213 τοῦ
3459 1162 3657 1214 τόπου

2070 1250 2287 1304 αὑτοῦ*
2319 1250 2434 1313 καὶ,
2462 1249 2624 1318 Αὕτη
2656 1250 2695 1317 ἡ
2735 1249 2966 1316 ὅρασις,
3012 1249 3272 1317 ὁμοίωμα
3313 1249 3502 1317 δόξης
3526 1253 3657 1304 Κυ-

2065 1344 2221 1411 ρίου.
2260 1338 2393 1395 Εἶτα
2418 1340 2629 1403 Παῦλος
2654 1359 2667 1373 ο
2700 1339 3044 1406 Φάσκοντες
3082 1337 3235 1395 εἶναι
3267 1340 3473 1409 σοφοί,
3500 1343 3661 1411 ἐμω-

2070 1431 2394 1501 ράνθησαν
2415 1448 2430 1462 ·
2464 1431 2564 1485 καὶ
2594 1429 2873 1498 ἤλλαξαν
2911 1429 3024 1498 τὴν
3056 1428 3244 1495 δόξαν
3272 1431 3378 1484 τοῦ
3419 1431 3660 1499 ἀφθάρ-

2070 1540 2177 1576 του
2214 1521 2381 1587 Θεοῦ,
2416 1522 2485 1575 ἐν
2524 1520 2835 1591 ὁμοιώματι
2863 1520 3094 1586 εἰκόνος
3132 1520 3393 1590 φθαρτοῦ
3420 1522 3656 1589 ἀνθρώ-

2073 1630 2189 1667 που
2208 1632 2221 1646 ·
2252 1615 2346 1667 καὶ
2373 1613 2534 1667 πάλιν
2568 1612 2855 1684 Ῥωμαίοις
2875 1627 2888 1643 ⁸
2924 1612 3021 1665 Διὸ
3052 1612 3393 1679 παρέδωκεν
3420 1614 3656 1678 αὐτοὺς

410 1706 765 1774 corruptibilis
800 1706 916 1771 Dei,
958 1707 1011 1760 in
1065 1707 1460 1760 similitudinem
1499 1706 1739 1776 imaginis
1790 1721 1965 1758 corru-

2100 1720 2139 1754 ν
2203 1702 2333 1768 ταῖς
2381 1674 2717 1771 ἐπιθυμίαις
2781 1674 2899 1756 τῶν
2954 1674 3213 1771 καρδιων
3273 1702 3493 1762 αὐτῶν,
3560 1674 3654 1770 εἰς

406 1798 606 1865 ptibilis
639 1798 903 1863 hominis;
938 1808 990 1853 et
1028 1814 1211 1853 rursus
1260 1798 1325 1852 ad
1376 1797 1647 1853 Romanos
1691 1813 1706 1848 :
1750 1796 1972 1865 Propter

408 1891 547 1959 quod
578 1888 688 1957 (67)
722 1888 939 1942 tradidit
974 1888 1089 1942 illos
1119 1890 1172 1942 in
1202 1888 1463 1942 desideria
1501 1888 1737 1942 cordium
1765 1904 1966 1953 eorum,

408 1980 464 2032 in
494 1980 902 2045 immunditiam,
934 1990 990 2034 ut
1034 1982 1317 2050 ignominia
1349 1982 1578 2051 afficiant
1612 1996 1832 2048 corpora
1874 1996 1970 2033 sua

410 2074 467 2125 in
503 2072 791 2141 semetipsis
819 2088 838 2127 :
877 2073 966 2140 qui
1007 2082 1452 2127 commutaverunt
1484 2072 1705 2142 gloriam
1737 2071 1845 2143 (68)
1877 2072 1969 2126 Dei

411 2164 465 2233 in
494 2162 844 2230 mendacium,
880 2171 928 2217 et
967 2166 1259 2229 coluerunt,
1300 2174 1347 2219 et
1393 2165 1675 2218 servierunt
1718 2174 1971 2218 creaturae

411 2253 583 2319 potius
614 2270 771 2321 quam
803 2252 1060 2319 Creatori,
1097 2256 1187 2322 qui
1214 2264 1287 2309 est
1330 2254 1627 2309 benedictus
1663 2256 1718 2309 in
1754 2254 1968 2309 sa’cula.

412 2346 594 2398 Amen.
633 2343 891 2410 Quisnam
924 2358 1050 2399 vero
1073 2354 1156 2399 est
1192 2360 1369 2399 rerum
1404 2346 1640 2399 omnium
1690 2344 1966 2410 Conditor,

410 2450 571 2506 quem
617 2436 691 2489 ait
721 2449 839 2491 esse
870 2435 1207 2491 benedictum
1242 2437 1293 2491 in
1323 2437 1535 2501 saecula,
1566 2436 1670 2491 nisi
1708 2436 1967 2505 Unigeui-

407 2528 531 2583 tus?
596 2526 824 2594 Quinam
882 2540 1061 2582 autem
1124 2527 1182 2593 ii,
1218 2529 1305 2596 qui
1353 2537 1695 2584 mutaverunt
1743 2528 1966 2599 gloriam

409 2619 571 2688 ejus?
608 2618 709 2686 Qui
742 2620 946 2683 dicunt,
979 2617 1162 2674 Gloria
1192 2620 1344 2674 Patri
1385 2637 1476 2690 per
1509 2619 1708 2675 Filium
1747 2623 1803 2674 in
1842 2637 1967 2674 san-

408 2719 488 2764 cto
548 2709 773 2779 Spiritu,
801 2710 1000 2778 quique
1039 2709 1233 2767 Filium
1280 2711 1570 2780 Opinantur
1605 2725 1724 2766 esse
1758 2719 1968 2765 creatu-

408 2812 547 2866 ram,
577 2817 641 2855 ac
684 2816 752 2855 ne
801 2815 977 2871 regem
1016 2802 1229 2869 quidem
1269 2812 1527 2857 aeternum
1562 2803 1842 2858 exsistere.
1886 2802 1965 2857 Ad

413 2893 629 2948 eosdem
661 2900 917 2960 praeterea
955 2892 1196 2947 scribens
1217 2892 1291 2946 ait
1319 2910 1332 2945 :
1358 2891 1443 2946 Ita
1471 2901 1528 2946 ut
1556 2892 1667 2964 (69)
1697 2894 1799 2947 sint
1828 2893 1967 2945 inex-

2070 1794 2460 1862 ἀκαθαρσίαν,
2480 1793 2584 1847 τοῦ
2603 1792 2976 1862 ἀτιμάζεσθαι
3002 1792 3074 1846 τὰ
3093 1792 3334 1863 σώματα
3352 1794 3560 1848 αὐτῶν
3579 1798 3655 1848 ἐν

2070 1885 2319 1950 ἑαυτοῖς·
2353 1885 2570 1949 οἵτινες
2584 1870 2979 1953 μετήλλαξαν
2997 1884 3117 1952 τὴν
3140 1884 3326 1949 δόξαν
3352 1886 3461 1939 τοῦ
3491 1887 3653 1940 Θεοῦ

2069 1978 2139 2031 ἐν
2170 1978 2250 2043 τῷ
2282 1977 2511 2046 ψεύδει·
2539 1977 2635 2030 καὶ
2660 1975 3101 2043 ἐσεϐάσθησαν,
3137 1977 3234 2029 καί
3261 1976 3653 2046 ἐλάτρευσαν

2070 2066 2143 2136 τῇ
2168 2068 2359 2121 κτίσει
2388 2068 2547 2135 παρὰ
2578 2067 2684 2121 τὸν
2724 2068 3013 2120 κτίσαντα
3031 2108 3045 2132 ,
3082 2067 3148 2133 ὃς
3178 2067 3347 2122 ἐστιν
3388 2071 3649 2138 εὐλοτη‹

2064 2159 2248 2228 μένος
2272 2162 2360 2225 εις
2391 2159 2531 2224 τοὺς
2574 2156 2813 2224 αἰῶνας.
2875 2157 3073 2227 Ἀμήν,
3122 2159 3219 2222 Τίς
3248 2160 3304 2212 δὲ
3349 2162 3377 2213 ὁ
3420 2162 3647 2214 πάντων

2069 2249 2420 2321 δημιουργὸς,
2464 2249 2525 2302 ὃν
2552 2243 2691 2301 εἶναι
2737 2248 2883 2318 λέγει
2926 2249 3213 2320 εὐλογητδν
3237 2252 3314 2315 είς
3346 2254 3472 2315 τοὺς
3504 2252 3648 2305 αἰῶ-

2070 2361 2166 2407 νας
2190 2382 2203 2406 ,
2236 2345 2285 2396 εί
2322 2342 2394 2414 μὴ
2442 2344 2470 2396 ὁ
2518 2343 2863 2413 Μονογενής;
2917 2342 3059 2407 τίνες
3102 2343 3159 2396 δὲ
3203 2346 3253 2396 οἱ
3310 2343 3647 2409 ἀλλάξαντες

2068 2435 2165 2507 τὴν
2220 2434 2372 2500 δόξαν
2422 2434 2627 2499 uinci};
2679 2436 2741 2486 Οἱ
2784 2433 3069 2503 λέγοντεςο
3119 2435 3274 2500 Δόξα
3321 2438 3503 2506 Πατρι
3564 2437 3647 2491 δι’

2068 2528 2202 2582 Υίοῦ
2250 2527 2320 2581 ἐν
2372 2527 2517 2596 ἁγίῳ
2568 2527 2902 2595 Πνεύματιο
2950 2528 3000 2579 οἱ
3045 2528 3141 2582 καὶ
3206 2529 3408 2598 κτίσμα
3472 2530 3646 2582 αὑτὸν

2068 2615 2233 2682 εἶναι,
2280 2617 2375 2671 καὶ
2421 2617 2539 2671 οὐδὲ
2593 2616 2809 2679 βασιλέα
2864 2616 3078 2671 αἰώνιον
3116 2617 3443 2682 δοξάζοντες.
3502 2615 3645 2673 Εἶτα

2066 2714 2177 2775 τοῖς
2200 2712 2379 2774 αὐτοῖς
2420 2727 2580 2781 φησιν
2600 2726 2614 2740 ⁸
2640 2712 2741 2775 Είς
2781 2709 2848 2763 τὸ
2886 2706 3035 2763 εἶναι
3073 2710 3291 2776 αὐτοὺς
3328 2711 3643 2765 ἀναπολο-

2067 2803 2316 2872 γήτους·
2384 2792 2533 2857 διότι
2607 2803 2856 2871 γνόντες
2915 2801 3063 2855 Θεὸν
3088 2841 3103 2865 ,
3177 2803 3289 2870 οὐχ
3342 2802 3423 2868 ὡς
3487 2803 3641 2856 Geor

2066 2894 2384 2959 ἐδόξασαν,
2439 2894 2478 2962 ἢ
2529 2893 3023 2962 ηὐχαρίστησανο
3081 2893 3217 2948 ἀλλ’
3274 2893 3640 2963 ἐματαιώθη-

412 2983 663 3038 tusabiles
713 2997 733 3037 :
765 2983 892 3051 quia
923 3000 1041 3036 cum
1066 2986 1417 3053 cognovissent
1461 2983 1646 3050 Deum,
1695 3001 1797 3039 non
1831 2984 1965 3039 sicut

2100 3002 2185 3041 ἀν
2222 2988 2291 3040 ἐν
2324 2985 2448 3052 τοῖς
2486 2985 2897 3054 διαλογισμοῖς
2918 2982 3134 3049 αὐτῶν,
3182 2986 3278 3039 καὶ
3302 2986 3638 3056 ἐσκοτίσθη

409 3074 579 3129 Deum
609 3074 1047 3145 glorificaverunt,
1081 3085 1170 3127 aut
1198 3080 1398 3144 gratias
1425 3085 1671 3146 egerunt;
1720 3078 1811 3131 sed
1850 3094 1966 3132 eva-

412 3176 637 3221 nuerunt
667 3167 722 3220 in
754 3167 1153 3236 cogitationibus
1186 3170 1317 3235 suis,
1349 3178 1395 3221 et
1422 3168 1754 3222 obscuratum
1780 3179 1859 3223 est
1890 3170 1967 3223 in-

409 3258 603 3325 sipiens
634 3274 724 3313 cor
772 3275 971 3313 eorum.
1031 3259 1338 3327 Qualisnam
1376 3276 1505 3316 vero
1533 3270 1616 3317 est
1662 3261 1804 3318 Deus
1857 3262 1963 3329 ille,

411 3351 502 3419 qui
547 3350 615 3405 ab
657 3352 945 3412 haereticis.
995 3360 1049 3404 et
1091 3350 1310 3419 Judmis,
1358 3362 1413 3407 et
1469 3352 1669 3409 Graecis
1724 3354 1966 3423 cognitus

411 3449 516 3502 est,
550 3440 641 3494 sed
670 3456 774 3495 non
812 3441 1043 3510 agnitus,
1073 3443 1171 3495 nisi
1207 3442 1311 3506 ille,
1345 3442 1434 3512 qui
1469 3443 1520 3496 in
1551 3458 1712 3497 carne
1743 3444 1967 3499 manife-

408 3542 577 3585 status
609 3540 707 3592 est,
737 3532 876 3586 Deus
902 3530 1172 3586 Verbum?
1204 3533 1283 3586 Ad
1307 3532 1613 3588 Corinthios
1647 3548 1774 3590 vero
1802 3536 1963 3589 etiam

407 3623 631 3691 primam
663 3621 904 3676 scribens
937 3621 1227 3690 Epistolam
1254 3621 1537 3677 Dominum
1565 3623 1746 3693 gloriae
1770 3632 1962 3679 natura

406 3717 579 3784 ipsum
620 3728 743 3769 esse
785 3714 1041 3782 oSteudit,
1094 3731 1213 3769 cum
1256 3716 1376 3770 ait:
1423 3714 1484 3770 Si
1536 3717 1673 3770 enim
1724 3716 1835 3787 (70)
1875 3733 1965 3769 co-

403 3808 719 3876 gnovissent,
771 3805 1054 3860 Dominum
1094 3808 1275 3876 gloria:
1314 3823 1414 3861 non
1456 3808 1855 3877 cruciﬁaissent.
1900 3807 1965 3861 Et

405 3898 530 3951 alibi
564 3914 578 3950 :
613 3895 682 3950 Ut
713 3898 770 3952 in
798 3897 910 3968 (71)
949 3899 1156 3953 nomine
1194 3897 1323 3952 Jesu
1376 3897 1573 3951 Christi
1632 3914 1780 3952 omne
1830 3914 1963 3967 genu

403 3988 684 4057 ﬂectatur:
715 3998 762 4041 et
805 3988 971 4042 omnis
996 3989 1174 4056 lingua
1219 3989 1567 4056 conﬁtebitur,
1608 3991 1745 4058 quod
1794 3990 1965 4043 Domi-

406 4094 501 4131 nus
528 4078 679 4132 Jesus
710 4077 949 4133 Christus
980 4080 1034 4131 in
1087 4079 1257 4148 gloria
1297 4078 1392 4133 Dei
1424 4078 1623 4145 Patris,
1665 4082 1716 4133 id
1742 4088 1825 4135 est
1852 4120 1867 4143 ,
1908 4082 1960 4135 iu

404 4172 518 4238 ipsa
539 4177 761 4239 paterna
781 4169 952 4238 gloria
970 4166 1415 4224 exsistit.Scribit
1433 4170 1652 4240 insuper
1674 4188 1687 4222 :
1706 4166 1961 4240 Eum(72)

401 4260 560 4323 enim,
581 4260 670 4329 qui
687 4260 976 4314 minoratus
996 4270 1089 4333 est,
1107 4261 1336 4314 videmus
1369 4260 1405 4313 Ι
1410 4276 1571 4326 esum,
1598 4271 1806 4330 propter
1842 4279 1963 4329 pas-

2068 3082 2107 3148 ή
2138 3080 2429 3144 ἀσύνετος
2456 3076 2654 3132 αὐτῶν
2679 3077 2911 3144 καρδία.
2938 3078 3095 3140 Ποϊος
3126 3075 3177 3129 δὲ
3201 3077 3230 3127 ὁ
3276 3075 3369 3147 [42
3397 3076 3452 3148 b]
3494 3095 3640 3145 γνω-

2068 3170 2213 3233 σθεὶς
2251 3170 2417 3234 Θεὸς,
2448 3169 2540 3222 καὶ
2584 3168 2656 3239 μὴ
2695 3167 3072 3236 ἐπιγνωσθεὶς,
3113 3168 3265 3238 παρὰ
3297 3170 3632 3238 αἱρετικῶν,

2066 3263 2158 3314 καὶ
2192 3260 2476 3324 Ἰουδαίων,
2504 3258 2596 3312 καὶ
2630 3254 2915 3328 Ἑλλήνων,
2940 3259 2990 3310 εί
3015 3258 3088 3328 μὴ
3108 3257 3136 3309 ὁ
3160 3260 3442 3326 ἐπιφανεὶς
3466 3261 3637 3331 σαρκὶ

2064 3353 2196 3415 Θεὸς
2244 3351 2446 3419 Λόγος;
2495 3351 2604 3402 Καὶ
2658 3348 2965 3420 Κορινθίοις
3013 3348 3068 3401 δὲ
3122 3349 3179 3401 ὲν
3229 3350 3339 3411 τοῖς
3390 3350 3636 3417 πρώτοις

2064 3445 2391 3515 γράμμασι,
2427 3441 2629 3514 Κύριον
2660 3440 2818 3510 δόξης
2856 3439 2995 3493 κατὰ
3043 3439 3202 3508 φύσιν
3245 3434 3383 3492 εἶναι
3413 3439 3634 3503 δεικνὺς

2065 3534 2246 3596 αὐτὸν,
2279 3531 2577 3585 ἐπιστέλλει
2618 3528 2825 3593 οὕτως’
2876 3532 2945 3583 El
2977 3528 3087 3598 γὰρ
3117 3528 3366 3597 ᾔδεσαν,
3400 3532 3513 3583 οὐκ
3551 3529 3635 3583 ἂν

2064 3626 2170 3678 τὸν
2194 3625 2409 3693 Κύριον
2438 3623 2547 3691 τῆς
2572 3621 2758 3689 δόξης
2781 3622 3171 3689 ἐσταύρωσαν
3192 3636 3206 3651 ο
3243 3622 3336 3673 καὶ
3364 3621 3593 3693 ἑτέρωθι
3614 3638 3629 3650 ’

2067 3718 2189 3771 Ἵνα
2217 3717 2286 3768 ἐν
2336 3714 2416 3779 τῷ
2461 3714 2702 3782 ὀνόματι
2764 3711 2957 3778 Ἰησοῦ
2994 3710 3249 3779 Χριστοῦ
3303 3710 3428 3766 πᾶν
3477 3714 3629 3779 γόνυ

2064 3807 2293 3877 κάμψῃ,
2327 3806 2427 3859 καὶ
2458 3804 2625 3859 πᾶσα
2668 3804 2922 3873 ⁴γλῶσσα
2964 3802 3489 3874 ἐξομολογήσεται,
3535 3805 3629 3858 ὅτι

2062 3899 2276 3966 Κύριος
2315 3896 2553 3964 Ἰησοῦς
2578 3894 2850 3962 Χριστὸς,
2872 3896 2960 3960 εὶς
2986 3892 3173 3957 δόξαν
3204 3894 3349 3948 Θεοῦ
3373 3898 3631 3964 Πατρός·

2063 3989 2186 4042 ἀντὶ
2247 3987 2365 4050 τοῦ,
2412 3985 2500 4039 Ἐν
2527 3985 2662 4056 αὐτῇ
2698 3988 2763 4056 τῇ
2794 3988 3029 4055 πατρικῇ
3074 3983 3198 4057 δόξῃ
3230 3986 3490 4057 ὑπάρχει.
3518 3988 3631 4039 Καὶ

2064 4080 2163 4133 {tr
2220 4078 2328 4132 Τὸν
2376 4076 2484 4147 τὰρ
2532 4076 2953 4145 ἠλαττωμένον
2982 4076 3293 4145 βλέπομεν
3361 4078 3625 4144 Ἰησοῦν,

2067 4170 2166 4224 διὰ
2189 4170 2254 4223 τὸ
2286 4168 2527 4238 πάθημα
2554 4168 2661 4223 τοῦ
2689 4168 2947 4222 θανάτου
2975 4167 3123 4236 δόξῃ
3155 4168 3253 4221 καὶ
3293 4167 3431 4236 τιμῇ
3458 4169 3629 4223 ἐστε-

2064 4259 2429 4329 φανωμένον.
2479 4258 2935 4330 ’Υστεροπρώτως
2984 4258 3217 4329 εἴρηται.
3265 4259 3432 4329 Φησὶν
3483 4261 3625 4330 γάρ·

400 4352 599 4406 sionem
648 4354 851 4417 mortis,
896 4352 1066 4422 gloria
1126 4362 1171 4405 et
1192 4353 1385 4406 honore
1440 4363 1763 4409 coronatum.
1815 4354 1964 4418 Quod

2100 4353 2169 4405 ’ὸν
2220 4349 2477 4405 δοκοῦντά
2524 4366 2670 4402 τισιν
2723 4351 2811 4403 διὰ
2858 4351 2917 4402 τὸ
2968 4348 3200 4421 πάθημα
3244 4349 3340 4403 τοῦ
3392 4350 3629 4406 θανάτου

401 4506 455 4559 in
492 4507 627 4560 libro
659 4508 905 4561 adversus
952 4504 1237 4571 Praxeam,
1277 4520 1395 4573 cap.
1423 4507 1477 4569 7,
1510 4506 1580 4557 ita
1620 4504 1763 4560 hunc
1789 4506 1963 4560 versi-

400 4577 577 4631 culum
618 4576 769 4631 aﬂ'ert
797 4596 809 4630 :
842 4578 1089 4630 Sermone
1122 4576 1234 4643 ejus
1271 4576 1385 4629 caeli
1418 4575 1716 4643 conﬁrmati
1741 4588 1885 4635 sunt,
1918 4588 1964 4630 et

400 4644 602 4714 Spiritu
633 4648 749 4716 ejus
799 4662 974 4699 omnes
1018 4646 1148 4698 vires
1195 4661 1395 4698 eorum.
1438 4644 1503 4716 Ε]
1533 4659 1659 4716 cap.
1702 4645 1967 4699 19:8”-

400 4732 550 4769 mone
591 4713 702 4783 ejus
741 4717 853 4769 coeli
901 4716 1109 4783 formati
1160 4726 1299 4777 sunt,
1341 4723 1398 4784 et
1447 4713 1648 4782 Spiritu
1698 4715 1804 4769 oris
1851 4716 1964 4784 ejus

401 4802 576 4838 omnes
605 4782 816 4839 uirtutes
844 4782 1043 4853 eorum.
1075 4784 1151 4837 lta
1184 4785 1310 4853 legit
1338 4782 1712 4840 Theodoretus
1740 4782 1960 4853 quoque

402 4870 521 4923 pag.
554 4855 656 4908 578
685 4866 887 4909 catenas
930 4856 983 4905 in
1016 4851 1277 4907 Psalmos.
1313 4853 1416 4907 Sed
1450 4854 1539 4908 alii
1566 4851 1772 4910 Patres
1794 4851 1965 4911 ferme

400 4940 588 4979 omnes
614 4926 816 4993 legunt,
849 4926 1017 4995 omnis
1042 4926 1206 4977 virtus
1235 4940 1437 4977 eorum.

469 5014 582 5087 (59)
621 5014 718 5087 Res
753 5015 1077 5087 inanimatae.
1104 5012 1308 5087 Confer
1340 5015 1456 5070 hate
1491 5028 1611 5069 cum
1642 5031 1868 5087 segmm.
1895 5018 1956 5074 5t

399 5101 452 5151 α,
482 5084 633 5149 59a,
665 5085 730 5139 78
767 5085 816 5149 b,
849 5084 914 5139 79
952 5102 982 5137 α
1014 5095 1069 5137 et
1097 5084 1163 5137 87
1195 5102 1248 5139 a.

469 5175 580 5247 (60)
614 5175 865 5230 Attollite.
900 5175 988 5229 Ps.
1020 5191 1172 5239 χχιιι,
1202 5190 1345 5230 vers.
1379 5178 1410 5231 7
1438 5188 1491 5231 et
1514 5177 1567 5232 9.

468 5268 579 5339 (61)
622 5270 1003 5337 Assumptione.
1044 5268 1251 5323 Christi
1299 5270 1530 5323 ascensio
1558 5285 1586 5323 a
1630 5267 1833 5325 Graecis
1862 5285 1958 5325 vo-

397 5347 552 5391 catur
589 5339 912 5406 Assumptio.

468 5407 578 5478 (62)
618 5408 873 5463 Laudate.
901 5408 989 5463 Ps.
1028 5423 1170 5472 cxvr,
1225 5421 1369 5462 vers.
1430 5409 1481 5462 1.
1533 5409 1702 5467 Biblia
1737 5411 1955 5476 habent,

394 5474 734 5542 ἐπαινέσαιτε,
765 5494 882 5548 pro,
908 5481 1001 5532 καὶ
1039 5478 1502 5534 ἐπαινεσάτωσαν.

395 5549 579 5674 ⁸Ιί(ξό)
619 5548 829 5619 Regem.
876 5548 979 5604 lsa.
1030 5565 1221 5614 XXXIII,
1278 5549 1365 5603 l7.
1402 5548 1660 5622 Vulgatus
1687 5554 1958 5621 interpres

524 5636 566 5673 r.

449 5631 566 5673 llel‘.

465 5688 575 5762 (64)
613 5688 912 5748 Benedicta.
949 5688 1143 5746 Ezech.
1183 5704 1266 5757 ιιι,
1300 5689 1389 5766 l2.

2138 4501 2765 4577 (65)_Htec._E_zech._tt,
2796 4502 2846 4556 1.
2889 4500 3055 4577 ΒῖΙιΙίο
3081 4503 3314 4577 habent,
3346 4506 3627 4577 ὁμοιώμα-

2066 4591 2182 4644 τος,
2225 4575 2275 4628 id
2301 4585 2393 4644 pst
2419 4573 2797 4644 similitudinis,
2827 4587 2942 4644 pro,
2964 4572 3235 4644 ῥμοίωμα.

2139 4643 2248 4713 (66)
2291 4642 2547 4713 Dicentes.
2585 4641 2810 4713 Rmust,
2840 4642 2929 4705 22,
2955 4642 3045 4713 ἓξ.

2290 4711 2512 4785 Propter
2534 4715 2693 4785 quod.
2730 4711 2884 4765 Rom.
2918 4727 2956 4775 1,
2988 4710 3058 4763 24
3088 4720 3142 4766 et
3172 4711 3261 4765 ‘25.
3289 4711 3459 4769 Biblia
3486 4726 3623 4785 post,

2068 4781 2284 4848 αὐτούς,
2314 4782 2531 4841 addunt,
2556 4781 2705 4843 Θεός.

2141 4853 2263 4924 (68)
2295 4850 2548 4924 Gloriam.
2572 4850 2752 4924 ‘Edilio
2797 4848 3007 4924 Graeca,
3045 4851 3428 4924 cuiconsentit
3457 4863 3624 4907 (rant.

2066 4920 2193 4979 latio
2226 4922 2471 4990 Vulgata,
2500 4920 2678 4984 habet,
2702 4921 2797 4990 τὴν
2827 4920 3103 4989 ἀλήθειαν,
3138 4922 3185 4973 id
3214 4932 3295 4975 est
3328 4929 3621 4978 veritatem.

2065 4994 2130 5047 Et
2175 4992 2330 5061 paulo
2357 5000 2493 5058 post,
2514 4990 2828 5061 εὐλογητὸς,
2863 5006 2979 5061 pro,
3006 4990 3382 5061 εὐλογημένος.

2137 5059 2246 5129 (69)
2288 5060 2665 5132 (tauquam.
2701 5059 2854 5132 1,20,
2906 5060 2995 5114 ει.
3055 5059 3619 5132 Ειιίιάιιίυιεειεγνάν.

2064 5149 2152 5196 τες
2177 5127 2267 5185 τδν
2291 5129 2441 5199 Θεὸν.
2472 5127 2557 5194 Ει,
2584 5130 2999 5199 εὐχαρίστησαν.

2134 5200 2241 5271 (70)
2284 5198 2343 5271 Si
2397 5200 2553 5253 enim.
2605 5198 2624 5251 l
2676 5198 2799 5253 (ιω.
2844 5215 2901 5266 ιι,
2951 5199 3004 5253 8.
3056 5200 3222 5256 Biblia
3268 5216 3364 5271 pm
3402 5201 3617 5271 ᾔδεσαν,

2064 5267 2285 5331 habent,
2318 5267 2579 5337 ἔγνωσαν.

2132 5339 2240 5411 (71)
2275 5339 2339 5393 Ut
2366 5340 2441 5391 in.
2481 5339 2705 5409 Philipp.
2739 5354 2799 5411 ιι,
2831 5339 2896 5411 170
2921 5348 2974 5395 et
3003 5340 3089 5394 il.
3124 5339 3383 5394 Nonnulla
3413 5341 3613 5397 omittit

2062 5408 2318 5479 Didymus
2365 5408 2699 5464 intermedia.
2752 5410 2917 5463 Biblia
2984 5426 3087 5463 non
3144 5411 3341 5465 habent
3396 5426 3617 5476 vocem,

2060 5479 2414 5553 ΧριστοῦηΕι
2457 5494 2571 5553 pro,
2612 5480 3081 5553 ἐξομολογήσεται,
3114 5482 3330 5546 habent,
3373 5482 3598 5552 ὲξομολο

2060 5546 2587 5673 γήὲᾏῖαὶὲἷιῗῗξὶἳὲίῑ

2131 5618 2241 5689 (79.)
2283 5618 2442 5695 ιξξιηι.
2466 5618 2628 5695 liehr.
2657 5635 2717 5687 ιι,
2742 5620 2794 5676 9.
2814 5619 3078 5677 Nonnulla
3109 5619 3310 5675 omittit
3329 5618 3613 5695 Didymus,

2062 5702 2126 5744 ac
2152 5704 2269 5758 pro,
2296 5688 2373 5754 δέ,
2404 5689 2532 5756 legit
2566 5690 2691 5755 γάρ.
