3688 6304
475 213 578 266 451
1744 219 1980 273 DlDYMl

2123 221 2487 277 EXANDRINI
3585 239 3667 297 43%

476 321 529 375 in
554 320 772 377 fornace
800 337 919 378 cum
939 324 1068 394 ipsis
1096 326 1365 396 apparuit,
1391 329 1548 398 100
1568 329 1634 383 de
1664 346 1771 399 quo
1794 344 1980 403 scripti

2123 387 2130 397 ,
2160 337 2375 403 Κύριον
2408 337 2669 406 ὑμνεῖτε,
2701 338 2800 391 καὶ
2832 340 3212 408 diremti-01328
3251 345 3432 398 αὐτὸν
3455 350 3532 415 εις
3558 357 3668 423 τοὺς

476 422 583 475 est,
621 410 769 465 Visio
798 412 911 481 (83)
942 425 1118 467 autem
1152 418 1328 485 quarti
1360 419 1551 472 similis
1611 418 1750 474 Filio
1810 421 1926 484 Dei,
1973 443 1980 476 ι

2153 425 2390 490 αἰῶνας.
2434 426 2771 498 Ἀχθομένων
2808 429 2883 493 δὲ,
2914 432 3097 501 φησὶν,
3139 434 3233 487 καὶ
3269 435 3375 486 τῶν
3419 410 3667 510 κυριοκτόί

473 513 660 557 centes
687 521 699 556 :
722 502 1022 558 Benedicite
1046 507 1181 576 (85),
1216 510 1390 561 omnia
1424 525 1580 572 Opera
1606 511 1836 578 Domini,
1868 512 1980 567 Dan

2153 533 2258 568 νων
2287 517 2421 588 πρὸς
2451 517 2519 570 τὰ
2548 518 2729 571 παιδία
2754 520 2849 573 καὶ
2873 522 2998 585 τοὺς
3024 522 3234 592 ὄχλους,
3262 526 3342 579 ὃτι
3368 526 3436 590 ὡς
3466 502 3577 585 Θὲδν
3597 536 3666 590 τὸν

479 610 627 660 num,
647 595 883 658 laudate,
905 606 953 650 et
995 600 1377 666 superexaltate
1405 617 1518 654 eum
1544 602 1599 655 in
1631 604 1842 657 sucula.
1880 605 1979 671 Qui

2165 606 2368 681 Ἰησοῦν
2406 609 2720 676 δοξάζοντες
2766 612 2972 681 ἔλεγον,
3023 616 3282 670 Ὡσαννὰ
3312 619 3381 671 ἐν
3415 622 3527 688 τοῖς
3558 629 3664 694 ὑψι,

478 688 646 741 etiam
670 702 793 741 cum
822 687 1030 742 Domini
1083 690 1456 746 interfectores
1490 691 1854 746 irascerentur
1913 694 1980 759 (8!

2151 712 2345 766 στοιςο
2374 702 2775 771 εὐλογημένος
2799 709 2833 759 ὁ
2873 707 3197 775 ἐρχόμενος
3231 710 3300 762 ἐν
3335 687 3553 781 ὀνόματι
3580 687 3665 772 liv-

471 788 531 831 ut
556 777 630 830 ait
669 779 1018 846 evangelista,
1066 781 1264 848 pueris,
1318 790 1374 835 et
1431 783 1623 847 turbis,
1677 784 1817 852 quod
1864 782 1980 838 Iesu

2142 789 2301 856 ρίου,
2337 789 2647 861 ὑπέμνησεν
2681 792 2874 856 αὐτοὺς
2906 794 3005 863 τῆς
3038 794 3299 866 λεγούσης
3328 777 3555 869 Γραιρῖπο
3589 804 3663 855 Ἕκ

480 878 733 937 tanquam
763 870 924 922 Deum
956 869 1316 939 glorificantes
1343 872 1599 934 dicerent,
1657 872 1906 927 llosanna
1935 874 1980 944 (8

2150 878 2449 947 στόματος
2479 882 2711 947 νηπίων
2740 883 2838 936 καὶ
2870 882 3245 950 θηλαζόντων
3274 891 3577 956 κατηρτίσω
3600 892 3663 946 αἷ-

477 958 533 1010 in
564 959 835 1011 altissimis
860 976 878 1011 :
905 958 1216 1013 Benedictus
1237 960 1325 1029 qui
1354 960 1486 1014 venit
1513 962 1565 1014 in
1589 963 1793 1015 nomine
1817 963 1980 1015 Domit

2148 985 2290 1021 νον·
2316 971 2493 1040 ἑαυτῷ
2532 972 2776 1043 ἁρμόσας
2808 974 2868 1027 τὸ
2903 976 3063 1044 ῥητὸν
3096 975 3271 1041 τοῦτο,
3304 979 3395 1029 καὶ
3421 980 3575 1044 δείξας
3609 988 3662 1054 μὴ

478 1050 629 1105 illum
656 1050 946 1119 Scripturae
976 1051 1150 1105 locum
1177 1051 1229 1105 in
1262 1054 1573 1107 memoriam
1619 1054 1698 1107 eis
1751 1068 1976 1108 revocav

2148 1060 2431 1125 ἀνοικείως
2460 1064 2830 1134 προσάγεσθαι
2862 1066 3011 1136 αὑτῴ
3042 1067 3213 1133 δόξαν.
3255 1068 3346 1140 [l5
3369 1070 3420 1142 ὁ]
3452 1074 3548 1126 Καὶ
3593 1050 3663 1143 ἀγἱ

468 1143 561 1211 qui
592 1142 671 1197 sic
705 1158 763 1196 se
793 1142 991 1197 habet:
1027 1142 1113 1197 Ea:
1136 1159 1223 1197 ore
1252 1142 1364 1213 (87)
1421 1144 1708 1213 infantium
1762 1155 1809 1198 et
1850 1144 1980 1199 laete

2148 1152 2293 1219 γελοι
2333 1153 2409 1221 δὲ,
2459 1156 2642 1225 φησιν,
2678 1154 2863 1221 ἔλεγον
2912 1156 3195 1227 τεχθέντος
3229 1159 3411 1212 αὐτοῦ’
3457 1162 3589 1226 Δόξα
3612 1167 3663 1216 ἐν

481 1232 612 1284 tium
644 1230 905 1299 perfecisti
935 1232 1142 1286 laudem
1175 1247 1194 1285 :
1221 1232 1437 1287 sibimet
1472 1234 1570 1301 ipsi
1599 1248 1721 1286 eum
1743 1247 1980 1289 accomm

2153 1242 2438 1310 ὑψίστοις
2476 1246 2616 1312 Θεῷ,
2646 1247 2745 1300 καὶ
2790 1247 2890 1301 ἐπὶ
2922 1248 3035 1318 γῆς
3066 1249 3297 1317 εἰρήνη.

466 1326 629 1390 dans,
655 1334 707 1380 et
736 1327 959 1396 gloriam
990 1328 1113 1391 sibi,
1144 1342 1266 1396 qua:
1294 1329 1362 1383 ab
1389 1329 1503 1397 ipso
1559 1329 1736 1384 aliena
1789 1330 1881 1394 sit,
1907 1335 2029 1395 ;non
2069 1333 2247 1391 oﬂ‘erri
2282 1339 2679 1395 demonstrans.
2725 1341 2830 1396 Sed
2865 1352 2919 1397 et
2955 1343 3129 1411 angeli
3188 1343 3304 1413 ipso
3345 1353 3467 1399 nato
3493 1346 3661 1415 inquie-

467 1416 600 1472 bant
631 1436 647 1472 :
674 1416 855 1471 Gloria
883 1417 996 1489 (88)
1024 1419 1077 1472 in
1108 1419 1381 1473 altissimis
1405 1419 1532 1485 Deo,
1562 1430 1608 1473 et
1652 1422 1706 1473 in
1748 1430 1885 1476 terra
1909 1438 2033 1492 pax,
2073 1437 2131 1479 ut
2159 1430 2323 1485 refert
2346 1433 2697 1502 evangelista.

1032 1506 1186 1562 CAP.
1229 1506 1469 1562 xxxni.
2075 1523 2118 1579 Β

802 1598 880 1653 De
918 1599 1249 1653 adoratione.
1280 1597 1533 1668 Epilogus
1559 1598 1695 1669 (89).

528 1688 647 1743 1am
680 1701 806 1741 vero
840 1702 962 1741 cum
1009 1688 1181 1756 ipsum
1216 1686 1508 1742 viderimus
1541 1687 1922 1755 gloriﬁcatum,
1964 1690 2045 1744 vi-

459 1784 685 1833 deamus
711 1777 823 1847 (90)
873 1780 1118 1833 eumdem
1174 1778 1337 1832 etiam
1387 1780 1670 1832 adoratum
1706 1790 2040 1849 :utruiaque

457 1870 599 1924 enim
632 1870 737 1925 Deo
751 1880 805 1924 et
833 1870 1081 1924 convenit
1111 1879 1165 1923 et
1185 1870 1430 1933 debetur,
1450 1886 1554 1924 non
1591 1885 1724 1927 vero
1753 1882 2038 1925 creaturae.

456 1961 535 2015 ita
560 1962 730 2017 sancti
775 1961 1040 2024 scribunt,
1074 1976 1207 2027 quos
1229 1961 1570 2030 subiicimus.
1613 1961 1779 2015 David
1812 1961 1864 2014 in
1897 1960 2036 2031 psal-

456 2070 544 2109 mo
578 2070 737 2109 xcw:
778 2053 955 2108 Venite
976 2053 1110 2125 (91),
1142 2053 1441 2114 adoremus,
1471 2061 1518 2107 et
1548 2052 1883 2121 procidamus
1916 2063 2039 2105 ante

454 2145 626 2211 illum,
648 2155 695 2199 et
722 2144 981 2213 ploremus
1011 2161 1187 2200 coram
1221 2143 1468 2210 Domino,
1495 2144 1585 2213 qui
1614 2144 1735 2212 fecit
1765 2160 1882 2205 nos,
1908 2146 2036 2214 quia

454 2236 564 2304 ipse
598 2243 676 2290 est
702 2235 839 2290 Deus
865 2246 1058 2300 noster,
1094 2245 1142 2289 et
1179 2251 1271 2289 nos
1309 2236 1530 2305 populus
1573 2251 1780 2305 pascuw
1818 2236 1952 2304 ejus,
1985 2245 2036 2289 et

455 2343 569 2380 oues
606 2342 793 2381 manus
831 2327 983 2395 ejus;
1020 2336 1075 2383 et
1128 2328 1179 2381 in
1213 2343 1303 2381 ur
1339 2343 1349 2373 :
1388 2326 1801 2405 Reminiscentur
1831 2327 1943 2398 (92)
1988 2338 2036 2381 et

453 2426 812 2471 convertentur
848 2417 915 2471 ad
970 2417 1251 2471 Dominum
1298 2419 1528 2472 universi
1570 2418 1700 2486 ﬁnes
1741 2427 1894 2473 terra:
1927 2436 1945 2483 ;
1983 2429 2033 2473 et

452 2507 748 2560 adorabunt
784 2507 837 2561 in
876 2518 1148 2575 conspectu
1195 2508 1309 2576 ejus
1351 2509 1605 2561 universa:
1637 2508 1857 2576 familia:
1907 2526 2031 2579 gen-

453 2596 623 2660 tium;
657 2597 903 2665 quoniam
939 2596 1151 2650 Domini
1182 2606 1254 2650 est
1280 2612 1515 2665 regnum,
1543 2607 1590 2650 et
1629 2598 1739 2663 ipse
1791 2599 2034 2653 domina-

452 2701 539 2743 tur
592 2688 840 2757 gentium.
901 2689 1167 2754 Quidnam
1221 2688 1435 2742 tandem
1494 2688 1567 2741 illi
1621 2689 1887 2758 inquient,
1938 2704 1980 2758 (ιι

2130 2704 2349 2761 ἐθνῶν·
2384 2705 2475 2759 ὅτι
2521 2705 2627 2759 τοῦ
2663 2705 2885 2772 Κυρίου
2924 2704 2963 2771 τ)
3001 2703 3326 2767 βασιλεία,
3376 2702 3470 2756 καὶ
3507 2702 3644 2766 αὐτὸ(

451 2795 690 2835 seorsum
725 2780 967 2834 tribuunt
996 2780 1143 2833 Patri
1170 2779 1386 2847 quidem
1436 2794 1631 2835 nomen
1683 2780 1846 2844 Deus,
1898 2779 1976 2833 Fil

2130 2798 2400 2859 δεσπόζει
2427 2796 2549 2851 τῶν
2572 2795 2779 2851 ἐθνῶν.
2804 2797 2869 2849 Τί
2889 2795 3105 2867 ἐροῦσιν
3125 2796 3233 2867 ἄρα
3259 2798 3307 2849 oi
3330 2796 3649 2866 ἀιωνέμοντες

450 2881 632 2926 autem
656 2887 852 2926 nomen
887 2870 1146 2925 Dominus
1173 2871 1306 2941 (9'5),
1337 2886 1458 2925 cum
1489 2872 1708 2925 audiant
1731 2872 1819 2927 hic
1848 2871 1978 2925 Dom

2126 2889 2294 2959 ὄνομα
2321 2857 2737 2958 κεχωρισμένως
2756 2927 2770 2951 ,
2796 2885 2873 2956 τῷ
2906 2857 3003 2956 μὲν
3031 2857 3205 2957 Πατρὶ
3247 2886 3310 2938 τὸ
3346 2857 3509 2951 Θεὸς,
3525 2885 3587 2954 τῷ
3607 2886 3648 2937 δὲ

450 2980 578 3018 num
604 2972 659 3019 et
695 2964 933 3027 adorari,
989 2974 1043 3019 et
1090 2964 1380 3029 dominari,
1431 2976 1485 3020 et
1537 2965 1705 3035 ipsius
1748 2980 1869 3020 esse
1938 2980 1980 3018 ri

2127 2980 2241 3051 Υἱῷ
2266 2982 2325 3034 τὸ
2348 2981 2581 3048 Κύριος,
2611 2980 2888 3041 ἐπαΐοντες
2909 2978 3096 3033 ἐνθάδε
3116 2979 3208 3032 τὸν
3229 2978 3434 3050 Κύριον
3458 2995 3648 3051 προσκυ-

450 3055 638 3126 gnum?
671 3056 822 3125 ιοι
866 3056 933 3108 Ει
957 3070 1145 3110 rursus
1180 3055 1233 3109 in
1268 3072 1323 3109 ix
1363 3056 1566 3123 psalmo
1614 3055 1723 3125 (94)
1765 3070 1781 3108 :
1822 3055 1892 3109 Et
1924 3072 1980 3108 aa

2123 3070 2326 3124 νεῖσθαι
2360 3071 2452 3124 καὶ
2503 3069 2815 3132 δεσπόζειν,
2865 3070 2960 3122 καὶ
3007 3068 3170 3122 αὑτοῦ
3221 3064 3363 3123 εἶναι
3409 3069 3501 3140 τὴν
3530 3068 3645 3138 βασι-

448 3145 612 3197 orabo
627 3144 937 3203 te,Domine.
960 3145 1213 3215 fortitudo
1235 3161 1367 3199 mea.
1391 3145 1524 3199 Etin
1553 3160 1715 3200 cxxu
1746 3166 1760 3199 :
1824 3141 1980 3195 Adon

2123 3163 2299 3227 λείανς
2330 3162 2438 3215 Καὶ
2466 3161 2628 3214 πάλιν
2664 3164 2721 3215 ὲν
2760 3160 2804 3213 θ’
2855 3159 3088 3231 ψαλμῷ·
3137 3160 3245 3213 Καὶ
3282 3160 3647 3228 προσκυνήσω

448 3252 562 3289 inus
584 3235 692 3303 (95)
722 3236 777 3289 in
805 3236 938 3301 loco,
978 3236 1067 3289 ubi
1087 3244 1341 3291 steterunt
1373 3237 1525 3301 pedes
1543 3234 1675 3303 ejus.
1704 3235 1899 3291 Paulus
1944 3251 1980 3291 e1

2123 3272 2211 3321 σε,
2240 3256 2437 3323 Κύριε,
2476 3256 2516 3323 ἠ
2549 3255 2727 3324 ἰσχύς
2742 3270 2895 3323 μουο
2942 3255 3035 3306 καὶ
3060 3255 3119 3306 ὲν
3159 3252 3300 3325 pla“
3343 3251 3647 3321 Προσκυνή.

2762 1523 2921 1576 ΚΕΦ.
2964 1524 3085 1578 Al";

2282 1610 2423 1678 Περὶ
2461 1612 2954 1680 προσκυνήσεως.
3013 1615 3549 1685 Ἀνακεφαλαιωσις.

2213 1701 2423 1771 Ἵδομεν
2454 1702 2633 1757 τοίνυν
2669 1705 2832 1758 αὑτὸν
2877 1705 3262 1777 δοξαζόμενον,
3316 1704 3491 1780 ἴδομεν
3531 1713 3657 1766 αὑτὸν

2140 1795 2234 1850 καὶ
2269 1796 2773 1867 προσκυνούμενονο
2820 1796 3106 1867 ἀμφότερα
3144 1797 3203 1850 δὲ
3239 1798 3358 1870 Θεῷ
3389 1801 3523 1853 ἐστιν
3559 1802 3657 1873 πρέ.

2140 1904 2308 1940 ποντα
2337 1888 2430 1941 καὶ
2459 1888 2784 1959 ὀφειλόμενα
2805 1929 2820 1954 ,
2855 1888 2975 1957 οὐχὶ
3006 1888 3063 1940 δὲ
3088 1888 3365 1958 κτίσματι,
3400 1891 3531 1945 καθά
3552 1896 3656 1963 γρά-

2139 1995 2327 2047 φουσιν
2359 1979 2407 2031 οἱ
2432 1978 2863 2048 ὑποτεταγμένοι
2891 1978 3033 2047 ἆγιοι
3053 1994 3067 2008 ο
3095 1978 3257 2031 Δαυῒδ
3286 1980 3345 2032 ἐν
3372 1980 3446 2047 ιβ
3468 1981 3653 2052 ψαλμῷθ

2135 2072 2331 2136 Δεῦτε,
2366 2070 2889 2140 προσκυνήσωμεν
2912 2069 3010 2123 καὶ
3054 2070 3488 2141 προσπέσωμεν
3514 2074 3653 2138 αὐτῷ,

2136 2160 2235 2214 καὶ
2265 2162 2623 2229 κλαύσωμεν
2645 2158 2922 2214 ἐναντιον
2938 2159 3181 2228 Κυρίου,
3204 2159 3309 2213 τοῦ
3336 2160 3653 2229 ποιήσαντος

2134 2251 2312 2321 ἡμᾶς,
2329 2252 2415 2305 ὅτι
2434 2251 2615 2317 αὑτός
2632 2251 2804 2304 ἐστιν
2824 2252 2856 2304 d
2876 2249 3020 2316 Θεὸς
3042 2248 3229 2319 ἡμῶν,
3248 2250 3348 2303 καὶ
3368 2251 3529 2320 ἡμεῖς
3541 2256 3654 2319 λαὸς

2132 2342 2323 2412 νομῆς
2363 2342 2571 2405 αὑτοῦ,
2606 2342 2704 2395 καὶ
2736 2342 2998 2409 πρόϐατα
3034 2341 3230 2409 χειρὸς
3257 2343 3442 2397 αὐτοῦ
3462 2359 3476 2373 ο
3506 2344 3582 2396 καὶ
3610 2346 3653 2395 iv

2133 2442 2239 2486 ua“
2281 2433 2780 2503 Μνησθήσονται,
2820 2432 2919 2485 καὶ
2959 2432 3501 2501 ἐπιστραφήσονται
3539 2434 3652 2502 πρὸς

2132 2526 2351 2592 Κύριον
2383 2522 2580 2576 πάντα
2614 2522 2688 2576 τὰ
2715 2520 2940 2589 πέρατα
2963 2518 3072 2588 τῆς
3106 2519 3217 2590 γῆς
3240 2535 3258 2552 ο
3287 2520 3391 2573 καὶ
3430 2536 3651 2588 προσκυ-

2130 2616 2433 2683 νήσουσιν
2474 2612 2729 2667 ἐνώπιον
2760 2611 2948 2667 αὐτοῦ
2986 2609 3175 2665 πᾶσαι
3214 2614 3276 2665 at
3306 2611 3530 2679 πατριαὶ
3564 2609 3650 2663 τῶν

2111 3409 2455 3473 Domineitas,
2506 3419 2564 3464 ut
2607 3410 2679 3463 ita
2730 3405 3067 3473 dicam,'seu
3126 3409 3456 3473 Dominatio,
3488 3424 3644 3474 nempe

2110 3480 2210 3533 hoc
2238 3482 2379 3548 quod
2415 3492 2498 3534 est
2537 3498 2644 3533 esse
2700 3478 3340 3548 DominnmsAbsurdam
3388 3495 3508 3533 vero
3533 3480 3641 3531 hanc

2109 3547 2419 3629 opinionem
2454 3548 2648 3629 refellit
2670 3549 2961 3629 Gregorius
2989 3547 3575 3629 Nyssenﬁusinitionlibri
3591 3563 3639 3629 fl

2109 3620 2163 3671 in
2193 3618 2532 3675 Eunomium.
2570 3624 2645 3673 Ac
2674 3617 2939 3688 videndus
2973 3617 3141 3674 etiam
3178 3620 3395 3688 Didymi
3435 3620 3557 3674 liber
3582 3618 3643 3671 De

2112 3689 2315 3755 Spiritu
2347 3701 2548 3753 sancto,
2581 3704 2726 3742 num.
2756 3687 2846 3741 29.

2182 3759 2294 3825 (9i)
2329 3759 2393 3811 Et
2425 3759 2674 3811 adorabo.
2707 3756 2839 3811 Cum
2865 3756 2952 3811 hic
2980 3756 3129 3813 locus
3158 3757 3210 3811 in
3239 3756 3430 3811 Bibliis
3452 3758 3641 3812 omnino

519 3410 633 3478 (80)
681 3409 845 3465 Visio.
875 3411 1008 3467 Dan.
1035 3428 1115 3477 ιιι,
1153 3412 1240 3467 92.

516 3479 628 3548 (84)
680 3480 986 3535 Beuedicite.
1046 3483 1180 3537 Dan.
1232 3496 1329 3543 ιιι,
1384 3481 1472 3536 57.
1521 3479 1688 3535 Porro
1742 3480 1997 3548 hymnum

448 3554 604 3603 trium
635 3566 918 3620 puerorum
958 3558 1014 3604 ut
1040 3552 1285 3605 canonici
1315 3550 1435 3605 libri
1468 3560 1673 3619 partem
1716 3565 1744 3602 a
1774 3550 1999 3617 Didymo

445 3619 682 3688 agnitum
733 3619 896 3674 fuisse
930 3633 1152 3690 apparet
1189 3636 1291 3675 non
1339 3621 1496 3674 modo
1540 3635 1608 3674 ex
1651 3620 1752 3673 hoc
1788 3623 1923 3690 loco,
1951 3628 2005 3690 et

444 3687 511 3743 ei
535 3704 702 3754 segni.
729 3690 797 3741 77
824 3708 879 3755 a,
909 3687 1011 3745 sed
1029 3692 1189 3746 etiam
1224 3706 1289 3744 ex
1317 3692 1402 3755 iis,
1435 3705 1553 3759 qua:
1593 3690 1729 3759 idem
1765 3689 1831 3759 ad
1857 3687 2001 3755 psal-

445 3761 517 3812 mi
551 3774 717 3812 xmn
776 3760 1097 3815 versiculum
1134 3762 1167 3813 4
1197 3759 1418 3816 dictavit
1452 3756 1591 3829 'pag.
1628 3757 1739 3829 60~l
1784 3756 1999 3829 Catena:

443 3846 490 3901 ιιΔ
514 3829 770 3901 (Sorderio
804 3832 972 3901 edita:
1001 3850 1015 3884 :
1040 3831 1254 3901 Ὥσπερ
1295 3832 1348 3901 oi
1375 3832 1432 3883 ὲν
1456 3826 1668 3901 καμίνῳ
1699 3826 2002 3901 βληθέντες,

444 3846 472 3881 u
514 3845 770 3882 LOI'UCI'IO
816 3845 972 3883 emta:
1001 3850 1015 3884 :
1043 3845 1254 3901 ’ωσπερ
1295 3845 1344 3882 οι
1375 3845 1432 3883 εν
1456 3845 1668 3900 καμινῳ
1699 3845 1760 3898 pA
1800 3845 2002 3890 υεντες,

444 3898 539 3962 ait,
568 3898 624 3949 ὲν
655 3897 996 3969 Βαϐυλῶνι...
1030 3900 1159 3953 θεὸν
1183 3899 1494 3969 ὑμνοῦντες,
1532 3900 1713 3952 πᾶσαν
1750 3845 1850 3969 ⁸’ἴξιν
1889 3898 2007 3969 κτί-

444 3982 526 4037 σιν
549 3968 853 4037 παρέλαϐον
882 3972 959 4033 εἰς
979 3970 1156 4032 τοῦτο,
1182 3966 1237 4021 κζ
1263 3987 1314 4023 τ.
1340 3969 1389 4023 λ.
1420 3970 1471 4023 id
1498 3979 1600 4031 est,
1622 3969 1765 4022 Sicut
1793 3966 1880 4036 qui
1894 3966 2003 4019 Ba-

442 4035 713 4106 byloue'in
740 4041 1001 4105 [ornacem
1030 4040 1173 4093 missi
1207 4050 1417 4101 sunt,...
1451 4038 1613 4092 Deum
1643 4035 1847 4107 hymnis
1876 4053 2004 4106 pro-

440 4116 704 4175 sequentes
730 4123 931 4160 omnem
957 4109 1026 4160 ad
1056 4108 1151 4160 hoc
1190 4120 1484 4160 creaturam
1513 4109 1857 4161 aduocarunt.

511 4174 625 4245 (85)
667 4175 1045 4245 Irascerentnr.
1083 4177 1269 4229 Matth.
1312 4193 1424 4240 χιιι,
1461 4176 1548 4230 15.

511 4244 622 4312 (86)
666 4244 937 4299 Hosanna.
967 4245 1156 4299 Matth.
1189 4261 1301 4308 ut,
1341 4246 1395 4299 9.
1440 4245 1569 4311 Quae
1617 4244 1706 4299 hic
1743 4244 1998 4312 primum,

443 4315 496 4367 in
531 4312 717 4367 Bibliis
745 4317 1035 4369 secundum
1065 4314 1237 4369 locum
1269 4314 1487 4367 habent.

511 4382 622 4452 (87)
668 4384 748 4435 Ea:
776 4401 882 4438 ore.
919 4384 1060 4438 Psal.
1088 4399 1205 4448 vni,
1243 4398 1383 4438 vers.
1420 4385 1473 4438 3.

511 4452 623 4519 (88)
661 4451 787 4506 Luc.
816 4470 875 4516 ιι,
910 4454 996 4508 14.

507 4522 621 4590 (89)
665 4524 933 4593 Epilogus.
986 4523 1041 4576 lu
1083 4520 1290 4586 Graeco,
1327 4519 1996 4593 dvaxetpalalwatc,_sive,

438 4601 499 4644 nt
530 4590 731 4646 vetusti
763 4590 1082 4660 inierpretes
1117 4602 1331 4647 vertere
1364 4593 1557 4655 solent,
1588 4590 1951 4656 recapitulatio
1976 4605 1995 4643 :

433 4675 739 4743 quanquam
797 4662 1037 4718 Graecam
1063 4676 1267 4747 “vocem
1312 4662 1539 4747 retineri
1580 4660 1764 4747 mallet
1808 4660 1996 4747 Hiero~

434 4729 629 4811 nymus
655 4733 705 4786 in
732 4743 1021 4812 comment.
1054 4729 1225 4799 Epist.
1256 4732 1324 4784 ad
1351 4731 1544 4799 Ephes.
1579 4729 1687 4810 lib.“
1708 4744 1748 4793 ι,
1784 4744 1902 4809 cap.
1940 4729 1992 4792 l,

434 4812 491 4851 nt
517 4799 706 4879 Latine
728 4817 940 4879 quoque
974 4802 1245 4856 diceretur
1268 4800 1739 4879 anaceplialaeosts:
1769 4796 1992 4879 Yidetur

432 4879 610 4940 autem
653 4868 759 4925 hic'
786 4868 1055 4940 positaea
1089 4884 1216 4940 vox,
1259 4871 1382 4938 quia
1431 4870 1563 4923 nihil
1591 4869 1732 4922 aliud
1777 4868 1909 4940 facit
1939 4869 1990 4921 in

432 4938 539 5019 hoc
552 4942 733 5019 capite
760 4938 1033 5013 Didymus,
1063 4941 1167 4995 nisi
1197 4939 1494 5009 Scriptura:
1519 4938 1824 4995 testimonia
1854 4951 1982 4993 con-

467 5016 587 5061 erit.

431 5022 611 5150 868:9)
660 5078 961 5150 Kideamtts.
997 5079 1158 5150 Lego,
1196 5079 1411 5150 ἴδωμεν.

500 5145 614 5215 (91)
662 5147 855 5201 Venite.
899 5149 1039 5203 Psal.
1068 5145 1208 5213 icuv,
1239 5145 1381 5203 vers.
1412 5145 1447 5202 6
1474 5156 1529 5201 et
1563 5147 1614 5203 7.

501 5215 613 5283 (9‘2)
658 5216 1089 5274 Reminiscentur.
1121 5218 1263 5273 Psal.
1298 5232 1576 5285 XXI,VCI‘S.
1620 5216 1714 5284 29,
1768 5216 1857 5281 50,
1917 5217 1978 5271 5i

429 5280 543 5354 (seu
572 5284 642 5338 28
672 5297 725 5339 et
752 5286 866 5354 29).

499 5353 613 5422 (95)
654 5353 923 5409 Dominus.
970 5356 1212 5411 Eunomii
1258 5356 1524 5411 sententia
1571 5366 1709 5419 erat,
1768 5354 1989 5409 nomine

424 5423 629 5495 Κύριος
687 5439 781 5478 seu
834 5425 1107 5493 Dominus,
1160 5429 1301 5495 quod
1351 5426 1487 5480 Filio
1532 5427 1800 5488 tribuitur,
1857 5423 1979 5477 Filii

426 5494 594 5560 ipsius
623 5508 735 5548 non
782 5496 1115 5563 dignitatem,
1167 5494 1261 5549 sed
1308 5496 1597 5551 essentiam
1644 5495 1977 5563 signiﬁcari:

426 5564 497 5616 ita
526 5564 733 5618 scilicet
767 5578 821 5616 ut
850 5567 1022 5620 l’atris
1052 5565 1262 5633 quidem
1286 5566 1520 5620 essentia
1552 5567 1623 5617 sil.
1666 5563 1885 5632 Θεότης,
1928 5564 1978 5615 id

423 5642 501 5688 est
536 5635 733 5699 Deitas,
774 5634 894 5689 Filii
944 5652 1069 5692 vero
1103 5637 1330 5691 essentia
1371 5636 1441 5691 sit
1470 5636 1761 5704 Κυριότης,
1800 5634 1852 5688 id
1896 5643 1976 5688 est

2024 4352 2076 4410 D

2112 3844 2217 3881 non
2252 3838 2444 3891 exstet,
2496 3828 2684 3897 psalmi
2731 3841 2843 3881 xvn
2880 3829 3048 3889 prima
3108 3829 3292 3893 verba,
3332 3828 3547 3895 Dtligam
3582 3842 3637 3891 te,

2110 3897 2353 3964 Domine,
2394 3900 2645 3967 fortitudo
2687 3914 2837 3962 mea,
2873 3911 2903 3950 a
2947 3898 3173 3968 Didymo
3216 3900 3409 3965 respici
3440 3899 3639 3967 conjice-

2108 3984 2245 4031 rem,
2286 3969 2385 4022 nisi
2415 3970 2656 4022 obstaret
2691 3974 2801 4020 tum
2848 3968 3053 4029 vocula,
3102 3977 3171 4029 et,
3228 3979 3343 4020 tum
3382 3968 3639 4023 discrimen

2105 4040 2248 4106 quod
2288 4040 2511 4091 interest
2554 4054 2657 4091 non
2692 4037 2957 4089 modicum
2992 4038 3133 4091 inter
3158 4038 3452 4105 ἀγαπήσω,
3501 4039 3547 4091 id
3572 4046 3639 4092 est

2104 4109 2346 4177 diligam,
2384 4117 2460 4178 ret
2506 4107 2899 4178 προσκυνήσω,
2927 4106 3002 4178 (id
3054 4116 3137 4161 est
3183 4108 3451 4178 adorabo,
3503 4122 3634 4175 quam

2105 4186 2301 4231 vocem
2344 4177 2430 4230 hic
2490 4176 2742 4246 Didymus
2774 4176 3068 4240 inculcat;
3122 4190 3187 4231 ac
3242 4177 3348 4229 nisi
3406 4186 3635 4243 praeterea

2104 4246 2418 4300 incredibile
2440 4246 2734 4308 videretur,
2765 4260 2910 4307 eum,
2959 4247 3052 4315 qui
3093 4247 3351 4299 memoria
3396 4256 3643 4311 tanmpere

2103 4316 2353 4395 pollebat,
2381 4317 2453 4395 -in
2490 4316 2707 4395 citando
2738 4330 2803 4369 eo
2832 4315 3039 4395 psalmo
3079 4315 3286 4383 lapsum
3334 4330 3472 4395 esse,
3502 4330 3637 4385 quem

2109 4384 2159 4437 in
2204 4386 2426 4438 ecclesia
2456 4394 2725 4439 cantatum
2752 4386 3055 4439 sexcenties
3093 4400 3216 4437 eum
3249 4384 3520 4439 audivisse
3548 4388 3641 4438 nou‘

2105 4455 2308 4508 dubito.
2352 4454 2479 4520 Quae
2520 4470 2641 4508 cum
2686 4454 2759 4507 ita
2811 4470 2870 4507 se
2928 4456 3181 4517 habeant,
3224 4464 3324 4507 aut
3371 4458 3639 4524 putandum

2103 4532 2205 4585 est,
2240 4540 2300 4578 ea
2326 4526 2488 4577 verba
2532 4526 2632 4578 etsi
2668 4525 2719 4577 in
2757 4539 2899 4578 nono
2929 4525 3133 4591 psalmo
3171 4538 3281 4577 non
3313 4537 3543 4585 exstent,
3590 4524 3637 4579 ιω

2102 4593 2282 4662 aliquo
2329 4604 2507 4646 tamen
2559 4594 2664 4647 alio
2711 4593 3002 4661 Scriptura:
3036 4596 3159 4646 loco
3184 4593 3314 4661 legi,
3355 4610 3509 4662 quem
3552 4605 3635 4660 ego

2102 4678 2205 4745 rion
2246 4665 2539 4745 invenerim
2565 4680 2595 4745 ς)
2617 4671 2711 4716 aut
2747 4662 3051 4745 dicendum,
3080 4663 3437 4745 exemplaria,
3458 4665 3633 4745 quiqu

2101 4732 2355 4802 Didymus
2411 4734 2691 4802 (utebatur,
2757 4732 3069 4802 addimenta
3143 4732 3326 4798 aliqua
3388 4733 3632 4795 habuisset

2100 4800 2270 4854 Simili
2304 4801 2460 4855 modo
2490 4802 2719 4856 lrenaeus
2756 4800 2846 4854 lib.
2889 4817 2965 4867 iv,
3008 4816 3127 4870 cap.
3179 4803 3270 4864 52,
3315 4806 3476 4855 verba
3506 4810 3631 4869 quasi

2098 4873 2219 4924 dam
2252 4886 2284 4924 e
2318 4872 2611 4938 Scripturis
2640 4872 2850 4939 allegat,
2880 4886 2999 4940 quae
3032 4872 3191 4925 modo
3237 4876 3290 4925 in
3337 4872 3515 4926 Bibliis
3544 4884 3630 4925 nuit

2098 4940 2384 5007 leguntur:
2413 4941 2529 4994 huic
2577 4942 2719 4994 enim
2765 4942 2835 4994 ibi
2898 4940 3112 5008 scripsit
3146 4959 3160 4995 :
3197 4941 3570 5007 Quemadmadi

2095 5010 2222 5062 alibi
2266 5012 2337 5063 ait
2371 5024 2390 5061 :
2426 5028 2444 5060 ι
2471 5010 2803 5077 Sacriﬁcium
2858 5008 3002 5071 Deo,
3049 5027 3140 5065 cor
3192 5011 3589 5065 contribulatum

2094 5080 2224 5132 odor
2246 5081 2517 5134 suavitatis
2545 5080 2674 5145 Deo,
2714 5096 2805 5133 eor
2830 5079 3126 5146 clari/icans
3151 5097 3290 5143 eum,
3314 5082 3406 5149 qui
3426 5080 3624 5149 plasmai

2092 5151 2213 5201 ait.»
2246 5152 2383 5215 Quin
2408 5149 2655 5204 Clemens
2679 5164 2892 5218 quoque
2918 5151 2967 5202 in
2991 5151 3127 5203 libro
3154 5150 3442 5219 Pteilagogi
3470 5161 3579 5219 terti

2093 5231 2372 5288 postquam
2420 5221 2547 5272 illud
2582 5220 2771 5287 psalmi
2817 5235 2848 5272 ι.
2894 5220 3090 5282 attulit,
3156 5218 3497 5285 Sacri/icium
3539 5218 3577 5268 Ι)

2090 5290 2231 5341 mino
2255 5290 2467 5355 spiritus
2491 5290 2763 5353 contritus,
2789 5289 3060 5357 subjungit
3084 5306 3098 5343 :
3127 5288 3409 5353 Quodnam
3434 5289 3569 5357 Doni:

2090 5353 2353 5411 incensum
2408 5359 2672 5427 o/feram.’
2738 5377 2756 5409 ι
2781 5353 2947 5423 Odor,
2984 5353 3174 5426 inquit,
3208 5360 3489 5412 suavitatis

2088 5440 2160 5498 est
2192 5443 2298 5489 cor,
2317 5425 2467 5498 quod
2505 5427 2765 5498 glori/ica:
2812 5445 2929 5481 eum
2972 5425 3072 5495 qui
3122 5431 3294 5496 ipsum
3336 5425 3587 5497 formarit.

2094 5496 2221 5551 Vide
2252 5497 2407 5560 infra,
2445 5499 2488 5553 si
2508 5496 2720 5568 placet,
2751 5508 2905 5551 notas
2932 5502 2998 5551 ad
3026 5512 3191 5568 segm.
3219 5498 3291 5568 (33
3320 5496 3377 5554 a.
3614 5512 3615 5529 π

2157 5568 2268 5638 (95)
2308 5565 2615 5623 Adoremus.
2648 5565 2789 5623 Psal.
2830 5582 3014 5636 cum,
3050 5565 3188 5625 vers.
3222 5566 3276 5620 7.
