3766 6360
138 486 217 542 ‘53

1146 483 1234 537 DE
1274 482 1647 539 TRINITATE
1687 484 1888 539 LIBER
1924 486 2201 545 PRIMUS.

3167 471 3296 554 'm

135 615 288 669 σωμεν
307 599 384 663 εις
409 596 508 650 τὸν
533 597 734 661 τόπον,
776 592 849 653 οὗ
883 598 1157 664 ἔστησαν
1206 603 1259 653 οἱ
1287 600 1470 666 πόδες
1509 601 1617 654 αὐ-

1774 601 1928 657 mtico
1948 603 2346 659 Deutcronomii
2376 607 2592 663 scribit:
2626 608 2759 665 Cum
2784 610 2895 681 (96)
2917 628 3032 666 vero
3052 613 3297 669 introdu-

134 690 230 744 τοῦ.
254 686 431 749 Παῦλος
447 686 507 740 ἐκ
526 687 619 757 τῆς
645 686 788 757 ᾠδῆς
807 686 903 739 τοῦ
925 689 1347 759 Δευτερονομεου
1368 690 1613 760 γιράφων*

135 786 275 835 Ὅταν
293 779 351 833 δὲ
369 777 633 848 εἰσαγάγῃ
658 778 766 832 τὸν
788 781 1173 847 Πρωτότοκον
1192 782 1278 846 εἰς
1295 780 1410 848 τὴν
1423 784 1620 835 οἰκου-

130 874 289 941 μένην,
298 873 439 940 λέγει
456 886 470 900 ·
488 871 593 925 Καὶ
606 869 1205 939 προσκυνησάτωσαν
1222 870 1381 936 αὐτῷ
1395 872 1616 937 πάντες

130 966 312 1033 (in-ala
342 962 492 1016 Θεοῦ.
520 962 625 1015 Καὶ
653 962 682 1013 ὁ
713 963 1131 1034 εὐαγγελιστήςο
1172 960 1383 1027 Εἶπον,
1432 965 1614 1034 φησὶν,

130 1058 167 1108 nl
183 1053 350 1122 μάται’
395 1052 620 1123 Ἰδομεν
653 1054 839 1108 αὐτοῦ
867 1054 973 1119 τὸν
1000 1054 1224 1124 ἀστέρα
1261 1054 1330 1109 ἐν
1376 1054 1453 1124 τῇ
1478 1056 1620 1109 dra-

129 1144 255 1212 τολῇ,
282 1145 364 1199 καὶ
398 1144 648 1215 ἤλθομεν
682 1146 1105 1216 προσκυνῆσαι
1141 1148 1302 1214 αὐτῷ
1322 1165 1337 1179 ο
1384 1148 1478 1201 καὶ
1509 1147 1616 1201 πά-

127 1238 202 1289 λιν⁶
232 1237 374 1301 Ἰδοὺ,
405 1239 558 1307 φησὶν
577 1279 592 1303 ,
624 1238 846 1307 λεπρὸς
870 1236 1058 1310 ἦλθεν
1077 1282 1092 1307 ,
1125 1240 1221 1294 καὶ
1253 1241 1613 1309 προσεκύνει

127 1326 246 1393 αὐτῷ
261 1345 272 1357 ·
293 1330 375 1381 καὶ
396 1329 548 1383 πάλιν
572 1330 722 1401 παρὰ
749 1331 1012 1403 Ματθαῖῳ
1034 1332 1200 1402 φησιν
1218 1347 1233 1362 ·
1282 1333 1619 1385 Ἐκόπασεν

128 1422 153 1471 ό
171 1418 343 1487 ἄνεμος
356 1436 369 1449 ·
395 1422 446 1473 οι
463 1419 528 1473 δὲ
550 1420 620 1474 ἐν
642 1419 722 1486 τῷ
743 1422 935 1485 πλοίῳ
954 1423 1420 1489 προσεκύνησαν
1436 1418 1616 1485 αὐτῷ,

125 1508 371 1576 λέγοντες*
429 1509 678 1578 Ἀληθῶς
734 1511 882 1566 Θεοῦ
952 1512 1084 1578 Υἱὸς
1120 1509 1206 1566 εἴ.
1252 1512 1362 1564 Καὶ
1398 1512 1457 1564 οὐ
1497 1510 1620 1565 καθ’

126 1602 263 1668 ἡμᾶς,
295 1601 468 1672 φησὶν,
500 1604 627 1667 τοὺς
670 1603 889 1675 ἀφθόνῳ
928 1604 1022 1676 [44
1079 1604 1135 1677 a]
1182 1605 1363 1675 δωρεᾷ
1395 1603 1623 1674 ἐπικλη-

127 1692 268 1756 θέντος
294 1692 440 1757 υἱούς.
473 1694 613 1760 Καὶ,
647 1696 872 1764 Ἀρχων
892 1712 985 1762 τις
1030 1696 1393 1764 προσεκύνει
1430 1691 1616 1759 αὐτῷ.

1723 694 1793 746 cit
1827 696 2221 765 primogenitum
2252 699 2309 752 in
2337 700 2509 753 orbem
2545 712 2718 766 terraz,
2750 703 2876 757 dicit
2909 719 2930 759 :
2966 703 3033 758 Et
3077 705 3296 761 adorent

1722 785 1835 856 (97)
1868 803 1981 839 eum
2038 804 2211 842 omnes
2239 791 2409 860 angeli
2458 792 2599 857 Dei;
2638 803 2694 849 et
2739 795 3089 864 evangelista,
3125 796 3289 851 Dixe-

1722 893 1843 931 runt
1870 878 2001 950 (98).
2060 881 2253 951 inquit,
2298 886 2485 955 magi:
2535 885 2776 942 Vidimus
2825 889 3028 943 stellam
3082 890 3193 958 ejus
3243 892 3296 944 in

1725 968 1958 1034 Oriente,
1989 982 2037 1025 et
2066 974 2301 1029 venimus
2329 977 2554 1031 adorare
2577 978 2768 1043 ipsum.
2808 978 2873 1032 Et
2898 994 3106 1044 rursus,
3163 978 3296 1033 Ecce

1724 1062 1858 1135 (99),
1888 1064 2080 1133 inquit,
2106 1066 2338 1135 leprosus
2361 1068 2514 1133 venit,
2556 1080 2604 1123 et
2628 1069 2883 1125 adorabat
2939 1089 3076 1125 eum.
3132 1072 3294 1126 Item-

1722 1166 1827 1221 que
1855 1155 1993 1222 apud
2024 1153 2332 1210 Matthaaum
2393 1157 2626 1227 legitur:
2664 1157 2896 1214 Cessavit
2943 1158 3019 1229 (l)
3077 1170 3295 1225 ventus;

1722 1243 1812 1313 qui
1844 1256 2015 1299 autem
2041 1247 2095 1299 in
2127 1248 2369 1301 navicula
2402 1258 2574 1311 erant.
2630 1251 2978 1305 adoraverunt
3024 1268 3166 1317 eum,
3213 1252 3296 1305 di-

1720 1344 1886 1388 centes
1908 1350 1927 1389 :
1966 1333 2090 1391 Vere
2114 1336 2287 1391 Filius
2320 1338 2412 1393 Dei
2433 1356 2505 1392 es.
2533 1338 2693 1406 Quasi
2723 1341 2957 1396 dicerent
3006 1357 3020 1393 :
3058 1340 3125 1395 Et
3186 1357 3293 1395 non

1719 1424 1859 1478 sicut
1891 1440 2010 1490 nos,
2047 1429 2136 1496 qui
2162 1424 2227 1482 ex
2250 1430 2504 1485 muniﬁco
2528 1432 2672 1486 dono
2702 1431 3147 1502 cognominamur
3177 1431 3289 1485 ﬁlii.

1723 1513 1789 1568 Et
1807 1514 1932 1570 alibi
1963 1531 1977 1567 :
2007 1516 2234 1582 Quidam
2262 1516 2339 1588 (2)
2367 1520 2607 1588 princeps
2630 1520 2887 1573 adorabat
2919 1534 3056 1573 eam.
3084 1518 3150 1571 Et
3175 1526 3296 1588 post

1726 1604 1873 1660 illius
1896 1607 2341 1663 resurrectionem
2375 1610 2601 1678 apostoli
2628 1609 2681 1664 in
2707 1619 2910 1673 monte,
2936 1616 2995 1661 ut
3021 1609 3094 1662 ait
3125 1623 3291 1663 evan-

1726 1695 1917 1762 gelista
1945 1697 2045 1767 (5),
2097 1695 2336 1752 Videntes
2359 1714 2499 1762 eum,
2522 1700 2869 1753 adoraverunt
2899 1699 3090 1767 ipsum.

126 1789 205 1839 Καὶ
241 1789 357 1858 μετὰ
406 1786 500 1861 τὴν
546 1790 845 1845 ἀνάστασιν
876 1789 1047 1844 αὐτοῦ
1094 1792 1153 1844 ὲν
1206 1790 1286 1861 τῷ
1341 1788 1491 1860 ὄρει,
1558 1786 1724 1859 φησὶν
1747 1827 1763 1855 ,
1796 1793 1861 1845 Οἱ
1909 1792 2240 1848 ἀπόστολοι
2279 1793 2509 1859 ἰδόντες
2544 1793 2761 1859 αὐτὸν,
2826 1790 3296 1861 προσεκύνησαν

124 1899 254 1948 avra).

662 1975 819 2030 ΚΕΦ.
881 1977 1001 2031 ΛΔ⁹.

199 2114 306 2182 Περὶ
329 2113 428 2184 τῆς
453 2116 602 2184 πρὸς
640 2117 752 2172 τὸν
788 2117 937 2172 Θεὸν
962 2117 1195 2187 Πατέρα
1229 2119 1509 2186 πίστεως.

171 2204 294 2258 Καθὰ
313 2206 474 2262 τοίνυν
493 2209 593 2280 τῆς
626 2210 849 2281 Γραφῆς
889 2208 1129 2281 μείζονα,
1158 2210 1192 2281 ἢ
1230 2212 1359 2283 napi.
1385 2210 1478 2264 τοῦ
1509 2212 1622 2264 Πα-

125 2293 229 2361 τιὸς,
248 2297 364 2350 κατὰ
390 2299 449 2352 τὸ
484 2300 811 2371 φαινόμενον
846 2301 1112 2373 λεγούσης
1150 2303 1321 2358 πολλὰ
1356 2304 1485 2375 περὶ
1525 2304 1618 2359 τοῦ

125 2382 234 2449 Tir},
254 2388 331 2441 καὶ
354 2388 610 2462 δηλούαης
634 2391 798 2445 αὐτὸν
831 2393 1247 2464 παντοκράτορα
1275 2393 1367 2446 καὶ
1389 2394 1621 2466 ποιητὴν

123 2476 201 2525 τῶν
220 2477 428 2544 αἰώνων,
468 2482 559 2535 καὶ
600 2483 821 2536 πάντων
854 2484 1215 2555 δημιουργόνο
1245 2486 1339 2538 καὶ
1368 2485 1619 2555 ἀληθινὸν

123 2561 232 2624 Θεὸν,
265 2566 346 2619 καὶ
379 2567 472 2621 οὐκ
500 2568 697 2640 ἔχοντα
735 2570 841 2642 πρὸ
882 2571 1049 2624 αὐτοῦ
1088 2572 1222 2626 Θεόν
1247 2590 1261 2603 ο
1302 2574 1396 2627 καὶ
1434 2574 1619 2628 ἐπάνω

123 2650 300 2718 πάντων,
324 2657 408 2709 καὶ
431 2658 601 2729 μέγαν
632 2660 729 2714 καὶ
760 2661 851 2713 ἐπὶ
882 2661 1100 2714 πάντων
1125 2663 1278 2726 Θεὸν,
1311 2664 1449 2735 πρὸς
1468 2665 1528 2718 ὃν
1554 2666 1617 2719 οὐ

124 2742 420 2815 λογισθήσεται
452 2748 670 2820 ἕτερος·
697 2751 791 2803 καὶ
828 2752 893 2803 ὲκ
934 2748 1120 2815 δεξιῶν
1149 2754 1619 2825 συγκαθεζόμενον

124 2830 177 2898 τῷ
195 2832 349 2906 Πατρὶ,
377 2838 464 2891 καὶ
495 2841 575 2902 εἰς
598 2839 696 2893 τὸν
720 2840 919 2894 κόλπον
951 2842 1115 2895 αὐτοῦ
1144 2843 1273 2898 ὄντα
1291 2862 1304 2875 υ
1331 2846 1425 2898 καὶ
1454 2845 1618 2899 αὑτὸν

125 2916 324 2996 εἶναιτὴν
356 2925 562 2983 αἰώνιον
591 2929 764 3001 ζωὴν,
806 2932 899 2985 καὶ
935 2931 1049 3001 φῶς
1085 2933 1147 2985 τὸ
1185 2932 1435 3003 ἀληθινὸν
1457 2973 1472 2997 ,
1525 2934 1618 2987 καὶ⁵

124 3012 284 3067 πὰντων
300 3017 503 3087 Κύριον,
530 3022 627 3074 καὶ
648 3022 810 3092 μόνον
831 3022 1107 3095 Δεσπότην
1126 3022 1221 3077 καὶ
1245 3024 1615 3097 ὲξουσιαστήνο

124 3096 274 3169 οὗτινος
297 3108 325 3177 ἡ
352 3110 442 3181 μὲν
467 3113 659 3184 εἰρήνη
694 3112 794 3166 οὐκ
817 3112 929 3184 ἔχει
952 3114 1119 3185 ὃριον,
1148 3115 1283 3170 ἀλλὰ
1321 3118 1414 3171 καὶ
1451 3096 1618 3188 ὑπερ.

124 3191 202 3261 ἔχει
230 3199 377 3253 πάντα
409 3202 557 3257 νοῦν·
604 3205 642 3275 ἡ
695 3203 752 3257 δὲ
792 3203 1038 3275 βασιλεία
1082 3206 1465 3280 ἀτελεύτητος·
1524 3208 1617 3263 καὶ

123 3284 163 3336 έν
184 3288 335 3358 μηδενὶ
362 3292 496 3364 ἄλλῳ
524 3291 669 3349 εἶναι
696 3296 795 3363 τὴν
826 3296 1099 3369 σωτηρίαν
1121 3313 1135 3327 ·
1164 3299 1368 3352 καὶτὸν
1399 3299 1616 3372 Πατέρα

1645 1980 1688 2035 Β
1776 1988 1785 1995 '

2284 1971 2435 2029 CAP.
2472 1970 2711 2027 XXXIV.

2137 2113 2211 2169 De
2235 2113 2339 2183 ﬁde
2373 2113 2429 2166 in
2451 2111 2613 2167 Deum
2646 2111 2885 2169 Patrem.

1796 2205 2266 2277 Quemadmodum
2301 2219 2463 2273 porro
2490 2205 2589 2259 etsi
2618 2204 2785 2258 multa
2817 2207 2884 2259 de
2918 2200 3057 2258 Filio
3090 2202 3293 2271 majora

1725 2305 1776 2358 in
1810 2301 2064 2371 speciem,
2089 2313 2247 2369 quam
2279 2299 2345 2352 de
2371 2296 2549 2361 Patre,
2585 2295 2863 2367 Scriptura
2894 2296 3061 2361 dicat,
3096 2305 3151 2350 ct
3200 2294 3294 2350 Fi-

1725 2394 1851 2447 lium
1885 2393 2060 2462 ipsum
2096 2388 2519 2456 omnipotentem
2549 2402 2671 2442 esse
2723 2387 2981 2451 declaret,
3023 2402 3087 2442 ac
3126 2386 3295 2441 iacto-
3364 2412 3365 2415 η

1725 2502 1837 2539 rem
1865 2481 2205 2547 szeculorum,
2233 2488 2287 2533 et
2310 2493 2486 2533 rerum
2541 2478 2779 2533 omnium
2827 2479 3180 2544 conditorem,
3239 2489 3295 2533 et

1722 2588 1909 2627 verum
1943 2567 2349 2637 Deum,quique
2389 2565 2555 2621 Deum
2589 2576 2714 2620 ante
2730 2580 2787 2619 se
2808 2581 2913 2620 non
2969 2565 3180 2629 habeat,
3238 2576 3294 2621 et

1722 2678 1885 2731 supra
1912 2660 2089 2715 omnia
2120 2658 2470 2712 exsistentem
2500 2655 2648 2710 illum
2681 2665 2861 2720 vocet.
2884 2671 2947 2711 ac
3013 2672 3290 2725 magnum,

1722 2765 1776 2808 et
1805 2767 1964 2821 super
1999 2748 2181 2805 omnia
2222 2747 2413 2815 Deum,
2456 2756 2511 2803 et
2536 2762 2645 2817 pra:
2680 2763 2785 2815 quo
2813 2763 2915 2800 non
2958 2748 3293 2817 reputabitur

1722 2845 1877 2910 alter,
1903 2852 1957 2897 et
1989 2856 2016 2896 a
2051 2841 2260 2895 dextris
2296 2838 2573 2893 sedentem
2601 2854 2704 2891 una
2734 2854 2855 2892 cum
2883 2837 3063 2905 Patre,
3092 2846 3147 2892 et
3193 2852 3292 2891 ex—

1723 2939 1999 2990 sistentem
2024 2932 2080 2987 in
2107 2932 2229 2987 sinu
2259 2929 2396 2999 ejus,
2441 2939 2495 2984 et
2546 2930 2721 3000 ipsum
2761 2944 2878 2985 esse
2931 2929 3075 2984 dicat
3127 2930 3291 2984 vitam

1721 3040 1999 3091 :eternam,
2027 3034 2081 3081 et
2106 3024 2283 3080 lucem
2304 3038 2511 3087 veram,
2538 3031 2592 3077 et
2619 3023 2858 3077 omnium
2900 3022 3205 3088 Dominum,
3235 3034 3293 3077 et

1722 3118 1891 3173 solum
1918 3115 2199 3170 Dominum
2243 3123 2296 3168 et
2312 3112 2704 3167 dominatorem
2726 3124 2743 3164 :
2768 3111 2920 3181 cujus
2943 3125 3045 3181 pax
3073 3112 3288 3180 quidem

1724 3226 1822 3264 nec
1851 3207 2013 3262 habet
2042 3206 2199 3275 102
2223 3206 2536 3271 terminum,
2567 3212 2622 3257 et
2650 3214 2868 3272 superat
2893 3218 3106 3259 omnem
3132 3219 3289 3258 men-

1725 3311 1853 3363 tem,
1882 3314 2104 3367 regnum
2154 3305 2334 3350 autem
2369 3295 2475 3349 line
2519 3302 2689 3361 caret,
2725 3305 2888 3364 atque
2926 3294 2979 3348 in
3013 3294 3159 3349 nullo
3187 3295 3294 3349 alio

122 3374 253 3431 ἕλκειν
290 3383 412 3456 πρὸς
444 3386 533 3441 τὸν
573 3388 707 3441 Υὶὸν
734 3389 858 3453 τοὺς
902 3386 1115 3453 ἀξίουςο
1149 3392 1269 3444 κατ’
1302 3391 1453 3446 οὐδὲν
1478 3392 1613 3445 ὑπο-

1778 3392 1939 3445 lutcm
1961 3403 2103 3449 esse.
2137 3397 2192 3442 et
2214 3387 2423 3441 Patrem
2452 3386 2516 3440 ad
2549 3385 2741 3441 Filium
2771 3387 2986 3441 trahere
3041 3400 3157 3453 eos,
3179 3386 3273 3455 qui

122 3467 335 3544 δεέπερος
369 3477 387 3547 (
408 3477 480 3549 μὴ
523 3479 813 3550 γένοιτοι)
852 3479 1133 3551 νομίζεται
1163 3483 1192 3535 ὁ
1240 3482 1450 3554 Πατὴρ,
1486 3483 1518 3554 ἢ
1558 3484 1619 3537 τὸ

123 3559 292 3631 Πνεῦμα
316 3567 499 3621 αὐτοῦ·
536 3570 631 3626 τὸν
682 3570 794 3625 ἶσον
835 3571 1057 3642 τρόπον,
1104 3572 1456 3645 Θεολογούσης
1493 3575 1621 3644 περὶ

123 3648 187 3735 τοῦ
216 3652 395 3727 Ila-cpe;
435 3658 636 3730 ὑψηλὰ,
683 3661 786 3714 οὐκ
826 3661 1030 3730 ὀφείλει
1071 3661 1148 3725 ὡς
1202 3662 1542 3735 μικρότερος,
1585 3663 1620 3734 ἢ

122 3733 311 3805 ἀνόμοιος
328 3742 623 3812 λογίζεσθαι
648 3748 678 3799 ὁ
705 3749 1035 3820 Μονογενὴς,
1062 3750 1096 3820 ἢ
1122 3750 1182 3802 τὸ
1203 3750 1354 3819 ἆγιον
1375 3733 1617 3823 Πνεῦμα,

124 3825 330 3901 Miami;
358 3835 459 3907 γὰρ
490 3839 718 3910 κτιστῆς
740 3839 1018 3910 δυνάμεώς
1051 3844 1218 3908 ἐστιν,
1249 3843 1416 3914 μόνης
1442 3843 1500 3897 δὲ
1523 3843 1622 3914 τῆς

124 3914 337 3988 άκτέστου,
364 3927 427 3980 τά
455 3945 515 3981 τε
554 3928 1024 3999 μνημονευθέντα,
1058 3930 1155 3983 καὶ
1188 3931 1249 3985 τὸ
1274 3932 1623 4003 δημιουργεῖν

124 4006 263 4061 οὐσίαν
293 4014 345 4078 ἐξ
382 4018 476 4071 οὐκ
522 4020 728 4085 ὄντων,
772 4021 867 4074 καὶ
910 4021 1163 4093 λογικήν·
1205 4022 1487 4086 ζωοποιεῖν
1526 4040 1619 4076 τεο

125 4095 336 4171 ineptia;
361 4124 417 4160 τε
465 4112 769 4182 συγχωρεῖν
793 4128 808 4142 ο
843 4113 938 4166 καὶ
988 4112 1087 4184 τὴν
1129 4113 1306 4167 κτίσιν
1359 4114 1493 4167 ἰδίαν
1538 4114 1624 4167 λέ-

124 4200 236 4251 γειν’
267 4196 344 4247 καὶ
375 4198 433 4251 ἐκ
473 4199 578 4253 τῶν
614 4201 748 4254 ῐσων
794 4201 1086 4271 γινώσκειν
1126 4202 1219 4256 τὸν
1264 4204 1504 4275 Πατέρα,
1548 4204 1623 4269 ὡς

124 4282 379 4348 γινώσκεται
403 4292 490 4345 ὑπ’
515 4293 684 4347 αὐτοῦ
704 4312 719 4325 ·
746 4295 841 4349 καὶ
874 4296 1144 4369 ἰσουργείν
1171 4295 1248 4367 τῷ
1276 4296 1394 4367 Θεῷ
1425 4298 1621 4369 Πατρίο

126 4376 195 4428 καὶ
218 4376 330 4435 εἶναι
356 4384 407 4437 ὲν
440 4384 514 4456 τῷ
557 4386 739 4457 Πατρὶ
757 4426 771 4450 ,
799 4388 895 4439 καὶ
924 4387 1016 4440 τὸν
1046 4388 1263 4460 Πατέρα
1307 4390 1365 4441 ὲν
1394 4389 1539 4460 αὐτῷ
1566 4388 1626 4455 ἐξ

128 4464 345 4526 iam-01:6
364 4475 601 4544 ἀγγέλων
638 4494 701 4530 τε
732 4476 1127 4550 ὑπηρετεῖσθαι
1147 4495 1160 4509 ·
1193 4482 1288 4533 καὶ
1316 4480 1376 4533 τὸ
1405 4478 1484 4533 ἔτι
1507 4480 1627 4534 τού-

126 4572 205 4610 των
238 4563 537 4638 ὑπερτεροῦν
581 4569 644 4621 τὸ
683 4570 947 4640 μονογενῆ
991 4569 1153 4635 Υἱὸν,
1188 4570 1283 4623 καὶ
1315 4571 1482 4636 Θεὸν,
1530 4572 1625 4626 καὶ

128 4646 211 4712 φῶς
229 4651 280 4705 ὲκ
302 4658 479 4723 φωτὸς,
510 4660 605 4713 καὶ
636 4658 783 4730 ζωὴν
816 4660 1054 4725 αἰώνιον,
1086 4662 1179 4715 καὶ
1210 4662 1491 4733 ἀλήθειαν,
1528 4665 1624 4719 καὶ

128 4736 301 4812 Σωτῆρα
332 4751 712 4821 μαρτυρεῖσθαι
734 4767 749 4779 ’
784 4754 879 4805 καὶ
926 4754 1201 4823 πανταχοῦ
1243 4753 1337 4826 [44
1373 4754 1426 4826 b]
1480 4772 1621 4827 παρ-
1652 4742 1696 4798 Ῐ)

128 4830 244 4896 εἶναι,
274 4838 351 4890 καὶ
376 4839 543 4894 πάντα
589 4844 647 4894 ὲν
678 4842 827 4913 αὐτῷ
852 4843 1169 4914 ὲστηρίχθαι
1191 4860 1204 4873 ⁸
1240 4844 1519 4914 βασιλείαν
1560 4863 1629 4898 τε

127 4921 331 4993 οὕρανιῖιν,
362 4934 449 4985 καὶ
480 4934 575 5000 τήν
604 4934 790 5004 θεῖκὴν
832 4937 1076 5007 εἰρήνην,
1112 4936 1188 4998 ὡς
1220 4934 1383 4989 αὑτοῦ
1416 4938 1619 5007 τυγχὰ-

128 5025 295 5082 “imit,
328 5020 639 5087 ἀὸασκάνως
678 5027 842 5077 πᾶσιν
881 5025 1205 5095 δωρεῖσθαιο
1255 5027 1350 5080 καὶ
1379 5030 1490 5091 τοῖς
1528 5046 1623 5081 πι-

131 5102 367 5174 στεύουσιν,
397 5115 837 5186 ἐπικαλουμένοις
864 5116 1048 5179 αὑτὸν,
1089 5116 1186 5186 τὴν
1218 5116 1313 5168 ἐπὶ
1342 5120 1409 5188 τῇ
1441 5117 1621 5188 διηνε-

132 5195 194 5243 κεῖ
222 5204 428 5275 σωτηρία
465 5208 723 5279 παρέχειν
761 5208 1082 5277 ἀσφάλειαν.
1130 5211 1193 5263 Ol.
1236 5209 1346 5282 γὰρ
1394 5212 1617 5281 κτίσμα,

131 5285 200 5337 καὶ
216 5291 297 5344 οὐκ
316 5295 552 5370 ἄναρχον,
584 5298 876 5363 καλοῦντες
902 5299 993 5353 τὸν
1023 5299 1277 5373 ἀληθινὸν
1306 5302 1434 5356 Υῐὸν
1464 5302 1619 5369 Θεὸν,

132 5442 271 5564 ἐξ)
304 5448 365 5505 Et
397 5471 529 5510 cum.
575 5454 734 5511 Hebr.
770 5472 808 5523 ι,
846 5454 900 5520 6,
961 5454 1049 5510 ubi
1082 5464 1202 5526 post
1256 5454 1333 5522 δέ,
1379 5457 1619 5525 additur,

138 5534 269 5569 mw.

186 5585 275 5668 (5)7)
308 5587 366 5642 Et
390 5594 615 5668 adorent.
655 5595 707 5649 ln
738 5594 1263 5668 Vulgatzeeditjonis
1287 5596 1529 5668 margine
1556 5597 1621 5650 ad

131 5653 345 5734 Palmam
376 5679 485 5717 xor:
522 5667 826 5721 referuntur
845 5653 965 5734 qua;
990 5666 1077 5719 hic
1107 5665 1304 5719 Paulus
1332 5653 1497 5731 citat;
1529 5667 1621 5720 sed

132 5730 319 5806 exstant,
352 5743 401 5784 ut
421 5736 612 5802 optime
648 5738 725 5790 ait
758 5730 1037 5806 Didymus,
1086 5736 1139 5789 i'u
1175 5736 1388 5790 cantico
1427 5730 1622 5791 Dente-

136 5796 334 5870 Mﬂ’ﬁlii,
361 5796 469 5870 cap:
495 5819 659 5868 xxxu,
692 5819 833 5859 vers.
860 5796 953 5859 '45.

163 5860 277 5947 ε,(ἓδ)
311 5860 559 5947 Dixerunt.
591 5860 774 5947 nauli.
820 5889 887 5947 ιι,
925 5876 945 5928 t
990 5882 1045 5927 et
1071 5872 1397 5947 2.“Sensum
1446 5875 1631 5947 potius

136 5938 255 5994 ειιθι.
272 5949 411 5996 quam
432 5943 607 5999 verba.
645 5946 824 6001 Editio
848 5943 1033 6001 Graeca
1061 5961 1074 5998 :
1102 5942 1338 6007 εἴδομενο

1722 3479 1867 3549 digni
1898 3487 2022 3532 sunt
2054 3492 2066 3525 :
2101 3486 2277 3530 tamen
2310 3474 2454 3529 nullo
2474 3473 2630 3543 plane
2659 3474 2817 3529 modo
2858 3474 3033 3527 minor
3077 3472 3288 3544 (apage

1722 3566 2074 3640 impietatem)
2108 3574 2328 3637 putatur
2366 3565 2546 3632 Pater,
2597 3573 2694 3620 aut
2733 3564 2967 3635 Spiritus
3001 3564 3118 3634 ejus
3148 3581 3165 3617 :
3200 3581 3292 3621 ea-

1728 3662 1849 3717 dem
1881 3661 2091 3716 ratione
2117 3675 2239 3714 cum
2266 3658 2516 3715 sublimia
2549 3660 2615 3713 de
2637 3657 2798 3713 Patre
2833 3657 3109 3728 Scriptura
3138 3658 3290 3725 dicit,

1722 3767 1827 3807 non
1854 3752 2012 3806 debet
2046 3751 2242 3815 minor,
2276 3758 2369 3805 aut
2398 3749 2676 3804 dissimilis
2706 3748 3040 3819 Unigenitus,
3069 3752 3148 3803 vel
3177 3749 3293 3817 Spi-

1723 3846 1859 3898 ritus
1883 3852 2106 3899 sanctus
2137 3843 2394 3911 reputari.
2425 3840 2633 3896 Nullius
2653 3840 2795 3895 enim
2850 3848 3047 3895 creatae
3103 3849 3293 3910 poten-

1722 3937 1833 3999 tiaa,
1861 3936 1955 3991 sed
1987 3935 2243 3989 increataa
2268 3932 2531 3987 duntaxat
2558 3931 2768 4003 propria
2808 3939 3010 3986 suntet
3060 3944 3123 3986 ea
3172 3944 3293 3999 quae

1722 4033 2142 4082 commemorata
2196 4024 2432 4087 fuerunt,
2493 4031 2548 4077 et
2599 4022 2961 4078 substantiam
3010 4035 3077 4076 ex
3125 4020 3293 4075 nihilo

1725 4132 1948 4184 creare;
1982 4127 2038 4172 et
2070 4114 2384 4170 rationalem
2422 4128 2539 4168 cam
2570 4112 2780 4180 facere;
2803 4124 2858 4168 et
2881 4113 3023 4167 illam
3058 4114 3293 4168 vivitlca-

1729 4221 1896 4275 re;et
1919 4218 2138 4280 peccata
2166 4209 2488 4276 condonare,
2546 4213 2603 4261 et
2653 4217 2955 4261 creaturam
2980 4207 3063 4261 sui
3128 4206 3294 4275 ipsius

1724 4299 1995 4370 propriam
2024 4298 2204 4353 dicere
2234 4313 2248 4363 ;
2280 4305 2334 4353 et
2369 4297 2581 4351 Patrem
2634 4309 2701 4350 ex
2735 4310 2887 4366 aequo
2946 4310 3294 4365 cognoscere,

1729 4391 1868 4443 sicut
1899 4388 2248 4456 semetipsum
2280 4388 2393 4456 ipse
2425 4386 2722 4455 cognoscit,
2771 4396 2825 4441 et
2871 4387 3128 4456 aqualem
3187 4402 3293 4442 una

1724 4498 1844 4537 cum
1874 4481 1981 4536 Deo
2000 4479 2161 4534 Patre
2188 4479 2556 4549 operationem
2587 4479 2823 4545 habere;
2866 4487 2920 4533 et
2947 4492 3068 4533 esse
3103 4478 3155 4532 in
3190 4477 3294 4532 Pa-

1724 4580 1825 4635 tre,
1861 4580 1917 4626 et
1952 4569 2236 4624 Patremiu
2264 4561 2396 4639 ipso.
2433 4569 2746 4639 aequaliter;
2808 4578 2864 4623 et
2915 4567 3135 4637 angelos
3188 4568 3293 4623 sibi

1727 4661 2048 4716 famulantes
2079 4661 2312 4727 habere;
2338 4671 2411 4727 et,
2436 4661 2581 4731 quod
2604 4660 2688 4714 his
2717 4660 2893 4714 adhuc
2946 4660 3295 4730 praestantius

1725 4764 1829 4818 est,
1872 4754 2198 4823 unigenitum
2224 4751 2419 4808 Filium
2442 4768 2470 4807 a
2495 4752 2771 4823 Scriptura
2792 4754 2995 4818 vocari,
3020 4768 3083 4807 ac
3104 4753 3293 4818 Deum,

1724 4852 1779 4898 et
1810 4844 1981 4897 lucem
2018 4857 2085 4897 ex
2126 4842 2265 4908 luce,
2300 4852 2356 4899 et
2393 4843 2856 4907 vitam'aeternam,
2883 4850 2937 4897 et
2984 4842 3293 4905 veritatem,

1722 4943 1775 4988 ct
1810 4934 2140 4988 Salvatnrem
2173 4934 2311 5002 dici;
2342 4944 2395 4990 et
2417 4934 2616 5004 ubique
2641 4935 2866 4995 adesse;
2908 4943 2962 4988 et
3005 4934 3186 4988 omnia
3234 4933 3289 4986 in

1724 5028 1841 5097 ipso
1877 5027 2086 5081 ﬁrmata
2112 5025 2395 5094 iuisse;et
2424 5043 2647 5099 regnum
2714 5028 2972 5083 caelorum
3025 5026 3295 5081 divinam-

1724 5136 1828 5190 que
1870 5134 2078 5189 pacem,
2102 5130 2286 5191 utpote
2307 5137 2425 5191 qua:
2462 5123 2629 5192 ipsius
2644 5121 2736 5186 sit,
2765 5122 2880 5175 sine
2916 5120 3112 5175 invidia
3171 5135 3292 5175 om-

1731 5214 1887 5267 nibus
1919 5213 2128 5282 largiri;
2166 5221 2217 5267 et
2246 5214 2613 5279 credentibus,
2644 5213 2733 5281 qui
2753 5227 2874 5267 eum
2907 5213 3176 5278 invocant,
3203 5225 3293 5266 se-

1728 5306 2014 5359 curitatem
2048 5305 2101 5359 in
2141 5313 2399 5375 perpetua
2420 5304 2593 5361 salute
2644 5306 2803 5360 sitam
2864 5306 3126 5374 praebere.
3190 5304 3293 5370 Qui

1801 5458 1913 5530 (99)
1949 5457 2327 5545 ‘Ecce..t\iatth.
2358 5476 2472 5529 vui,
2518 5462 2573 5516 2.
2616 5462 2802 5517 Grazca
2837 5462 3046 5517 editio:
3090 5461 3293 5515 Ἐλθὼν

1728 5529 2047 5601 προσεκύνει
2074 5529 2240 5600 αὐτῷ.

1797 5600 1872 5669 (1)
1914 5600 2168 5654 Cessavit.
2195 5600 2382 5653 Matth.
2415 5616 2526 5663 xw,
2575 5602 2644 5654 52
2674 5610 2727 5655 et
2756 5601 2845 5657 55.
2886 5600 3075 5657 Graeca
3123 5600 3290 5655 editio

1726 5672 1891 5741 addit,
1920 5669 2186 5741 ἐλθόντες,
2218 5670 2561 5741 ρρειλπλοίῳ.

1796 5740 1872 5809 (2)
1916 5740 2163 5803 Quidam.
2214 5739 2400 5793 Matth.
2436 5739 2523 5807 Ix,
2558 5739 2641 5794 i8.
2664 5741 2886 5808 Vocula,
2916 5759 3018 5805 τις,
3050 5739 3200 5793 deest
3234 5750 3292 5794 tn

1726 5809 1915 5865 Grazca
1943 5812 2195 5863 editione.

1797 5879 1875 5950 (5)
1923 5878 2186 5933 Videntes.
2226 5878 2415 5935 Matth.
2448 5896 2643 5944 xxvm,
2685 5879 2769 5932 Π.
