3766 6310
299 2905 305 2911 ο
388 2884 528 2952 quod
590 2883 715 2948 Dei,
785 2884 938 2953 cujus
988 2884 1100 2951 ipse
1152 2883 1385 2953 Spiritus

414 409 523 465 ιδο

1670 399 1909 456 DIDYMI
1946 399 2414 456 ALEXANDRINI

3540 397 3655 457 HO

415 528 517 580 bus
561 521 696 593 (21),
737 530 863 574 ante
885 532 1049 590 opera
1086 532 1237 581 vero.
1268 526 1429 585 atque
1455 516 1812 573 eruditionem
1846 518 1947 571 [lue

2080 518 2276 588 ἀμφοῖν
2304 516 2526 581 τούτων,
2557 515 2649 569 καὶ
2678 513 2880 585 πολλῆς
2914 513 3219 581 εὐλαϐείας,
3249 514 3344 567 καὶ
3376 515 3657 587 κατανοή-

419 626 728 682 magnaqne
774 610 991 678 pietate,
1035 618 1090 663 et
1131 607 1551 679 exquisitissima
1600 608 1967 672 meditatione,

413 711 470 757 ut
516 700 618 755 hac
658 699 864 754 ratione
913 697 1211 765 intelligere
1254 697 1399 764 digni
1443 694 1576 749 ﬁant
1610 695 1823 750 neillud
1854 697 1973 765 qui-

414 792 557 856 dem,
596 790 737 860 quod
773 802 995 858 parvum
1025 788 1113 851 sit,
1151 787 1480 856 cogitatione
1505 787 1621 856 capi
1650 799 1833 854 posse,
1871 786 1965 841 sed

412 890 467 937 et
496 882 884 935 lioclwmanos
923 879 976 932 in
1015 878 1282 933 inﬁnitum
1333 885 1559 932 conatus
1607 876 1864 932 excedere
1902 876 1970 947 {si

412 972 553 1029 enim
585 949 675 1026 Dei
705 987 837 1042 opus
866 981 971 1035 est,
1007 969 1113 1025 etsi
1143 985 1366 1040 parvum
1404 970 1679 1033 videatur,
1715 985 1966 1040 magnum

411 1064 813 1132 est,:quatenus
860 1072 943 1116 est
1004 1060 1140 1114 Dei:
1176 1059 1361 1114 Parvis
1406 1071 1581 1115 autem
1625 1059 1740 1131 (22)
1776 1078 1968 1132 magna

409 1152 669 1206 laboribus
698 1152 951 1221 quomodo
997 1150 1111 1220 quis
1143 1152 1494 1221 assequatur?
1536 1149 1754 1204 stultum
1778 1161 1876 1216 est,
1909 1160 1969 1206 ut

407 1243 499 1297 ille
539 1243 635 1309 ait,
680 1244 790 1295 Itwc
833 1229 911 1296 ire!
953 1241 1150 1312 optare)
1195 1259 1209 1295 :
1252 1240 1418 1298 multo
1466 1253 1642 1297 autem
1689 1242 1856 1312 magis
1911 1254 1968 1298 ut

406 1350 567 1405 supra
591 1337 854 1391 humanas
879 1335 1021 1389 vires
1043 1350 1166 1390 esse
1190 1343 1544 1402 cognoscant,
1575 1334 1746 1404 ipsius
1779 1332 1969 1389 ineffa-

404 1425 527 1479 bilis
574 1425 664 1479 Dei
711 1425 856 1481 illam
906 1426 1177 1481 notionem
1221 1426 1441 1494 habere,
1472 1442 1590 1496 qua:
1615 1427 1968 1497 archangelo-

405 1531 520 1568 rum
557 1516 719 1570 etiam
746 1531 962 1571 sensum
992 1532 1056 1571 ac
1089 1526 1322 1572 mentem
1355 1527 1575 1587 superat
1598 1532 1613 1571 :
1639 1518 1753 1572 haec
1786 1527 1963 1571 autem

401 1617 791 1678 cognoscentes
835 1618 889 1664 et
917 1624 946 1664 a
977 1609 1295 1681 periculosis
1334 1610 1769 1680 inquisitionibus
1797 1610 1965 1664 absti-

404 1708 593 1767 aeant,
643 1700 770 1755 talia
799 1698 930 1769 Deo,
976 1702 1068 1773 qui
1104 1702 1249 1759 solus
1278 1717 1340 1758 ea
1372 1706 1540 1769 novit,
1572 1702 1962 1771 relinquentes,

402 1799 454 1844 et
481 1804 602 1844 cum
626 1790 881 1861 Apostolo
924 1792 1105 1848 dicant
1130 1812 1145 1849 :
1177 1792 1394 1848 Credidi
1424 1792 1567 1865 (25),
1597 1802 1801 1862 propter
1824 1791 1965 1863 quod

2074 622 2211 668 σεως
2233 606 2563 676 ἀκροτάτης’
2588 604 2673 657 ἵνα
2724 604 2809 657 διὰ
2840 604 3010 657 ταῦτα
3052 605 3251 673 γνῶναι
3298 604 3655 671 ἀξιωθέντες,

2071 698 2147 761 ὡς
2179 698 2272 750 καὶ
2292 696 2351 749 τὸ
2374 696 2566 768 μικρὸν
2595 695 2691 766 οὑχ
2717 694 2989 766 ἁλώσιμον
3011 698 3077 767 τῇ
3107 694 3335 765 διανοίᾳ,
3361 694 3654 747 ἀλλ’ἀπεί-

2072 806 2181 862 ρως
2209 788 2302 842 καὶ
2329 787 2459 841 αὑτὸ
2497 786 2607 839 τῶν
2636 785 2989 857 ἀνθρωπίνων
3042 786 3343 857 ὑπερφέρει
3381 785 3651 837 ἐπιϐολῶν

2070 881 2154 953 (εἰ
2177 879 2283 950 γὰρ
2321 878 2414 931 τοῦ
2444 877 2579 931 Θεοῦ
2607 876 2789 949 ἔργον,
2821 876 2922 930 κᾶν
2954 875 3145 947 μικρὸν
3182 876 3312 946 δοκῇ
3341 915 3355 937 ,
3396 875 3543 944 μέγα
3572 874 3650 937 ὡς

2068 971 2203 1025 Θεοῦ
2225 987 2239 1001 ο
2276 968 2521 1037 Μικροῖς
2548 966 2616 1020 δὲ
2641 968 2710 1022 τὰ
2728 966 2960 1037 μεγάλα
2991 964 3115 1031 πῶς
3138 965 3265 1019 ἕλοι
3295 983 3385 1031 τις
3429 964 3510 1017 ἂν
3538 966 3648 1017 πός

2066 1079 2303 1126 rowtr;
2345 1062 2600 1132 Ἄμαθὲς,
2631 1061 2814 1131 φασὶν,
2851 1060 2950 1113 καὶ
2982 1060 3049 1113 τὸ
3077 1058 3407 1125 βούλεσθαι
3458 1057 3643 1124 τάδε),

2068 1155 2247 1225 πολλῷ
2276 1154 2331 1208 δὲ
2360 1154 2558 1225 μᾶλλον
2591 1155 2626 1225 ἡ
2655 1154 2782 1224 περ)⁸
2810 1152 2974 1205 αὑτοῦ
3028 1150 3123 1204 τοῦ
3176 1150 3457 1221 ἀερράστου
3508 1150 3644 1203 Θεοῦ

2065 1245 2313 1317 διάληψις
2361 1244 2760 1316 ὑπερϐαίνουσα
2810 1244 2903 1296 καὶ
2947 1243 3300 1314 ἀρχαγγέλων
3354 1242 3641 1313 αἴσθησιν*

2065 1337 2172 1391 τῶν
2207 1335 2304 1408 μὲν
2337 1335 2619 1407 σφαλερῶν
2652 1334 2933 1406 ζητήσεων
2977 1333 3423 1404 ἀναχωρήσωσιν,
3482 1330 3646 1400 γινώ-

2068 1446 2217 1484 σκειν
2271 1426 2364 1499 [46
2395 1426 2453 1500 a]
2488 1425 2629 1480 αὑτά
2683 1427 2828 1498 μόνῳ
2863 1424 2941 1496 τῷ
2968 1424 3085 1495 Θεῷ
3129 1424 3401 1491 ἀφιέντες,
3435 1425 3533 1476 σὺν
3564 1423 3642 1493 τῷ

2078 1520 2381 1590 ’Λποστόλῳ
2428 1519 2486 1572 δὲ
2533 1518 2787 1571 εἴπωσιν’
2838 1517 3215 1579 Ἐπίστευσα,
3241 1515 3332 1568 διὸ
3366 1515 3465 1567 καὶ
3500 1514 3637 1567 ἐλά-

2063 1615 2228 1679 λησα
2246 1627 2259 1639 ·
2289 1608 2387 1673 τὰς
2411 1608 2468 1661 δὲ
2502 1607 2779 1677 θεολογίας
2808 1605 2916 1659 τῶν
2945 1605 3176 1677 Γραφῶν
3223 1607 3363 1657 νοεῖν
3407 1606 3635 1657 obtusi“

2066 1699 2317 1770 Ὅτιπερ,
2345 1698 2470 1751 ὃταν
2507 1696 2615 1750 ἀπὸ
2642 1696 2759 1759 ἐνὸς
2788 1693 3076 1767 προσώπου
3131 1693 3399 1761 λέγουσιν,
3429 1692 3520 1745 διὰ
3541 1692 3637 1762 τὴν

2069 1789 2196 1861 μίαν
2226 1789 2384 1860 φύσιν
2416 1790 2509 1841 καὶ
2538 1788 2785 1860 Θέλησιν·
2839 1788 2967 1842 ὅταν
2999 1786 3106 1840 ἀπὸ
3160 1787 3385 1856 ἀμφοῖν,
3437 1784 3528 1837 διὰ
3577 1784 3637 1837 τὸ

398 1891 452 1938 et
498 1882 702 1938 locutus
749 1901 889 1939 sum.
941 1883 1341 1953 Scripturarnm
1368 1894 1543 1939 autem
1569 1886 1635 1940 de
1667 1884 1776 1939 Deo
1813 1884 1947 1938 testi-

2080 1880 2367 1936 Ξείκνυσθαι
2396 1881 2457 1935 τὸ
2492 1880 2854 1935 ίδιοσὺστατον
2883 1881 2981 1950 τῆς
3027 1878 3188 1946 ἁγίας
3217 1878 3309 1931 καὶ
3358 1878 3634 1949 ἀκηράτου

402 1972 579 2026 monia
613 1973 692 2028 sic
726 1975 794 2027 ab
829 1975 898 2031 iis
925 1975 1149 2045 intelligi
1176 1983 1405 2045 Oportet,
1441 1984 1497 2029 ut
1533 1975 1729 2037 norint,
1777 1987 1962 2029 sacros

398 2062 690 2131 scriptores
732 2066 890 2119 modo
922 2078 987 2119 ex
1032 2065 1190 2118 unius
1236 2078 1469 2135 persona
1520 2064 1701 2135 loqui,
1752 2066 1821 2119 ob
1861 2079 1962 2119 na-

402 2166 535 2210 tura:
563 2166 617 2212 et
641 2156 941 2211 voluntatis
970 2157 1231 2213 unitatem
1255 2173 1269 2223 ;
1306 2156 1465 2212 modo
1486 2172 1551 2211 ex
1580 2170 1808 2225 persona
1842 2171 1959 2211 am-

395 2245 609 2312 barum,
642 2256 701 2301 ut
732 2248 784 2301 in
817 2256 1002 2302 sancta
1048 2256 1103 2303 et
1148 2246 1496 2302 immaculata
1533 2246 1798 2321 Trinitate
1831 2261 1959 2317 pro-

401 2339 569 2408 priam
629 2339 1035 2395 consistentiam
1085 2339 1390 2394 ostendant.
1454 2336 1759 2407 Aliquando
1814 2339 1957 2393 enim

392 2427 558 2484 Isaias
588 2429 663 2483 ait
694 2447 708 2484 :
739 2428 850 2499 Ego
878 2428 1130 2483 Dominus
1153 2428 1264 2500 (24)
1307 2428 1516 2482 extendi
1546 2427 1749 2490 caelum.
1782 2438 1828 2482 et
1862 2428 1959 2496 ﬁr-

391 2521 529 2574 mavi
548 2531 781 2586 terram;
797 2531 852 2575 et
875 2535 1082 2584 rursus,
1102 2518 1214 2590 Ego
1237 2535 1352 2574 sum
1367 2518 1505 2588 (25),
1525 2529 1574 2573 et
1594 2535 1697 2574 non
1722 2530 1797 2574 est
1819 2521 1957 2573 alius

390 2610 531 2666 Dens
556 2622 746 2681 praeter
776 2628 898 2677 me;
942 2613 1011 2667 ob
1039 2612 1253 2666 deitatis
1322 2612 1579 2666 unitatem
1635 2620 1957 2691 et.concor-

390 2702 533 2755 diam
583 2717 968 2772 personarum,
1004 2712 1060 2756 ut
1094 2710 1252 2757 antea
1285 2703 1483 2756 dictum
1507 2712 1629 2767 est;
1667 2702 1956 2771 aliquando

391 2794 806 2847 commemorari
864 2808 967 2848 non
1028 2793 1238 2848 videtur
1305 2793 1538 2861 Spiritus
1585 2806 1837 2857 sanctus,
1890 2807 1954 2847 eo

1464 2891 1577 2946 est,
1642 2898 1836 2938 nomen
1898 2895 1953 2938 θῑ

2059 1976 2306 2047 Τριάδος.
2345 1977 2511 2029 Ὅταν
2565 1973 2674 2046 γὰρ
2720 1975 2945 2038 Ἡσαΐας
2989 1972 3158 2046 λέγῃ·
3228 1972 3370 2041 Ἐγὼ
3420 1973 3635 2040 Κύριος

2058 2062 2321 2127 ἐξέτεινα
2349 2063 2456 2117 τὸν
2489 2064 2749 2130 οὐρανὸν
2769 2105 2783 2129 ,
2816 2063 2915 2116 καὶ
2960 2060 3294 2133 ἐστερέωσα
3337 2061 3458 2129 τὴν
3485 2060 3628 2131 τῆν’

2057 2154 2152 2208 καὶ
2178 2155 2337 2208 πάλιν
2358 2170 2372 2186 ⁸
2418 2155 2566 2226 Ἐγὼ
2598 2155 2734 2225 εἰμὶ,
2763 2154 2860 2211 καὶ
2895 2156 3004 2208 οὐκ
3030 2154 3202 2209 ἔστιν
3232 2154 3425 2219 ἄλλος
3474 2156 3631 2219 Θεὸς,

2056 2243 2224 2312 πλὴν
2252 2243 2397 2313 ἐμοῦ
2424 2263 2437 2275 ·
2468 2245 2554 2299 διὰ
2588 2244 2683 2313 τὴν
2718 2244 2845 2315 μίαν
2874 2243 3102 2314 θεότητα
3150 2240 3243 2295 καὶ
3291 2242 3630 2313 συμφωνίαν,

2054 2333 2126 2398 ὼς
2190 2335 2528 2407 προείρηται.
2567 2336 2734 2389 Ὅταν
2785 2334 2911 2407 δόξῃ
2961 2334 3034 2405 μὴ
3090 2333 3528 2404 μνημονεύεσθαι
3579 2332 3631 2385 τὸ

2056 2425 2208 2494 ἆγιον
2234 2428 2478 2499 Πνεῦμα,
2512 2427 2601 2480 διὰ
2628 2427 2688 2479 τὸ
2716 2424 3183 2496 συμπεριέχεσθαι.
3223 2424 3355 2477 αὑτὸ
3388 2424 3468 2494 τῷ
3496 2423 3629 2494 Θεῷ,

2054 2510 2114 2569 οὗ
2149 2515 2373 2586 Πνεῦμα
2401 2516 2658 2587 τυγχάνει
2687 2515 2745 2569 όν
2767 2533 2779 2546 ·
2805 2517 2933 2568 ὅταν
2962 2516 3059 2586 τὴν
3111 2515 3505 2585 μυσταγωγίαν
3531 2532 3629 2568 πα-

2057 2607 2247 2678 ραδοὺς
2273 2609 2301 2660 ὁ
2334 2608 2610 2678 Δεσπότης
2642 2608 2777 2678 λέγῃ
2801 2623 2813 2637 ·
2849 2606 3240 2672 Βαπτίζοντες
3290 2607 3519 2671 αὐτοὺς
3550 2610 3631 2675 εις

2052 2696 2119 2750 τὸ
2142 2696 2327 2765 ὄνομα
2344 2696 2451 2751 τοῦ
2479 2697 2728 2764 Πατρός,
2758 2696 2857 2749 καὶ
2883 2696 2989 2750 τοῦ
3021 2695 3177 2762 Υἱοῦ,
3204 2696 3300 2751 καὶ
3334 2697 3441 2751 τοῦ
3464 2698 3629 2767 ἁγίου

2052 2789 2428 2856 Πνεύματος·
2486 2787 2572 2841 διὰ
2631 2788 2693 2840 τὸ
2742 2788 3004 2857 ἰσότιμον,
3046 2787 3140 2840 καὶ
3194 2787 3487 2851 ἰσοσθενές,
3544 2788 3630 2840 καὶ

2050 2878 2351 2950 όμοοὺσιον,
2385 2880 2480 2932 καὶ
2506 2878 2606 2950 τὴν
2630 2879 2905 2956 εὐιιρινίαν
2925 2879 3033 2932 τῶν
3064 2878 3433 2932 ὑποηστάσεων.
3466 2881 3629 2935 "Om-1

389 2976 536 3027 illum
593 2973 1011 3043 complectatur;
1066 2972 1351 3042 aliquando
1403 2973 1721 3029 initiationis
1787 2973 1947 3027 ritum

2083 2970 2110 3023 ὸ
2143 2970 2236 3023 νῦν
2287 2969 2417 3041 περὶ
2466 2968 2560 3022 τοῦ
2616 2969 2750 3023 Θεοῦ
2800 2969 2891 3022 καὶ
2924 2969 3135 3040 Πατρὸς
3162 2970 3369 3040 λεχθὲν,
3407 2972 3627 3041 ἑτέρωθι

389 3060 999 3122 ιηιᾱθιιεςῦοιιιὶιιιιεοίι,
1026 3060 1363 3130 Baptizantes
1394 3060 1504 3133 (26)
1529 3078 1639 3125 eos,
1659 3062 1714 3115 in
1742 3063 1947 3117 nomine

2080 3063 2179 3135 ιερὶ
2212 3062 2306 3115 τοῦ
2333 3060 2690 3132 Μονογενοῦς,
2720 3061 2752 3133 ἢ
2777 3061 2868 3114 τοῦ
2902 3062 3055 3129 ἀγίου
3088 3062 3407 3132 Πνεὺματος
3428 3064 3627 3134 ἀπομέ-

385 3148 595 3215 Patris,
628 3160 677 3204 et
701 3148 851 3215 Filii,
892 3161 937 3205 et
969 3149 1195 3221 Spiritus
1222 3153 1424 3218 sancti;
1451 3166 1515 3205 eo
1539 3151 1679 3220 quod
1708 3166 1947 3219 persona:

2080 3172 2247 3224 ινηται
2268 3171 2282 3185 ο
2316 3152 2405 3207 διὰ
2431 3155 2528 3217 τὰς
2558 3154 2943 3225 προλεχθείσας
2975 3153 3170 3217 αἰτίας.
3205 3154 3375 3207 Ὅταν
3402 3156 3471 3207 τά
3494 3154 3627 3209 αὑτά

384 3242 577 3312 aequali
613 3243 815 3299 honore
857 3217 1029 3313 digna:
1070 3247 1197 3310 sint,
1227 3253 1281 3299 et
1305 3244 1495 3313 aequali
1526 3217 1761 3313 potentia
1804 3258 1945 3312 prae-

2086 3217 2208 3317 ρέα,
2240 3244 2336 3318 τὴν
2379 3245 2549 3316 αὐτὴν
2600 3217 2879 3316 ἐνέργειαν
2933 3246 3249 3317 ἀμφοτέρας
3303 3250 3482 3300 ποιεῖν
3533 3248 3625 3310 τάς

386 3336 535 3401 ditaz,
580 3344 636 3391 et
679 3334 1191 3400 consubstantiales,
1229 3345 1283 3390 et
1323 3336 1624 3401 distinctae;
1660 3333 1947 3406 aliquando

384 3428 525 3496 quod
548 3424 745 3483 alicubi
775 3428 842 3483 de
887 3428 995 3482 Deo
1034 3437 1089 3482 et
1132 3427 1289 3483 Patre
1331 3428 1533 3483 dictum
1570 3438 1672 3494 est,
1717 3429 1845 3484 alibi
1881 3430 1947 3485 dc

384 3517 698 3587 Uuigenito,
741 3527 834 3573 aut
865 3519 931 3574 de
983 3517 1189 3589 Spiritu
1224 3529 1416 3575 sancto
1456 3533 1943 3589 commemoratur,

386 3611 549 3683 106
582 3611 652 3666 ob
683 3611 966 3682 praedictas
997 3626 1223 3677 causas;
1259 3611 1543 3682 aliquando
1564 3615 1749 3667 eadem
1784 3628 1944 3683 opera

383 3704 570 3757 eadem
603 3703 917 3772 operatione
957 3704 1145 3757 ambas
1189 3717 1451 3773 personas
1488 3703 1688 3770 facere,
1718 3705 1946 3759 diversis

387 3793 561 3849 modis
604 3792 800 3849 docent
850 3792 999 3865 (27),
1046 3793 1115 3848 ob
1162 3795 1448 3863 rationem,
1498 3810 1616 3865 quae
1641 3795 1800 3850 allata
1829 3807 1943 3864 est;

379 3887 706 3958 aliquando,
745 3903 867 3948 cum
900 3889 1069 3958 possit
1100 3902 1437 3959 unaquaeque
1483 3903 1710 3958 persona
1759 3903 1946 3943 creare

380 3989 435 4033 et
475 3978 658 4032 omnia
702 3977 902 4042 facere,
951 3979 1151 4047 placuit
1191 3978 1299 4032 Deo
1326 3988 1382 4032 et
1415 3976 1560 4032 Patri
1610 3993 1704 4047 per
1750 3978 1944 4033 Filium

378 4066 593 4136 quidem
626 4080 688 4121 ac
722 4066 886 4121 Deum
911 4067 1091 4121 omnia
1121 4067 1397 4126 constitui.
1424 4082 1521 4135 per
1554 4066 1809 4135 Spiritum
1849 4082 1945 4121 au—

382 4167 488 4212 tem
514 4165 759 4212 sanctum
791 4157 1115 4211 sauctiiicari
1137 4198 1153 4224 ,
1186 4171 1249 4210 eo
1271 4157 1409 4228 quod
1433 4172 1536 4211 una
1564 4158 1637 4211 sit
1667 4156 1945 4212 Trinitatis

378 4249 667 4313 voluntas,
732 4255 899 4315 utque
951 4249 1292 4311 ostendatur,
1348 4248 1529 4300 omnia
1580 4248 1716 4301 bona
1766 4247 1835 4301 ab
1881 4263 1941 4303 ea

378 4337 801 4405 subministrari,
832 4346 885 4392 et
914 4347 973 4392 ut
1005 4353 1339 4393 communem
1374 4353 1472 4393 nos
1502 4339 1573 4403 ei,
1602 4348 1657 4394 et
1684 4340 1940 4409 aequalem

377 4431 679 4499 gratiarum
724 4431 992 4484 actionem
1033 4430 1347 4494 reddamus,
1387 4442 1439 4485 et
1461 4431 1939 4501 glorilicationetn;

2054 3336 2375 3400 ὑποστάσεις
2404 3336 2673 3407 διαφόρως
2711 3335 3063 3390 διδάσκωσιν·
3114 3335 3201 3389 διὰ
3242 3336 3303 3389 τὸ
3334 3337 3411 3399 ὼς
3444 3337 3624 3408 προεί-

2057 3444 2235 3501 ρηται.
2283 3428 2452 3481 Ὅταν
2499 3425 2735 3498 ἑκάστης
2785 3425 3133 3489 ὑποστάσεως
3186 3425 3493 3496 δυναμένης
3530 3427 3621 3497 δη-

2055 3519 2402 3590 μιουργῆσαι,
2436 3518 2529 3571 καὶ
2557 3518 2734 3571 πάντα
2784 3517 3048 3589 ποιῆσαι,
3088 3516 3376 3588 εὐδόκησεν
3419 3520 3447 3571 ό
3496 3518 3623 3581 Θεὸς

2052 3609 2145 3663 καὶ
2184 3609 2390 3680 Πατὴρ,
2434 3608 2523 3662 διὰ
2583 3608 2681 3679 μὲν
2709 3608 2803 3661 τοῦ
2855 3608 2985 3660 Υἱοῦ
3017 3609 3109 3660 καὶ
3140 3607 3273 3661 Θεοῦ
3327 3608 3621 3677 ὑποστῆναι

2053 3698 2247 3761 πάντα,
2280 3698 2365 3751 διὰ
2384 3698 2441 3751 δὲ
2476 3698 2567 3752 τοῦ
2598 3698 2751 3767 ἁγίου
2784 3698 3096 3770 Πνεύματος
3140 3698 3468 3769 ἀγιασθῆναι
3488 3717 3501 3732 ·
3539 3697 3621 3753 διὰ

2050 3791 2109 3843 τὸ
2136 3790 2190 3844 ἓν
2217 3789 2425 3861 θέλημα
2453 3791 2553 3861 τῆς
2573 3792 2818 3862 Τριάδος,
2844 3788 2938 3843 καὶ
2960 3789 3020 3841 τὸ
3048 3789 3351 3842 δείκνυσθαι
3379 3790 3438 3857 ἐξ
3459 3791 3620 3861 αὐτῆς

2050 3883 2402 3955 χορηγεῖσθαι
2432 3884 2607 3937 πάντα
2638 3882 2707 3935 τά
2739 3881 2899 3947 καλὰ,
2933 3881 3027 3935 καὶ
3059 3881 3147 3935 διὰ
3174 3881 3234 3934 τὸ
3266 3885 3296 3953 ἡ
3308 3884 3414 3951 μᾶς
3442 3884 3620 3954 κοινὴν

2050 3977 2188 4046 αὑτῇ
2223 3974 2315 4028 καὶ
2345 3975 2465 4044 ἴσην
2498 3973 2843 4043 ἀναπέμπειν
2876 3973 3220 4045 εὐχαριστίαν
3273 3976 3364 4027 καὶ
3414 3975 3619 4042 δοξολοι

2050 4068 2193 4136 γίαν.
2232 4067 2399 4118 Ὅταν
2427 4068 2537 4128 τοῖς
2567 4064 2749 4128 αὑτοῖς
2780 4066 3004 4136 ὀνόμασι
3050 4065 3342 4137 κέχρηνται
3398 4068 3493 4119 ἐπὶ
3525 4069 3618 4139 τῆς

2052 4159 2327 4229 μακαρίας
2351 4158 2575 4228 Τριάδος
2595 4174 2606 4185 ⁸
2631 4150 2739 4209 οἷον
2761 4156 2914 4220 Θεὸς,
2948 4156 3168 4226 Κύριος,
3204 4158 3374 4225 ἅγιος,
3392 4159 3614 4224 δίκαιος,

2048 4250 2269 4320 ἀγαθὸς,
2309 4250 2401 4303 καὶ
2427 4251 2525 4302 ὅσα
2562 4248 2817 4303 τοιαῦτα’
2854 4248 2991 4319 πλὴν
3031 4249 3109 4301 ὅτι
3137 4250 3166 4301 ό
3196 4249 3403 4321 Πατὴρ,
3460 4252 3615 4321 μόνος

2049 4342 2143 4394 καὶ
2164 4342 2249 4394 ἀεὶ
2282 4340 2473 4411 Πατήρ
2493 4357 2504 4369 ·
2530 4340 2623 4391 καὶ
2653 4341 2681 4392 ό
2708 4336 2955 4408 ἀληθινὸς
2984 4336 3111 4400 Υἱὸς
3141 4337 3233 4391 καὶ
3259 4338 3409 4402 Θεὸς,
3444 4341 3617 4394 καὶτὸ

2047 4432 2201 4501 ἆγιον
2220 4431 2460 4501 Πνεῦμα,
2483 4430 2731 4501 ἁνάρχως
2760 4430 2816 4483 ἓν
2835 4429 2923 4503 [46
2967 4429 3020 4503 b]
3052 4431 3145 4485 καὶ
3176 4430 3235 4483 τὸ
3251 4431 3379 4483 αὑτὸ
3396 4431 3611 4503 Πνεῦμα

376 4522 668 4592 aliquando
712 4521 1008 4592 Scriptum
1059 4522 1248 4578 iisdem
1290 4532 1514 4578 utuntur
1542 4525 1847 4580 nominibus
1874 4526 1940 4580 de

2082 4525 2143 4578 οῦ
2181 4523 2315 4577 Θεοῦ
2338 4539 2353 4556 ο
2379 4523 2466 4577 διὰ
2497 4523 2595 4595 τὴν
2621 4523 2721 4593 τῆς
2752 4524 2994 4593 φύσεως,
3024 4524 3119 4577 καὶ
3174 4523 3451 4593 βασιλείας
3473 4564 3487 4587 ,
3524 4524 3611 4577 καὶ

373 4612 531 4667 beata
579 4611 845 4669 Trinitate
892 4614 1194 4684 loquentes,
1234 4614 1529 4683 cuiusmodi
1581 4627 1726 4680 sunt,
1778 4617 1937 4681 Deus.

373 4702 657 4769 Dominus,
691 4716 933 4771 sanctus,
959 4704 1157 4776 justus,
1191 4707 1383 4772 bonus,
1405 4716 1459 4761 et
1488 4706 1608 4761 aliis
1639 4708 1939 4773 similibus;

373 4792 559 4865 idque,
595 4780 717 4850 cum
764 4795 831 4851 de
873 4796 987 4865 ipsa
1036 4794 1352 4865 loquuntur,
1388 4794 1650 4849 duntaxat
1683 4796 1891 4851 faciunt
1919 4837 1933 4862 ,

371 4898 437 4938 eo
461 4887 606 4956 quod
637 4888 942 4943 communis
989 4887 1063 4943 sit
1112 4888 1167 4943 in
1215 4887 1597 4959 bypostasibus
1635 4899 1851 4956 natura,
1883 4897 1938 4943 et

442 5062 555 5133 (21)
596 5063 1131 5139 OperibustSimilia
1184 5068 1415 5125 inculcat
1466 5069 1562 5125 lib.
1608 5068 1684 5123 De
1729 5067 1933 5139 Spiritu

370 5144 570 5196 sancto,
611 5151 665 5186 ιι.
705 5138 722 5189 Ι
770 5146 825 5190 et
849 5137 939 5191 65.

393 5272 404 5283 ⁸
444 5202 557 5272 (22)
596 5201 780 5259 Parvis
803 5216 997 5283 autem.
1029 5206 1310 5283 Librarius
1350 5208 1502 5278 quasi
1536 5224 1601 5264 ea
1639 5224 1743 5264 non
1774 5209 1932 5283 intel-

372 5271 582 5351 ligeret,
624 5288 750 5351 quae
803 5276 890 5330 hic
935 5279 1228 5351 scribebat,
1276 5271 1563 5351 acc-cutus,
1610 5280 1931 5351 etispiritus

372 5342 572 5418 omisit.
623 5342 965 5418 Suntauteln
989 5348 1093 5401 duo
1123 5349 1308 5415 iambi,
1358 5366 1492 5416 quos
1527 5342 1755 5418 Cyrillus
1794 5364 1929 5417 quo-

371 5428 497 5487 que
668 5428 721 5467 ιιι
763 5415 1131 5487 ἰιινΙιιΙὶιιηιιηι
1177 5420 1256 5473 sic
1296 5411 1451 5473 aﬂ‘erl
1483 5438 1495 5472 :
1531 5411 1736 5487 Optime
1767 5411 1938 5472 autem

370 5481 497 5536 mihi
524 5484 723 5555 dixisse
756 5485 969 5555 videtur
994 5488 1207 5553 quidam
1235 5506 1261 5542 e
1283 5491 1447 5555 poetis
1478 5481 1782 5543 Graecorum
1812 5504 1831 5543 .'

545 5553 803 5625 Σμικροῖς
832 5554 890 5607 δὲ
922 5554 989 5607 τὰ
1025 5558 1235 5625 μεγάλα
1260 5553 1374 5622 πῶς
1406 5559 1516 5611 ἕλοι
1549 5576 1633 5622 τις
1661 5557 1726 5611 ἂν

438 5689 494 5746 ω
523 5624 821 5746 ΘῙὲρνοισιη
862 5624 1216 5696 ’Ᾱμαοὲςκαὶ
1241 5628 1301 5681 τὸ
1326 5628 1611 5699 βούλεσθαι
1636 5628 1785 5685 τάδε.

523 5705 627 5759 est,

633 5763 737 5836 Qui
778 5781 968 5835 magna
1012 5768 1185 5836 parvis
1220 5785 1487 5835 compares
1524 5767 1833 5824 laboribus?

633 5833 881 5891 Stultum
898 5848 974 5891 est
1007 5833 1081 5892 uel
1122 5839 1223 5894 ista
1260 5833 1405 5893 velle.

2047 4612 2261 4665 πάντων
2284 4611 2594 4665 κοινωνίαν
2622 4611 2779 4665 τοῦτο
2805 4612 2861 4664 δὲ
2894 4614 2987 4665 ἐπὶ
3028 4612 3195 4683 αὐτῆς
3225 4613 3412 4683 μόνης.
3454 4614 3610 4666 Ὅταν

2045 4704 2103 4756 ὲν
2130 4704 2422 4774 ἀπορρήτῳ
2464 4703 2835 4772 διαλέγωνται,
2874 4703 2960 4757 διὸ
3014 4703 3074 4757 τὸ
3102 4704 3187 4757 ἀεὶ
3228 4704 3288 4757 τὸ
3317 4706 3611 4776 μυστήριον

2042 4795 2143 4865 τῆς
2177 4795 2409 4857 πίστεως
2459 4794 2844 4863 φυλάττεσθαι,
2873 4796 3053 4864 μόνοις
3100 4794 3609 4865 ἀποκαλυπτόμενον

2043 4888 2269 4948 πιστοῖς.
2310 4885 2475 4939 Ὅταν
2500 4884 2748 4954 λέγωσιν,
2777 4885 2867 4939 τὸν
2891 4884 2989 4955 μὲν
3021 4885 3151 4939 Θεὸν
3189 4886 3408 4956 Πατέρα
3424 4888 3610 4957 γεννή-

2060 5086 2061 5089 ‘
2112 5068 2222 5137 (25)
2263 5067 2498 5125 Credidi.
2558 5065 2599 5120 ll
2641 5065 2769 5124 Cor.
2818 5081 2895 5134 tv,
2956 5067 3055 5133 15,
3094 5082 3159 5120 ex
3218 5065 3427 5136 psalmo
3484 5081 3604 5121 ειν.

2042 5136 2338 5208 υιιοιιιῳιθ
2376 5138 2562 5208 Grteca
2592 5139 2758 5192 editio
2784 5138 3051 5203 voculatn,
3086 5138 3201 5208 καί,
3216 5138 3450 5208 omittit.

2109 5210 2220 5278 (24)
2254 5206 2392 5278 ‘Ego
2453 5207 2731 5278 Dominus.
2800 5208 2903 5263 lsa.
2957 5223 3104 5271 xuv,
3164 5207 3368 5278 24.71n
3424 5206 3603 5263 Bibliis

2037 5277 2250 5359 additur
2283 5277 2385 5332 vo:
2416 5277 2596 5350 μόνος,
2648 5279 2701 5331 id
2740 5289 2827 5334 est
2887 5279 3053 5344 solus,
3091 5293 3219 5332 casu
3252 5277 3478 5333 fortasse
3516 5279 3601 5333 hic

2035 5364 2252 5403 omissa.

2106 5419 2218 5489 (25)
2249 5417 2360 5489 Ego
2388 5436 2524 5473 sum.
2556 5418 2657 5474 lsa.
2689 5434 2834 5479 xm.
2863 5417 2917 5473 9.

2104 5487 2217 5560 (26)
2252 5487 2616 5558 Baptizantes.
2652 5489 2842 5543 Matth.
2876 5503 3067 5550 xxvm,
3103 5487 3192 5543 l9.

2103 5556 2215 5630 (27)
2271 5556 2499 5614 Diversis
2557 5562 2745 5613 modis.
2803 5559 2893 5613 Sic
2952 5560 3126 5623 verti,
3169 5576 3251 5630 Ane
3306 5556 3591 5612 lectionem

2032 5628 2233 5685 codicis
2278 5641 2479 5683 temere
2543 5631 2828 5684 immutare
2871 5630 3100 5682 viderer.
3153 5628 3416 5683 Caeterum
3472 5638 3595 5696 puto

2030 5702 2309 5771 legendum
2344 5700 2671 5771 ἀδιαφόρως,
2713 5700 2767 5755 id
2813 5709 2896 5756 est
2930 5698 3303 5767 indifferenter,
3346 5709 3438 5752 aut
3488 5696 3595 5751 situ

2030 5769 2329 5827 discrimine
2363 5770 2380 5839 (
2406 5769 2578 5839 facere
2592 5771 2633 5841 ).
