3766 6350
345 196 447 250 451

1577 188 1816 246 DIDYMI
1847 187 2311 245 ALEXANDRINI

3472 202 3570 257 ﬁ!

344 314 636 375 exsistens,
665 322 721 367 et
758 319 900 367 totus
934 310 1002 365 ab
1028 310 1277 365 omnibus
1320 316 1536 380 propter
1560 310 1728 380 ipsius
1752 310 1895 366 boni-

2027 308 2356 379 ιαταλάμπον
2379 347 2394 371 ,
2452 308 2544 362 καὶ
2615 308 2888 379 πανταχοῦ
2964 310 3204 381 πληθύον
3266 312 3529 384 ἀγιασμὺν
3549 356 3571 383 ,

348 414 510 459 tatem
540 403 908 473 participatus.
954 411 1008 457 et
1051 412 1321 471 receptus,
1350 416 1454 455 non
1483 410 1660 455 tamen
1687 401 1908 467 divisus,

344 508 519 562 neque
568 493 671 547 alio
731 491 1139 561 transmigrans,
1174 505 1349 559 neque
1382 491 1726 544 mutationem
1780 490 1910 544 sub-

344 581 491 643 iens,
528 583 618 636 sed
655 583 901 636 omnibus
926 582 1110 636 eodem
1151 596 1364 649 semper
1419 581 1598 643 modo,
1651 596 1755 635 non
1783 595 1911 634 vero

342 687 407 725 ex
439 680 610 741 parte,
642 672 926 742 inspirans,
950 681 1005 727 et
1037 672 1308 743 propriam
1344 673 1633 741 puritatem
1667 686 1697 724 a
1719 686 1908 738 corpo-

351 761 497 815 ribus
554 763 1032 817 incontaminatam
1077 777 1335 826 servans,
1396 771 1450 816 et
1502 763 1680 817 omnia
1730 763 1910 817 divino

347 854 506 905 modo
531 853 857 917 illuminans,
890 864 943 908 et
971 854 1167 923 ubique
1205 852 1705 916 sanetiﬁcationem,
1738 853 1912 907 chari-

350 955 536 1008 tatem,
574 960 776 1013 pacem,
828 945 1171 1013 sapientiam,
1214 944 1491 1014 gaudium,
1537 945 1904 1009 securitatem,

348 1045 402 1088 et
424 1050 583 1089 omne
624 1037 818 1090 bonum
856 1035 1012 1107 114
1040 1036 1331 1105 adaugens,
1376 1043 1560 1102 utpote
1584 1036 1675 1103 qui
1714 1050 1780 1089 ex
1816 1049 1910 1103 pa-

353 1136 503 1179 terno
548 1124 692 1180 fonte
740 1125 851 1196 (33)
903 1126 1255 1181 subsistenter
1312 1128 1660 1181 emanavitac
1688 1126 1905 1181 eluxit:

351 1232 446 1284 per
495 1229 691 1282 quem,
746 1226 800 1269 et
855 1224 1074 1285 propter
1128 1231 1285 1285 quem
1337 1217 1610 1271 nobiscum
1670 1227 1911 1272 versatur

353 1305 492 1359 Deus
514 1315 567 1359 et
596 1306 772 1369 Pater,
798 1321 917 1360 cum
941 1320 1046 1375 quo
1073 1306 1305 1376 Spiritus
1336 1311 1448 1376 ipse
1471 1316 1526 1361 et
1553 1308 1603 1361 in
1634 1308 1786 1362 caelis
1805 1316 1905 1374 est,

350 1407 404 1449 et
439 1398 577 1464 apud
615 1412 712 1451 nos
746 1407 955 1463 manet;
1004 1412 1126 1451 nam
1174 1406 1349 1467 potest
1390 1398 1604 1467 quidem
1654 1414 1910 1468 unaquae—

351 1503 453 1554 que
482 1488 660 1540 divina
688 1502 910 1557 persona
944 1487 1120 1542 omnia
1170 1487 1410 1557 perfecte
1438 1488 1553 1543 sine
1582 1488 1740 1542 ullius
1770 1490 1908 1543 indi-

349 1577 527 1645 gentia
558 1578 770 1643 facere;
818 1593 1003 1632 verum
1034 1589 1093 1633 ut
1130 1580 1315 1633 eadem
1349 1579 1663 1634 ostendatur
1712 1594 1908 1650 opera-

2010 400 2250 468 ἀγάπην,
2279 398 2522 470 εἰρήνην,
2547 399 2760 467 σοφίαν,
2783 399 2979 472 χαρὰν,
3006 402 3324 469 ἀσφάλειαν,
3352 405 3449 458 καὶ
3472 407 3577 460 πᾶν

2011 488 2233 558 ἀγαθὸν,
2266 488 2360 542 ἆτε
2382 491 2445 542 ἐκ
2470 490 2566 559 τῆς
2592 493 2866 563 πατρικῆς
2888 493 3269 557 ὲνυποστάτως
3295 494 3579 565 ἐκλάμψαν

2012 580 2224 650 πηγῆς·
2270 579 2339 631 δι’
2370 573 2429 632 οῦ
2470 579 2564 631 καὶ
2594 578 2660 631 δι’
2688 578 2717 631 ὃ
2765 582 2896 650 ήμῖν
2931 580 3221 651 πλησιάζει
3258 583 3289 634 ὁ
3320 582 3454 643 Θεὸς
3488 585 3579 635 καὶ

2010 668 2220 739 Πατὴρ,
2246 668 2363 737 μεθ’
2391 660 2451 719 οὗ
2482 667 2575 720 καὶ
2605 669 2662 721 ὲν
2689 668 2940 739 οὐρανοῖς
2965 670 3135 732 ἐστιν,
3169 671 3263 722 καὶ
3290 673 3423 741 παρ’
3454 674 3581 743 ἡμῖν

2013 758 2195 828 μένεισ
2245 759 2546 830 δυναμένης
2599 760 2697 830 μὲν
2743 761 2982 832 ἑκάστης
3026 761 3176 825 θείας
3230 763 3579 827 ὑποστάσειικς

2009 850 2322 921 ἁπροσδεῶς
2368 851 2546 903 πάντα
2594 851 2817 922 ποιῆσαι
2863 852 3119 915 τελείως’
3159 853 3245 906 ἵνα
3297 853 3356 906 δὲ
3398 854 3577 925 δειχθῇ

2008 942 2070 994 τὸ
2117 942 2528 1012 συμπρακτικὸν
2566 942 2662 995 καὶ
2710 943 3126 1015 ἀπαράλλακτον
3172 946 3271 1014 τῆς
3300 962 3360 997 τε
3395 947 3581 1010 οὐσίας

2012 1031 2211 1094 αὐτῶν,
2242 1031 2340 1101 τῆς
2372 1048 2431 1084 τε
2477 1033 2921 1103 προσκυνήσεως,
2965 1034 3058 1086 καὶ
3108 1034 3301 1105 δόξης,
3350 1037 3451 1088 καὶ
3496 1037 3583 1088 εύ-

2007 1120 2292 1190 χαριστίας
2323 1119 2423 1189 τῆς
2464 1120 2785 1191 ὀφειλούσης
2820 1123 2948 1192 παρ’
2972 1123 3133 1193 ἡμῶν
3165 1125 3453 1193 γίνεσθαι,
3493 1126 3582 1179 διὰ

2006 1211 2165 1265 τοῦτο
2194 1216 2343 1283 κοινῇ
2375 1214 2522 1284 παρὰ
2569 1214 2670 1283 τῆς
2711 1215 2873 1283 ἁγίας
2920 1215 3148 1285 Τριάδος
3196 1218 3296 1286 τῆς
3347 1218 3581 1281 κτίσεως

2008 1302 2406 1374 πληρωθείσης.
2461 1303 2629 1375 [510]
2671 1305 2961 1376 Παριστῶν
2995 1306 3126 1373 γοῦν
3173 1307 3235 1361 τὸ
3288 1309 3581 1381 τριαδικῶς

2008 1394 2470 1465 διακεκοσμῆσθαι
2511 1396 2611 1467 τὴν
2636 1396 2832 1460 κτίσιν,
2873 1397 3062 1467 ψάλλει
3082 1415 3094 1428 ⁸
3138 1418 3155 1449 ι
3187 1397 3275 1469 Τῷ
3304 1400 3452 1469 λόγῳ
3478 1402 3583 1453 Κυ-

2011 1486 2129 1558 ρίου
2168 1489 2215 1540 οί
2272 1488 2490 1559 οὐρανοὶ
2556 1487 2987 1560 ἐστερεώθησαν,
3036 1491 3129 1544 καὶ
3172 1491 3250 1561 τῷ
3302 1492 3583 1561 Πνεύματι

2010 1580 2102 1633 τοῦ
2156 1580 2420 1650 στόματος
2468 1580 2630 1633 αὑτοῦ
2704 1582 2873 1634 πᾶσαι
2921 1583 2979 1634 αἱ
3028 1582 3282 1652 δυνάμεις
3328 1583 3529 1637 αὐτῶν.
3555 1602 3575 1635 ι

352 1671 447 1729 ιίο,
485 1670 781 1737 eademque
809 1683 928 1721 cum
956 1669 1186 1724 essentia
1211 1669 1472 1737 ipsarum,
1505 1678 1616 1724 tum
1647 1671 1909 1736 adoratio,

2027 1668 2179 1724 Εἶπεν
2205 1649 2312 1741 γάρ
2339 1672 2541 1742 Κύριον
2578 1671 2678 1741 μὲν
2732 1672 2822 1725 τὸν
2849 1672 2980 1726 Θεὸν
3018 1649 3237 1744 Πατέρα
3255 1691 3269 1704 ⁸
3299 1675 3475 1743 Λόγον
3524 1676 3583 1729 δὲ

349 1772 397 1815 et
432 1760 623 1831 gloria,
656 1769 709 1815 et
749 1760 1039 1829 gratiarum
1067 1760 1229 1825 actio,
1259 1776 1377 1830 quae
1403 1762 1482 1815 eis
1515 1761 1663 1815 reddi
1691 1777 1720 1814 a
1758 1763 1911 1817 nobis

348 1854 525 1916 debet,
556 1852 677 1905 ideo
712 1850 1070 1905 communiter
1100 1866 1131 1905 a
1176 1862 1359 1906 sancta
1393 1850 1661 1907 Triuitate
1702 1853 1906 1907 creatio

348 1942 609 2012 completa
643 1942 761 1996 fuit.
797 1939 863 1995 Ut
896 1942 1036 1997 hunc
1066 1958 1231 2013 porro
1273 1950 1578 1997 creatarum
1618 1958 1797 1997 rerum
1822 1959 1913 1998 or-

349 2045 533 2088 natum
588 2044 747 2103 atque
800 2036 1039 2089 ordinem
1090 2050 1121 2089 a
1174 2045 1285 2090 tota
1340 2033 1604 2090 Trinitate
1653 2051 1774 2091 esse
1821 2037 1915 2091 de-

349 2136 613 2181 monstret
662 2126 847 2191 David,
901 2128 981 2181 sic
1013 2127 1231 2195 psallit:
1270 2146 1289 2179 ι
1333 2125 1510 2183 Verbo
1550 2128 1660 2199 (34)
1702 2128 1911 2183 Domini

351 2217 475 2271 caeli
504 2217 702 2271 firmati
731 2228 879 2282 sunt,
912 2228 965 2272 et
1003 2217 1206 2289 Spiritu
1243 2218 1354 2273 oris
1385 2219 1499 2289 ejus
1529 2233 1716 2273 omnes
1742 2219 1912 2273 virtu-

352 2318 431 2361 tes
452 2323 658 2363 eorum.
695 2328 713 2361 ι
748 2309 955 2364 Etenim
1001 2310 1279 2365 Dominum
1324 2310 1538 2379 quidem
1580 2310 1709 2365 dicit
1747 2312 1912 2367 Deum

348 2395 601 2465 Patrem;
657 2401 890 2455 Verbum
958 2417 1108 2465 vero,
1164 2400 1503 2471 Uuigenitum
1561 2400 1778 2467 Filium,
1822 2417 1917 2472 per

347 2504 528 2559 quem,
558 2498 611 2543 et
642 2504 667 2542 a
714 2505 820 2559 quo
861 2491 1028 2545 creati
1051 2499 1175 2544 sunt
1215 2490 1371 2556 caeli;
1415 2491 1675 2559 Spiritum
1710 2502 1910 2557 autem,

346 2589 589 2635 sanctum
626 2580 715 2635 Dei
762 2580 1147 2636 subsistentem
1184 2580 1470 2651 Spiritum,
1495 2596 1524 2635 a
1552 2597 1657 2653 quo
1695 2593 1751 2639 et
1786 2598 1914 2638 sane

346 2672 565 2726 ctificati
612 2672 724 2743 (35)
774 2681 827 2726 et
872 2674 1208 2729 corroborati
1263 2684 1425 2728 sunt:
1483 2675 1596 2744 ipse
1644 2676 1787 2730 enim
1836 2683 1916 2729 est

347 2763 585 2818 divinum
614 2779 808 2818 nomen
837 2783 853 2831 ;
898 2766 1012 2834 ipse
1035 2766 1442 2835 omnipotentia,
1487 2776 1541 2821 et
1572 2766 1915 2822 excellentis-

348 2854 484 2909 sima
527 2854 782 2923 dignitate
814 2858 1102 2923 praeditus;
1145 2857 1235 2925 qui
1285 2857 1442 2912 simul
1497 2872 1615 2912 cum
1646 2857 1808 2913 Patre
1851 2872 1915 2912 ac

349 2943 486 2997 Filio
504 2952 557 2998 et
590 2954 1063 3008 commemoratur,
1086 2955 1141 2999 et
1175 2945 1630 3015 congloriﬁcatur;
1656 2946 1747 3015 qui
1787 2960 1914 3001 san-

348 3033 574 3097 ctilicat,
610 3044 663 3088 et
692 3033 949 3100 vivificat,
980 3042 1036 3090 et
1066 3035 1303 3090 caelestis
1334 3035 1469 3091 lucis
1511 3036 1801 3106 participes
1836 3036 1915 3091 fa-

355 3125 467 3189 cit;
516 3125 607 3194 qui
653 3126 983 3195 singulorum
1039 3127 1093 3181 in
1126 3128 1410 3183 concordia
1458 3128 1911 3198 perseverantiam

347 3217 616 3281 custodit;
653 3217 743 3285 qui
796 3217 1071 3286 pmphetis
1104 3227 1161 3273 et
1209 3218 1465 3287 apostolis
1513 3218 1815 3287 inspiravit,
1862 3225 1916 3273 et

351 3308 701 3378 martyribus,
757 3318 813 3360 ιιι
861 3310 1155 3379 tyrannicae
1220 3309 1523 3364 crudelitati
1578 3308 1911 3376 resisterent,

347 3400 456 3453 vim
490 3399 667 3464 dedit;
711 3401 799 3469 qui
849 3410 1091 3465 renovat,
1139 3406 1194 3456 et
1238 3401 1430 3456 liberat
1458 3409 1517 3454 ut
1550 3400 1825 3466 Dominus,
1862 3410 1918 3454 et

351 3491 490 3546 ﬁlios
521 3492 611 3546 Dei
640 3506 739 3545 nos
780 3491 912 3547 facit
938 3505 998 3547 ut
1040 3493 1273 3562 Spiritus
1313 3492 1645 3560 adoptionis;
1681 3492 1772 3561 qui
1803 3494 1914 3546 dat-

350 3599 567 3637 monum
596 3584 740 3639 acies
767 3599 863 3652 per
912 3585 1381 3651 illuminationem,
1439 3584 1493 3638 id
1548 3592 1631 3639 est
1678 3599 1773 3654 per
1819 3584 1914 3640 ba-

353 3676 580 3745 ptisma,
636 3677 865 3745 repellit,
923 3685 978 3730 et
1021 3677 1415 3741 adversarium,
1463 3691 1557 3731 seu
1618 3675 1908 3745 Satanam,

352 3766 641 3836 ignominia
671 3766 861 3831 atIicit;
892 3768 981 3836 qui
1015 3768 1274 3823 etelorum
1302 3778 1484 3836 portas
1509 3768 1662 3824 nobis
1681 3779 1909 3835 reserat,

349 3868 405 3912 et
424 3858 490 3912 ad
523 3859 711 3913 salutis
733 3860 933 3913 aditum
960 3858 1073 3930 (36)
1098 3874 1196 3914 nos
1221 3859 1467 3923 ducit,'et
1494 3860 1748 3930 angelicae
1779 3874 1912 3915 con-

352 3949 689 4016 versationis,
735 3950 1143 4020 liymnodiaeque
1186 3951 1475 4020 participes
1521 3951 1679 4019 facit;
1710 3952 1801 4021 qui
1828 3967 1914 4007 se-

354 4039 482 4093 mita
519 4040 671 4093 nobis
725 4039 803 4106 fit,
837 4040 903 4093 ad
961 4040 1133 4109 ipsum
1179 4040 1449 4094 cmlestem
1498 4040 1663 4095 Deum
1714 4040 1911 4095 acPa-

355 4141 489 4183 trem
518 4130 818 4197 deducens;
865 4131 956 4201 qui
989 4130 1335 4186 serenissimo
1366 4131 1599 4184 adventu
1631 4146 1729 4186 suo
1758 4133 1917 4187 nobis

353 4232 474 4274 sese
523 4220 791 4276 liberrime
856 4230 910 4276 et
972 4220 1426 4277 excellentissime
1482 4220 1899 4288 manifestavit;

2012 1762 2102 1814 τὸν
2134 1763 2395 1833 μονογενῆ
2435 1762 2586 1827 Υίὸν,
2627 1762 2693 1815 δι’
2724 1757 2785 1818 οὗ
2829 1764 2924 1817 καὶ
2954 1764 3080 1835 παρ’
3115 1758 3174 1817 οὗ
3209 1765 3580 1835 ἐκτίσθησαν

2012 1848 2237 1919 Πνεῦμα
2263 1851 2321 1903 δὲ
2373 1851 2433 1903 τὸ
2466 1840 2825 1906 ὲνυπόστατον
2858 1853 3010 1921 ἆγιον
3042 1853 3265 1924 Πνεῦμα
3296 1854 3393 1907 τοῦ
3423 1854 3582 1919 Θεοῦ,

2014 1942 2144 2010 παρ’
2188 1933 2248 1993 οῦ
2305 1942 2659 2009 ἀγιασθέντες
2712 1943 3216 2015 ὲνεδυναμώθησαν.
3268 1946 3417 1998 Αὐτὸ
3476 1948 3585 2017 γάρ

2016 2032 2165 2084 ἐστιν
2226 2031 2285 2083 τὸ
2340 2032 2515 2085 θεῖκὸν
2564 2032 2768 2103 ὄνομα,
2825 2035 2884 2088 τὸ
2938 2037 3439 2108 παντοκρατορικὸν
3491 2039 3585 2091 καὶ

2012 2122 2283 2193 «ὑπερέχον
2328 2123 2577 2193 ἀξίωμα,
2624 2124 2685 2177 τὸ
2729 2125 2824 2177 σὺν
2864 2126 3036 2196 Πατρὶ
3076 2128 3169 2179 καὶ
3220 2127 3333 2197 Υίῷ
3375 2147 3586 2200 μνημο-

2016 2214 2304 2284 νευόμενον
2348 2216 2441 2267 καὶ
2489 2214 2966 2285 συνδοξαζόμενον·
3008 2217 3067 2269 τὸ
3111 2219 3455 2286 ἀγιαστικὺν,
3491 2222 3586 2272 καὶ

2017 2303 2311 2367 ζωοποιδν,
2365 2304 2459 2358 καὶ
2527 2305 2703 2373 φωτὸς
2756 2307 3009 2377 οὐρανίου
3080 2309 3477 2378 μεταδοτικόνο
3526 2312 3586 2362 τὸ

2017 2395 2380 2467 φρουρητικὸν
2432 2396 2678 2450 ἑκάστων
2725 2398 2823 2468 τῆς
2853 2400 2910 2451 ὲν
2956 2400 3241 2470 ταυτότητι
3278 2400 3582 2473 διαμονῆς·

2014 2486 2073 2539 τὸ
2119 2487 2423 2557 προφήταις
2469 2488 2561 2541 καὶ¹
2614 2488 2926 2552 ἀποστόλοις
2975 2491 3264 2561 ὲνηχῆσαν,
3301 2492 3398 2543 καὶ
3440 2496 3587 2562 μὰρο

2015 2595 2184 2649 τυρας
2233 2580 2547 2650 ἀντιστῆναι
2598 2585 2891 2652 τυραννικῇ
2941 2580 3184 2653 ὠμότητι
3248 2585 3582 2653 ἑνισχύσανσ

2016 2669 2076 2721 τὸ
2104 2670 2449 2735 άνακαινίζον
2483 2670 2575 2724 καὶ
2608 2671 2924 2742 ἐλευθεροῦν
2950 2673 3024 2736 ὡς
3062 2673 3283 2745 Κύριος,
3309 2676 3404 2729 και¹
3439 2676 3587 2739 υἱοὺς

2016 2760 2155 2813 Θεοῦ
2194 2763 2342 2831 ἡμᾶς
2406 2761 2597 2816 ποιοῦν
2643 2763 2719 2825 ὡς
2768 2764 2993 2834 Πνεῦμα
3034 2764 3337 2829 υἱοθεσίαςο
3376 2767 3440 2819 τὸ
3486 2768 3589 2821 ἀπ»

2022 2850 2245 2904 ελαῦνον
2284 2852 2361 2923 τῷ
2389 2853 2697 2925 φωτίσματι
2738 2856 3004 2925 δαιμόνων
3026 2856 3207 2929 στίφη,
3248 2858 3343 2911 καὶ
3368 2858 3464 2912 τὸν
3496 2860 3589 2913 ἀν-

2017 2941 2321 3011 τικείμενον
2367 2942 2757 3014 καταισχύνοψ
2802 2945 2861 2998 τὸ
2907 2945 3243 3010 ἀναπτάζον
3296 2950 3432 3019 ἡμῖν
3489 2951 3587 3014 τάς

2015 3031 2257 3101 οὐρανῶν
2292 3031 2485 3096 πύλας,
2532 3034 2625 3085 καὶ
2660 3033 2793 3101 ἄγον
2825 3034 2917 3087 ἐπὶ
2963 3035 3063 3106 τὴν
3104 3035 3305 3090 εἴσοδον
3337 3040 3443 3110 τῆς
3483 3058 3588 3093 σω-

2014 3121 2236 3192 τηρίας,
2282 3124 2375 3175 καὶ
2420 3122 2520 3192 τῆς
2568 3125 2813 3192 ἀγγέλων
2859 3126 3134 3192 πολιτείας
3177 3131 3272 3184 κα)⁸
3306 3131 3587 3203 ὑμνῳδίας

2014 3212 2378 3284 ἐργαζόμενον
2429 3216 2749 3280 κοινωνούς·
2783 3218 2843 3271 τὸ
2882 3219 3168 3291 γινόμενον
3212 3225 3346 3294 ἡμῖν
3395 3227 3588 3296 τρίϐος

2016 3304 2369 3373 άποφέρουσα
2423 3306 2559 3378 πρὸς
2612 3308 2774 3362 αὑτὸν
2810 3310 2900 3364 τὸν
2953 3313 3274 3385 ἐπουράνιον
3306 3315 3442 3369 Θεὸν
3495 3320 3588 3373 καί¹

2015 3396 2270 3468 Πατέραέ
2306 3399 2338 3468 ἡ
2376 3397 2717 3464 αύτεξούσιος
2766 3402 2861 3455 καὶ
2894 3404 3304 3476 ὑπερϐάλλουσα
3351 3409 3587 3482 γαληνο-

2012 3488 2150 3558 τάτη
2188 3490 2515 3558 ἐπιφάνειαο
2545 3492 2579 3560 ή
2628 3491 2869 3561 γόνιμος,
2913 3496 3010 3549 καλ⁸
3052 3496 3299 3568 ἄπειρος,
3340 3500 3440 3553 καὶ
3486 3519 3585 3555 σω-

2018 3577 2175 3649 στικὴ
2229 3578 2491 3650 δύναμιςο
2531 3583 2564 3652 ὴ
2609 3582 2907 3655 ἀμεγέθης,
2948 3586 3044 3640 καὶ
3087 3588 3441 3660 ἀσύγκριτος,
3497 3593 3586 3645 καὶ

2017 3671 2187 3740 σεπτὴ
2239 3672 2564 3736 ὑπόστασιςο
2604 3676 2638 3743 ἡ
2688 3674 2987 3747 ἄχραντος,
3038 3681 3133 3733 καὶ
3182 3681 3463 3753 ἐγκριτος,
3497 3686 3586 3739 καὶ

2016 3761 2291 3830 πάναγνος
2321 3762 2477 3827 δόξω
2509 3766 2542 3835 ἡ
2584 3764 2713 3839 θεία
2747 3768 2927 3837 χάρις,
2972 3771 3003 3839 ἡ
3053 3770 3117 3823 τὰ
3158 3770 3417 3827 λείποντα
3456 3776 3586 3830 ἀνα-

2015 3851 2328 3923 πληροῦσα,
2379 3855 2471 3907 καὶ
2511 3838 2595 3907 τῖ
2618 3856 2815 3928 ἀσθενῆ
2855 3838 3092 3930 ἰωμένη·
3134 3862 3167 3931 ἡ
3204 3861 3450 3935 άρῤητος
3495 3867 3586 3919 καὶ

2014 3942 2185 4006 ἀΐδιος
2214 3943 2486 4016 ἀγαθότης
2505 3962 2518 3976 ·
2546 3947 2579 4018 ή
2611 3948 2762 4019 πηγὴ
2789 3948 2896 4003 τῶν
2925 3950 3287 4006 ἀνεκλείπτων
3318 3957 3586 4027 χαρισμά-

2012 4052 2143 4099 των,
2174 4036 2269 4089 καὶ
2307 4037 2509 4100 παντὸς
2549 4038 2756 4106 ἀγαθοῦ
2795 4040 2888 4094 νοῦ
2927 4041 3179 4113 πρόοδοςο
3211 4045 3247 4114 ή
3282 4045 3585 4115 μελλόντων

2017 4126 2112 4180 καὶ
2138 4126 2432 4195 ἀγνώστων
2473 4128 2677 4201 ἀληθὴς
2726 4132 3066 4204 φανέρωσις·
3107 4136 3142 4206 ή
3186 4133 3356 4208 [51b]
3408 4140 3582 4210 σωτή-

2018 4238 2131 4293 ριος
2171 4223 2425 4293 σφραγῖς,
2460 4225 2555 4277 καὶ
2584 4225 2649 4278 τδ
2680 4225 2825 4279 θεῖον
2856 4226 3097 4298 "iam.
3120 4228 3153 4280 6
3192 4227 3589 4299 ὀιρῤύῶτῶ

354 4311 444 4380 qui
473 4323 554 4368 est
588 4314 742 4384 115
778 4313 1023 4377 fecunda,
1056 4322 1111 4368 et
1136 4312 1369 4379 infinita,
1402 4323 1457 4367 et
1480 4316 1741 4383 servatrix
1784 4315 1906 4381 vis;

2027 4314 2198 4366 ὶῐδίων
2249 4314 2495 4382 ἀγαθῶν·
2536 4318 2668 4389 παρ’
2702 4308 2763 4370 οὗ
2813 4319 2960 4371 πᾶσα
3011 4319 3219 4386 κτίσις,
3269 4322 3442 4394 ὁρατὴ
3492 4322 3583 4376 καὶ

354 4404 737 4475 magnitudine,
793 4419 885 4460 seu
941 4404 1273 4459 dimensione
1324 4405 1516 4473 quavis
1571 4418 1762 4459 carens
1786 4444 1831 4485 ,η
1854 4414 1907 4460 et

430 4576 538 4648 (33)
575 4574 759 4631 Fonte.
777 4577 877 4648 Est
890 4576 1029 4630 enim
1060 4577 1239 4648 Pater,
1264 4586 1323 4631 ut
1350 4578 1639 4646 loquuntur
1662 4578 1915 4648 theologi,

368 4664 388 4697 ι
423 4646 539 4701 fons
574 4647 737 4699 totius
778 4646 1093 4700 divinitatis.
1141 4666 1159 4698 ι
1204 4647 1344 4702 Cave
1382 4657 1559 4703 autem
1598 4657 1755 4717 putes
1779 4689 1794 4711 ,
1832 4646 1918 4704 liis

362 4717 720 4770 locutiouibus
772 4717 1168 4782 processionem
1202 4717 1433 4784 Spiritus
1473 4716 1645 4771 sancti
1675 4733 1702 4769 a
1732 4716 1914 4783 Patre,

361 4786 602 4855 Filioque
630 4787 831 4853 negari.
862 4786 973 4852 Qua
1001 4789 1065 4839 de
1090 4802 1147 4840 re
1179 4788 1310 4841 alias
1336 4801 1640 4843 sermonem
1668 4787 1827 4842 habui
1860 4789 1913 4844 in

362 4854 693 4924 Epistolaﬁad
725 4856 1027 4909 Archintum
1054 4855 1352 4924 praesulem.

428 4926 538 4991 (34)
587 4923 770 4978 Verbo.
815 4924 954 4979 Psal.
988 4923 1159 4989 xxx",
1191 4942 1329 4981 vers.
1377 4926 1428 4981 6.

431 4996 544 5064 ('55)
586 4992 931 5060 Sanctiﬁcati.
981 4996 1111 5049 Cum
1156 4998 1269 5048 haec
1319 4996 1385 5050 ab
1417 5010 1482 5049 eo
1529 4996 1726 5049 dictata
1783 5005 1912 5060 sint,

362 5067 451 5131 qui
474 5066 552 5135 ub
580 5065 973 5133 Origenismum
1001 5065 1137 5135 male
1162 5065 1328 5130 audit,
1358 5066 1489 5119 nihil
1519 5066 1727 5120 facilius
1752 5082 1910 5135 quam

359 5146 418 5187 ut
471 5134 594 5204 illuc
650 5139 716 5187 ab
762 5134 1284 5204 aliquo_trahantur.
1331 5136 1462 5191 Vide
1512 5152 1629 5203 quae
1671 5134 1917 5204 superius

360 5219 483 5271 pag.
524 5203 614 5267 87,
645 5204 914 5274 adnotavi.
942 5202 1078 5269 Quid
1116 5214 1290 5274 tamen
1327 5215 1471 5259 vetat
1509 5202 1795 5274 quominus
1831 5207 1918 5259 Di-

360 5276 577 5344 dymum
648 5272 1015 5344 existimemus
1070 5273 1326 5328 caelorum
1382 5272 1600 5330 nomine
1664 5277 1917 5344 angelos,

360 5342 733 5411 cmlurnmque
786 5343 1032 5404 virtules,
1072 5358 1165 5396 seu
1209 5354 1519 5411 potestates.
1556 5356 1646 5398 aut
1703 5342 1915 5399 fortitu-

360 5410 641 5484 dines‘hic
666 5411 979 5480 intelligere,
1018 5412 1240 5484 ideoque
1274 5414 1597 5484 Origeniano
1628 5430 1787 5469 sensu
1815 5431 1918 5469 non

362 5481 506 5546 loqui
526 5480 564 5553 ?_
583 5479 937 5553 lliernuyinus
976 5496 1103 5553 sane
1152 5482 1203 5553 in
1258 5479 1491 5543 Epistula
1532 5485 1599 5537 ad
1648 5484 1919 5553 Algusiam

364 5566 511 5621 num.
547 5549 632 5616 10,
672 5570 689 5602 ι
726 5549 909 5603 Militia
950 5551 1093 5614 caeli,
1127 5570 1146 5604 ι
1179 5552 1367 5621 inquit,
1404 5574 1420 5604 ι
1463 5572 1563 5609 non
1601 5549 1806 5607 tantum
1841 5555 1920 5608 sol

363 5620 680 5691 appellatur,
709 5630 765 5676 et
793 5622 940 5686 luna,
967 5630 1020 5677 et
1044 5634 1189 5677 aStra
1221 5620 1517 5692 rutilantia,
1542 5625 1632 5681 sed
1667 5635 1721 5680 et
1745 5625 1920 5680 omnis

2017 4405 2267 4478 ἀόρατος,
2299 4407 2493 4480 λογικὴ
2519 4411 2613 4463 καὶ
2645 4410 2719 4482 μὴ
2748 4410 2959 4483 λογικὴ,
2988 4413 3382 4486 ὲνδυναμοῦται
3401 4433 3416 4446 ·
3452 4417 3583 4487 παρ’

2026 4566 2263 4661 angelica
2314 4585 2620 4661 multitudo,
2664 4601 2963 4661 eorumque
3005 4591 3294 4653 exercitus,
3336 4591 3429 4661 qui
3478 4593 3581 4647 He-

2025 4651 2208 4725 braice
2242 4654 2541 4725 appellatur
2588 4651 2945 4720 Sabaothfid
2987 4669 3098 4725 est,
3140 4651 3419 4723 virtutum,
3475 4664 3582 4717 sive

2022 4723 2428 4798 exercituum.)
2458 4723 2689 4780 llilarius
2717 4740 2845 4798 vero
2874 4729 2938 4780 ad
2963 4743 3025 4781 ea
3054 4723 3189 4798 pisal.
3212 4745 3359 4784 vatt
3393 4732 3576 4794 verba,

2026 4807 2044 4841 ι
2077 4790 2207 4868 ςαξιί
2234 4793 2640 4868 distillaverunt,
2663 4813 2681 4868 ι
2707 4797 2786 4850 sic
2811 4790 3068 4865 loquitur'
3093 4814 3210 4868 pag.
3235 4798 3339 4852 220
3372 4811 3507 4855 tom.
3528 4790 3579 4855 ιξ

2029 4878 2047 4909 ι
2085 4858 2140 4913 Si
2161 4863 2313 4939 enim
2356 4863 2439 4917 lex
2480 4858 2739 4939 disposita
2768 4875 2855 4939 est
2882 4858 2980 4934 per
3005 4858 3247 4937 angelos,
3280 4883 3580 4939 panemque

2020 4932 2330 5007 angelorum
2382 4932 2722 5007 manducavit
2768 4932 2945 5001 homo,
2995 4932 3226 5007 caafique
3258 4932 3576 4993 s'tillasse'in

2022 4999 2150 5074 _S_ina
2189 5002 2516 5074 scribuntur.
2550 5003 2787 5074 profecto
2829 4999 3182 5060 ministerium
3217 5009 3314 5061 hoc
3345 5024 3375 5061 a
3406 5010 3575 5068 ccelis,

2023 5068 2074 5141 id
2110 5082 2214 5141 est,
2246 5072 2315 5126 ab
2353 5064 2565 5141 angelis'
2593 5064 2860 5141 expletum
2891 5090 3007 5128 esse
3034 5092 3135 5131 non
3165 5077 3385 5131 dubium
3420 5093 3521 5132 εει.
3554 5064 3572 5129 ὁ

2023 5137 2159 5215 Quid
2214 5137 2866 5215 plu_ra?'Didymus_ipse
2909 5146 3051 5215 hunc
3093 5147 3337 5200 eumdem
3393 5146 3577 5215 psalmi

2026 5209 2475 5283 lucum'ail‘erens
2504 5209 2671 5283 segm.
2720 5209 2786 5268 78
2828 5216 2877 5280 b,
2927 5232 2945 5264 ι
2980 5212 3213 5270 Virtutes
3246 5209 3508 5271 caelorum
3553 5234 3571 5271 ι

2020 5278 2099 5357 ait
2140 5296 2259 5334 esse
2297 5297 2403 5336 non
2450 5278 2606 5357 modo
2649 5278 2905 5338 cmlorum
2943 5302 2963 5336 ι
3000 5286 3344 5357 substantias,
3398 5305 3425 5357 »ί
3469 5288 3575 5340 sive

2019 5347 2069 5400 id
2097 5365 2210 5424 quo
2246 5368 2280 5424 t_
2303 5353 2773 5424 c_onstitunntur,_i
2806 5370 2989 5408 verum
3020 5356 3180 5409 etiam
3215 5373 3234 5406 ς
3275 5347 3517 5424 angelos.
3548 5373 3566 5406 ι

2088 5418 2201 5487 (36)
2243 5419 2446 5475 Salutis
2477 5424 2699 5477 aditum.
2732 5422 2952 5479 Locutio
2978 5426 3271 5488 translata;
3303 5418 3571 5489 e'templis

2022 5490 2255 5562 scilicet,
2305 5501 2362 5543 ut
2404 5493 2623 5561 ,opinor,
2675 5493 2857 5556 ducta.
2897 5510 3125 5562 quorum
3171 5510 3294 5562 pars
3338 5495 3574 5549 anterior

2022 5559 2256 5685 εἷσοδῗςύ
2283 5562 2393 5684 slive
2425 5559 2462 5612 c‘
2489 5564 2662 5620 aditus
2699 5582 2717 5615 ι
2754 5559 2971 5631 dicitur,
3006 5575 3097 5621 aut
3126 5559 3454 5635 προπύλαια,
3486 5575 3573 5619 seu

2025 5645 2044 5679 ι
2087 5643 2217 5685 ves:
2260 5648 2288 5685 ιι
2316 5647 2423 5685 ιιιη.
2461 5651 2481 5684 ι

2025 5645 2044 5679 ι
2087 5633 2423 5686 vestibulum.
2461 5651 2481 5684 ι
