3688 6326
142 196 227 254 453

1106 197 1193 253 DE
1232 198 1604 255 TRINITATE
1642 200 1844 257 LIBER
1884 190 2269 263 SECUNDUS.

3207 221 3313 280 454

136 309 183 368 οὗ
220 313 335 383 ἡμῖν
373 310 405 381 ἠ
452 308 567 363 θεία
602 310 987 382 ἀναγὲννησις,
1034 315 1126 367 καί
1164 315 1275 371 τῶν
1324 318 1563 388 ἀνομιῶν
1601 337 1606 349 ε

1766 322 2005 390 ιεγιιοιίιιι
2044 323 2119 391 (id
2144 332 2249 390 est,
2282 323 2761 398 incomparabilis),
2789 336 2842 384 et
2868 335 3170 390 veneranda
3210 337 3282 409 hy

134 413 319 476 ἄφεσις,
364 403 594 457 καὶτῶν
644 405 924 474 ἁμαρτιῶν
971 408 1004 476 ἠ
1055 407 1397 478 ὲπικάλυψις,
1457 411 1551 464 καὶ
1604 412 1638 482 ἡ

132 498 243 569 πρὸς
270 496 352 547 τὸν
376 494 503 547 Θεὸν
547 494 847 559 οἰκείωσις·
881 497 1138 566 στέφανός
1167 517 1226 552 τε
1268 500 1514 566 δικαίοις,
1550 504 1642 556 καὶ

132 588 311 658 ἀγαθῶν
338 585 599 656 ἀπόληψις
619 604 630 618 ’
665 588 914 658 οὐράνιόν
946 606 1006 642 τε
1033 590 1373 662 ἐνδιαίτημα,
1402 593 1494 646 καὶ
1527 593 1640 666 ζωὴ

130 679 458 748 ἀτελεύτητος,
503 681 596 731 καὶ
629 679 902 750 βασιλείας
952 682 1086 736 Θεοῦ
1133 684 1469 756 κληρονομία
1511 687 1641 739 αἰώ-

128 790 242 836 νιος·
274 763 465 833 οὗτινος
507 772 606 841 τῆς
647 773 929 837 κοινωνίας
965 773 1052 828 διὰ
1086 775 1185 845 τῆς
1220 776 1639 845 παλιγγενεσίας

128 864 405 933 ὁμετὲχων,
440 863 697 933 τυγχάνει
739 864 847 916 τῶν
890 882 992 935 μνη
1003 866 1368 936 μονευθέντων
1396 868 1634 937 ἀγαθῶν,

127 957 197 1009 καὶ
244 956 366 1026 πρὸς
440 954 539 1017 τάς
595 956 887 1020 καθολικάς
934 958 1273 1022 Ἐπιπολὰς,
1321 959 1471 1022 θείας
1521 960 1637 1013 ἐστὶ

125 1051 330 1113 κοινωνὸς
365 1048 594 1118 φύσεως.
629 1051 687 1103 ’0
716 1050 825 1123 γάρ
871 1050 1146 1123 ἀφθάρτου
1189 1053 1283 1106 καὶ
1313 1053 1483 1107 ἀϊδίου
1526 1071 1637 1122 φω-

86 1208 99 1219 _
123 1143 334 1211 τίσματος
411 1126 799 1212 μετειληφὼς,
843 1145 1066 1216 ἀγήρως
1136 1144 1276 1199 κατά
1332 1145 1393 1198 τὸ
1447 1145 1635 1217 νοητὸν

125 1233 240 1303 μένει
267 1234 317 1284 ὲν
351 1232 558 1303 νεότητι
600 1236 694 1287 καὶ
729 1234 1006 1306 ὴπιότητι,
1042 1235 1138 1288 καὶ
1172 1235 1510 1307 ἐξομοιοῦται
1556 1236 1633 1309 τῷ

123 1324 235 1393 μόνῳ
257 1323 411 1391 ἔχοντι
443 1323 764 1392 ἀθανασίαν,
791 1327 884 1380 καὶ
915 1326 1031 1395 φῶς
1057 1326 1294 1380 οἰκοῦντι
1318 1327 1629 1400 ἀπρόσιτον.

118 1417 164 1466 0i
204 1413 295 1484 γὰρ
341 1413 436 1483 τῆς
478 1414 734 1485 Ἀρχαίας
792 1417 887 1469 καὶ
941 1416 1085 1480 Νέας
1155 1416 1429 1487 Διαθήκης
1495 1417 1632 1487 ἱερο-

118 1502 303 1573 μάνται,
335 1504 427 1573 τῆς
474 1504 735 1558 ἀνωτάτω
787 1507 919 1576 μιᾶς
960 1505 1110 1569 θείας
1151 1505 1365 1576 φύσεως
1398 1505 1536 1559 εἶναι
1571 1505 1631 1559 τὸ

114 1595 234 1664 ἅγιον
285 1596 497 1669 Πνεῦμα
564 1580 905 1653 ἐπίστανται.
953 1599 1161 1653 Αὐτίκα
1224 1598 1354 1667 γοῦν
1420 1615 1625 1672 μαρτυ-

115 1702 186 1758 ρου
193 1702 278 1737 σινο

1741 412 2013 479 postasis;
2054 412 2497 479 incontaminata,
2541 427 2596 472 et
2642 420 2862 484 eximia,
2910 436 2973 476 ac
3019 426 3303 493 purissima

1740 500 1941 570 gloria;
1972 503 2063 571 qui
2103 513 2185 558 est
2213 506 2390 560 divina
2438 507 2551 575 ipsa
2595 511 2792 580 gratia,
2847 528 2969 582 qua:
2999 516 3304 578 deﬁcientia

1739 599 1885 652 sunt,
1928 592 2203 661 suppletis,
2234 603 2289 648 et
2318 611 2438 664 qua:
2468 598 2680 653 inﬁrma
2711 612 2858 665 sunt,
2908 619 3141 675 sanans;
3172 610 3305 664 inef-

1738 675 1937 743 labilis,
1983 690 2038 735 et
2068 683 2397 753 sempiterna
2433 688 2680 756 bonitas;
2709 691 3130 750 indeﬁcientium
3175 703 3305 753 cha-

1739 769 2021 825 rismatum
2058 771 2194 837 fons,
2221 784 2278 828 et
2315 777 2492 832 omnis
2535 781 2692 835 bona:
2723 785 2919 837 mentis
2964 800 3298 855 praecursor;

1738 860 2062 931 futurarum,
2104 874 2160 920 et
2185 866 2483 936 ignotarum
2514 886 2690 926 rerum
2734 889 2861 929 vera
2889 878 3254 936 manifestatio
3283 900 3300 949 ;

1734 951 1983 1008 salutaris
2014 954 2336 1026 obsignatio,
2387 968 2441 1014 et
2472 961 2707 1016 divinum
2743 965 3003 1033 chrisma,
3049 970 3163 1025 sive
3202 987 3302 1025 un-

1734 1043 1842 1096 ctio
1865 1042 2001 1114 (57),
2048 1055 2370 1102 aeternorum
2435 1050 2696 1107 bonorum
2752 1056 2985 1112 arrhabo
3046 1076 3060 1113 :
3106 1074 3137 1113 a
3192 1077 3300 1129 quo

1732 1132 1908 1187 omnis
1965 1144 2211 1190 creatura
2272 1137 2497 1194 visibilis
2550 1151 2606 1195 et
2668 1143 2989 1211 invisibilis,
3055 1149 3298 1204 rationa-

1732 1222 1798 1278 lis
1837 1232 1891 1278 et
1954 1224 2284 1282 irrationalis
2327 1230 2491 1284 robur
2536 1245 2599 1286 ac
2657 1232 2763 1286 vim
2800 1236 2998 1304 accipit
3045 1255 3059 1291 :
3101 1253 3132 1292 a
3190 1254 3299 1309 quo

1731 1316 1886 1371 nobis
1926 1326 2009 1372 est
2061 1317 2241 1373 divina
2299 1324 2654 1391 regeneratio,
2710 1332 2764 1377 et
2811 1324 3151 1394 iniquitatuin
3210 1345 3298 1384 re-

1729 1412 1936 1475 missio,
1970 1421 2026 1467 et
2074 1422 2416 1484 peccatorum
2469 1418 2751 1473 absconsio
2780 1419 2915 1489 (58),
2969 1431 3023 1476 et
3072 1423 3296 1491 conjun-

1729 1504 1838 1558 ctio
1871 1504 1983 1577 (59)
2032 1522 2152 1561 cum
2186 1508 2313 1570 Deo,
2362 1519 2418 1563 et
2465 1525 2663 1564 corona
2704 1512 2883 1583 justis,
2915 1525 2970 1568 et
3019 1516 3288 1572 bonorum

1729 1598 2032 1667 acquisitio,
2060 1607 2116 1653 et
2149 1600 2369 1655 cmleste
2403 1602 2755 1667 domicilium,
2787 1615 2841 1660 et
2881 1606 2991 1660 vita
3046 1607 3294 1662 intermi-

1660 1677 1703 1733 Β
1732 1698 1880 1756 nata,
1919 1699 1975 1744 et
2016 1691 2165 1760 regni
2226 1689 2321 1745 Dei
2372 1694 2697 1761 sempiterna
2747 1696 3034 1751 haareditas
3069 1715 3084 1751 :
3133 1699 3291 1766 cujus

113 1779 447 1835 communionis
479 1781 571 1852 qui
643 1796 742 1852 per
800 1783 1264 1852 regenerationem
1297 1781 1357 1836 ﬁt
1395 1782 1684 1851 particeps,
1724 1794 2143 1837 commemorata
2176 1784 2315 1839 bona
2361 1787 2728 1865 consequitur,
2772 1797 2825 1842 et
2866 1788 3017 1855 juxta
3066 1789 3293 1845 catholi-

112 1888 179 1926 cas
198 1871 439 1940 Epistolas
481 1871 675 1926 divina:
717 1871 830 1944 (40)
860 1882 946 1928 est
988 1887 1211 1928 consors
1252 1880 1476 1926 naturae.
1518 1870 1617 1937 Qui
1656 1872 1799 1924 enim
1862 1871 2285 1941 incorruptibile,
2354 1881 2407 1927 et
2450 1883 2708 1929 aeternum
2752 1875 3016 1945 baptisma
3066 1879 3291 1946 partici-

112 1964 237 2033 pavit,
262 1963 382 2019 senii
410 1978 607 2033 expers
649 1965 825 2034 quoad
877 1964 1133 2029 animam,
1164 1973 1220 2019 et
1263 1964 1531 2034 Spiritum,
1567 1962 1621 2016 in
1657 1963 1936 2033 juventute
1973 1975 2154 2018 manet
2180 1979 2243 2019 ac
2284 1964 2337 2019 in
2371 1964 2592 2019 infantia
2654 1966 2789 2035 (41),
2832 1976 2887 2023 et
2940 1970 2988 2025 ei
3024 1971 3290 2026 assimila-

112 2067 189 2121 tur,
227 2057 476 2127 quisolus
527 2057 642 2129 (42)
696 2058 859 2113 habet
914 2056 1394 2121 immortalitatem,
1443 2065 1496 2111 et
1545 2055 1715 2110 lucem
1782 2054 1991 2110 habitat
2059 2055 2501 2111 inaccessibilem.
2552 2055 2685 2113 Nam
2750 2058 2961 2117 Veteris
3021 2077 3085 2118 ac
3148 2062 3281 2118 Novi

111 2148 381 2204 Testamenti
410 2150 706 2218 scriptores
734 2148 876 2204 sacri
922 2147 1033 2220 (43)
1068 2147 1326 2217 Spiritum
1362 2155 1612 2219 sanctum
1652 2145 1886 2203 caelestis
1949 2147 2108 2204 unius
2170 2149 2366 2205 divinae
2405 2158 2609 2205 naturae
2643 2165 2763 2206 esse
2792 2163 3006 2207 norunt.
3040 2154 3119 2209 En
3150 2170 3283 2211 vero

112 2243 201 2313 quid
222 2252 478 2297 testentur.
504 2242 770 2297 Nimirum
806 2262 820 2297 :

687 2335 845 2392 ΚΕΦ.
875 2334 950 2386 B'.

112 2423 209 2491 Urbi
238 2424 328 2478 τοῦ
368 2423 433 2477 τὸ
477 2425 653 2494 ἅγιον
695 2426 937 2495 Πνεῦμα
974 2422 1125 2481 εἶναι
1169 2427 1263 2480 τοῦ
1309 2424 1468 2482 Θεοῦ.
1506 2425 1617 2480 Καὶ

392 2497 523 2562 περὶ
555 2496 859 2564 αἰρετικῆς
886 2497 1262 2563 ἀντιθέσεως.

158 2586 338 2656 Πρῶτον
371 2587 491 2658 μὲν,
534 2589 622 2641 ὅτι
664 2590 890 2661 Πνεῦμά
918 2593 1063 2644 ἐστιν
1094 2590 1188 2643 τοῦ
1222 2588 1379 2653 Θεοῦ,
1421 2588 1519 2642 καὶ
1549 2589 1614 2642 ἐκ

109 2675 173 2728 ειῦ
196 2676 325 2740 Θεοῦ,
350 2680 393 2731 εί
425 2679 519 2731 καὶ
557 2679 634 2751 μὴ
679 2682 794 2751 μετ’
824 2682 1005 2748 αὐτὸν,
1045 2682 1139 2735 καὶ
1181 2682 1339 2752 μόνον
1376 2681 1514 2745 είδδς
1547 2680 1615 2734 τὰ

109 2765 172 2816 τοῦ
191 2764 319 2831 Θεοῦ,
339 2768 428 2820 καὶ
451 2769 545 2821 ἐπὶ
577 2768 786 2833 πάντας
819 2770 1111 2841 τυγχάνον·
1144 2770 1367 2838 λέγουσι
1397 2770 1575 2823 τοιάδε
1593 2786 1608 2801 ⁶

110 2856 285 2925 Multis-i3;
320 2858 412 2927 μὲν
442 2858 503 2909 ὲν
539 2862 611 2930 τῇ
642 2860 855 2913 Γενέσει
887 2863 952 2914 ἐκ
987 2860 1277 2932 προσώπου
1307 2862 1401 2915 τοῦ
1434 2861 1568 2915 Θεοῦ
1590 2876 1607 2891 ⁸

2379 2329 2529 2386 CAP.
2571 2328 2636 2388 ll.

1718 2420 1972 2491 Spiritum
2001 2428 2238 2474 sanctum
2281 2436 2404 2501 βεδε·
2422 2420 2537 2501 Dei.
2573 2418 2639 2472 Et
2678 2419 2743 2475 de
2782 2419 3144 2477 hwreticorum
3190 2425 3284 2479 ob-

2374 2500 2621 2559 jecttone.

1786 2580 2079 2635 Testantur
2109 2581 2305 2651 primo,
2354 2579 2613 2651 Spiritum
2657 2598 2777 2638 esse
2809 2584 2922 2649 Dei,
2965 2596 3019 2640 et
3050 2602 3114 2642 ex
3145 2586 3280 2656 Deo,

1713 2674 1813 2729 etsi
1848 2688 1951 2727 non
1990 2671 2062 2727 sit
2105 2683 2225 2741 post
2276 2673 2472 2741 ipsum,
2504 2682 2559 2729 et
2590 2688 2712 2728 eum
2757 2676 2929 2728 solum
2981 2678 3119 2731 scire
3159 2695 3281 2749 quae

1712 2771 1839 2817 sunt
1868 2762 1982 2828 Dei,
2018 2770 2071 2816 et
2101 2776 2261 2830 super
2285 2777 2472 2816 omnes
2496 2762 2792 2831 exsistere;
2825 2765 2938 2819 haec
2966 2767 3109 2820 enim
3136 2771 3276 2823 scri-

1711 2852 1864 2909 bunt.
1892 2852 2068 2908 Moses
2082 2852 2295 2921 quidem
2324 2855 2375 2906 in
2403 2852 2597 2909 Genesi
2627 2869 2690 2908 ex
2718 2869 2941 2923 persona
2968 2857 3058 2911 Dei
3086 2876 3141 2911 ει
3159 2859 3277 2916 Non

112 2943 198 2995 «05
226 2944 287 3015 μὴ
311 2946 614 3019 καταμείνῃ
648 2948 709 3000 τὸ
739 2947 965 3019 Πνεῦμά
997 2966 1099 3018 μου
1134 2952 1191 3001 ὲν
1240 2952 1351 3014 τοῖς
1398 2949 1606 3021 ἀνθρώ-

1769 2942 1873 3013 16
1902 2943 2237 3011 permanebit
2267 2942 2379 3014 (44)
2432 2942 2666 3012 Spiritus
2712 2960 2862 3000 meus
2889 2945 2942 2999 in
2974 2946 3277 3006 hominibus

109 3051 192 3097 ποις
215 3035 397 3099 τούτοις
443 3038 526 3101 είς
584 3039 675 3091 τὸν
728 3040 929 3104 αἰῶνα,
976 3040 1063 3093 διὰ
1113 3040 1176 3093 τὸ
1225 3038 1362 3094 εἶναι
1412 3043 1608 3104 αὐτοὺς

110 3126 302 3196 σάρκαςί
341 3129 594 3197 Ἀγγαῖος
615 3132 816 3202 ὁμοίως
835 3133 942 3185 ἀπὸ
966 3133 1152 3205 θεῖκῆς
1178 3133 1361 3204 φωνῆς
1378 3148 1391 3162 ⁸
1417 3152 1436 3184 t
1468 3131 1609 3200 Ἐγώ

108 3222 185 3287 εἰμι
218 3220 316 3289 μεθ’
353 3222 523 3292 ὑμῶν,
558 3224 656 3277 καὶ
685 3224 747 3277 τὸ
792 3225 1019 3296 Πνεῦμα
1069 3244 1169 3296 μου
1204 3225 1503 3295 ἐφέστηκεν
1551 3226 1609 3277 ὲν

110 3308 210 3377 μέσῳ
227 3310 406 3380 ὑμῶν’»
424 3312 705 3384 Ζαχαρίας
727 3314 926 3383 ὁμοίως
943 3332 956 3345 ·
983 3334 1001 3365 ι
1025 3315 1171 3385 Πλὴν
1193 3314 1458 3367 ἀκούσατε
1481 3314 1609 3377 τοὺς

107 3399 240 3467 λόγους
268 3421 374 3472 μου,
403 3406 497 3458 καὶ
537 3406 612 3458 τά
641 3407 847 3477 νόμιμά
879 3425 978 3478 μου
1025 3407 1265 3479 δέχεσθε,
1297 3408 1333 3462 ἃ
1378 3406 1489 3475 ἐγὼ
1519 3408 1605 3460 ὲν-

105 3491 293 3562 τέλλομαι
338 3497 391 3549 ὲν
424 3497 711 3567 Πνεύματί
769 3516 870 3570 μου
924 3503 1038 3563 τοῖς
1088 3499 1296 3562 δούλοις
1349 3517 1451 3569 μου
1489 3501 1602 3562 τοῖς

107 3584 399 3653 προφήταιςί
449 3588 681 3652 Ἡσαΐας
737 3589 843 3643 ἀπὸ
891 3589 987 3643 τοῦ
1053 3590 1269 3661 Πατρὸς
1332 3590 1468 3660 πρὸς
1511 3588 1601 3641 τὸν

107 3671 213 3726 Υἱόνο
242 3678 346 3731 (Τὸ
386 3680 615 3752 Πνεῦμα
642 3683 703 3736 τὸ
735 3684 886 3754 ὲμὺν,
913 3684 941 3737 ὅ
980 3683 1073 3755 [ὅῖ
1094 3683 1150 3755 a]
1181 3683 1326 3736 ἐστιν
1370 3683 1461 3736 ἐπὶ
1492 3683 1598 3746 σοὶ,

106 3767 166 3817 καὶ
188 3768 240 3821 τὰ
263 3772 485 3842 ῥήματα,
510 3774 548 3829 ἃ
583 3775 789 3829 δέδωκα
834 3778 914 3840 είς
958 3776 1018 3830 τὸ
1061 3775 1234 3845 στόμα
1268 3791 1384 3835 σου,
1412 3773 1471 3826 οὐ
1524 3770 1598 3843 μὴ

107 3854 268 3933 ἐκλείπῃ
292 3864 350 3916 ὲκ
386 3865 479 3918 τοῦ
528 3867 803 3937 στόματός
842 3885 956 3932 σου,
987 3868 1080 3921 καὶ
1108 3868 1171 3919 ὲκ
1205 3864 1299 3919 τοῦ
1332 3864 1598 3935 στόματος

108 3944 167 3999 τοῦ
202 3954 477 4021 σπέοιιατός
518 3976 645 4011 σου·
675 3979 694 4012 ι
748 3960 972 4030 σπέρμα
1012 3958 1187 4027 λέγων
1237 3956 1423 4022 αὐτοῦ’
1470 3955 1596 4019 τοὺς

153 4084 234 4159 (Ξῖ)
263 4087 457 4147 Unctio.
495 4092 742 4159 Respicit
777 4102 1177 4148 sacramentum
1227 4088 1593 4146 conﬁrmatio-

108 4156 306 4231 nis._l.ege
332 4177 495 4229 segni.
540 4156 641 4217 196
672 4174 727 4218 et
760 4178 908 4231 seqq-

153 4227 231 4296 (38)
262 4227 552 4286 Abscémio.
588 4227 908 4288 Locutiones
950 4230 1164 4287 Biblica:
1192 4245 1259 4285 ex
1289 4229 1379 4286 illo
1402 4229 1590 4299 psalmi

108 4309 203 4371 vers.
229 4299 494 4369 desumpta:
524 4322 539 4358 :
576 4321 597 4355 ι
631 4302 779 4358 Beati
808 4317 1034 4371 quorum
1066 4302 1305 4356 remissa:
1334 4310 1459 4356 sunt
1489 4300 1593 4354 ini-

110 4367 295 4441 ‘luiﬂles:
324 4380 373 4423 et
394 4367 632 4439 quorum
684 4367 839 4428 tecta'
871 4382 998 4427 sunt
1035 4379 1275 4441 peccata.
1314 4390 1333 4423 ι

154 4436 233 4509 (59)
262 4436 585 4509 Conjunctio.
611 4443 666 4497 In
696 4442 904 4507 Graeco,
930 4436 1221 4504 οἰκείωσις,
1248 4440 1300 4494 id
1324 4448 1428 4504 est,
1459 4458 1477 4491 ι
1510 4440 1591 4494 fa-

112 4506 383 4582 miliaritas.)
416 4521 508 4565 aut
538 4531 559 4564 ι
599 4514 986 4582 propinquitas.
1042 4531 1061 4563 ι
1107 4513 1283 4582 Atque
1325 4512 1464 4565 hanc
1494 4526 1591 4565 vo-

111 4577 429 4647 cem_Didymus
461 4577 653 4637 eodem
698 4577 860 4637 modo
908 4581 1154 4636 adhibuit
1200 4577 1252 4635 in
1294 4588 1588 4635 comment.

112 4640 394 4718 {[Pmlam.
456 4652 618 4706 Aﬂini
660 4653 820 4707 etiam
876 4651 1147 4706 locutione
1204 4652 1373 4704 utitur
1418 4665 1587 4718 segni.

115 4710 175 4785 l_l9
192 4732 233 4785 ρ,
256 4728 300 4769 et
324 4720 391 4772 2?.
419 4738 474 4785 a,
507 4723 600 4778 ubi
624 4723 740 4778 ait:

112 4780 324 4852 Πνξύματι.
369 4791 432 4843 Et
460 4780 553 4844 'ad
598 4807 741 4847 vers.

114 4859 315 4932 :Jlffllatin
350 4859 539 4932 lolium
575 4876 603 4915 a
652 4862 836 4918 Niceta
881 4859 1246 4932 concinnatae)
1274 4859 1437 4924 ana:
1477 4860 1586 4932 γὰρ

113 4917 187 5004 Θξεξι
200 4930 520 5004 προσομιλῶν,
550 4934 722 5004 μικρὰ
746 4932 1017 5004 φροντίζει
1048 4931 1156 4984 τῶν
1181 4917 1352 4997 κᾶτω,
1384 4917 1434 4985 id
1478 4917 1582 5004 ὁδί,

117 5005 127 5033 ι
160 4976 1110 5071 ΝξιῖιιιυῖᾼοοοὐῖῖίιιΓι-’.ἷξῖιιὶίίιιῖίιεη
1154 4976 1363 5071 terrena
1402 4976 1583 5068 parvi:

115 5062 248 5139 radit.
280 5062 587 5139 igiimirom
630 5074 799 5127 sancti
860 5073 994 5125 ﬁunt
1039 5062 1130 5139 (ut
1164 5072 1240 5123 ait
1276 5062 1473 5124 Paulus
1524 5071 1577 5124 in

114 5124 503 5261 ungi.cgaD§phes.
531 5156 590 5207 ιι,
612 5124 721 5212 ιο)
737 5124 929 5198 Hiram
955 5124 1221 5205 τοῦΘεοῦ,
1250 5141 1300 5195 id
1321 5150 1422 5205 est,
1448 5159 1467 5192 ς
1486 5142 1581 5196 do-

178 5222 179 5225 ‘
239 5220 249 5253 l
344 5224 375 5260 Ι.
414 5230 432 5261 ι

114 5210 249 5253 IBCSIICi
280 5210 375 5261 Dei.
414 5230 432 5262 ι

771 4724 819 4776 Π
858 4721 1285 4793 οσομιλήσαντες
1310 4719 1387 4792 τῷ
1421 4720 1589 4791 θεῖκῷ

783 4740 854 4845 Γς
912 4807 1033 4845 can.
1075 4809 1091 4845 1
1140 4791 1257 4845 Johi
1295 4792 1459 4845 (.naiz.
1516 4792 1587 4845 44

783 4791 846 4846 17
912 4791 1033 4860 cap.
1074 4791 1091 4847 i
1140 4791 1257 4863 Johi
1295 4791 1459 4863 (προς.
1516 4792 1587 4863 44

1710 3033 1794 3088 his
1830 3034 1880 3086 in
1912 3032 2185 3099 saeculum,
2236 3033 2363 3101 quia
2401 3033 2499 3103 ipsi
2540 3045 2667 3088 sunt
2713 3051 2927 3091 carnes.
2981 3056 3001 3090 ι
3049 3037 3278 3109 Aggaaus

1710 3125 1913 3193 pariter
1943 3138 2006 3179 ex
2036 3139 2264 3193 persona
2297 3124 2389 3180 Dei
2420 3143 2435 3180 :
2474 3144 2495 3178 ‹
2540 3126 2651 3196 Ego
2682 3126 2794 3197 (45)
2830 3143 2947 3183 sum
2976 3130 3277 3198 vobiscum,

1710 3223 1765 3269 et
1812 3212 2046 3282 Spiritus
2073 3227 2224 3269 meus
2253 3214 2404 3269 stetit
2436 3213 2488 3268 in
2523 3216 2705 3270 medio
2734 3225 2989 3272 vestrum.
3022 3237 3041 3271 ι
3073 3218 3276 3276 Zacha-

1711 3308 1821 3363 rias
1854 3308 2140 3363 similiter:
2174 3326 2194 3359 ς
2225 3308 2610 3364 Verumtamen
2648 3310 2758 3382 (46)
2785 3312 2969 3367 audite
2993 3329 3274 3370 sermones

1710 3415 1881 3466 meos,
1913 3410 1966 3455 et
1994 3399 2234 3468 legitima
2282 3414 2401 3454 mea
2448 3401 2729 3468 suscipite,
2764 3417 2884 3471 quae
2935 3418 3035 3473 ego
3078 3407 3274 3461 mando

1709 3491 1761 3544 in
1795 3489 1999 3557 Spiritu
2031 3504 2150 3544 meo
2183 3490 2358 3545 servis
2407 3491 2541 3545 meis
2584 3492 2876 3561 prophetis.
2913 3512 2932 3545 ι
2983 3492 3154 3549 Isaias
3205 3512 3272 3552 ex

1706 3596 1933 3651 persona
1962 3580 2141 3636 Patris
2187 3580 2381 3635 Filium
2434 3580 2798 3652 alloquentjs:
2830 3601 2853 3633 ι
2886 3582 3121 3651 Spiritus
3155 3586 3272 3657 (47)

1705 3687 1877 3739 meus,
1911 3676 1999 3741 qui
2033 3682 2115 3728 est
2146 3674 2197 3727 in
2228 3680 2296 3735 te,
2337 3683 2392 3727 et
2420 3675 2605 3738 verba,
2640 3689 2760 3743 qua:
2790 3676 2909 3730 dedi
2951 3677 3002 3730 in
3033 3693 3127 3732 ore
3157 3688 3269 3745 tuo,

1704 3779 1811 3818 non
1846 3764 2091 3817 deficient
2123 3778 2192 3818 ex
2235 3778 2330 3818 ore
2374 3774 2487 3829 tun,
2527 3776 2582 3820 et
2628 3780 2693 3819 ex
2732 3781 2827 3821 ore
2870 3770 3091 3823 seminis
3123 3771 3217 3825 tui.
3242 3789 3265 3824 ι

1704 3854 1897 3910 Semen
1930 3854 2046 3924 ejus
2078 3853 2305 3924 appellat
2336 3854 2540 3919 ﬁdeles,
2575 3869 2709 3924 quos
2738 3859 2898 3929 etiam
2930 3859 2994 3911 ad
3024 3860 3267 3929 adoptio-

1703 3963 1826 4003 nem
1872 3948 2125 4015 vocavit;
2156 3954 2212 4001 et
2255 3962 2445 4002 rursus
2476 3962 2543 4001 ex
2580 3926 2811 4018 persona
2842 3948 2961 4003 Filii
2992 3967 3005 4003 :
3047 3968 3066 4003 ι
3091 3950 3268 4022 Spiri-

1699 4097 1811 4136 mos
1845 4080 2093 4151 advers.
2128 4079 2151 4132 1
2188 4077 2381 4151 psalmi
2412 4089 2586 4151 xuii,
2613 4088 2667 4135 et
2696 4082 2762 4137 ad
2793 4096 2935 4137 vers.
2966 4079 3037 4135 24
3066 4080 3263 4151 psalmi

1697 4166 1849 4215 cxnl,
1887 4149 2085 4220 hiosem
2117 4160 2269 4203 vocat
2305 4148 2645 4220 ἱεροφάντην.

1770 4221 1880 4292 (44)
1912 4219 2031 4292 Non
2061 4218 2399 4292 permanebit.
2428 4219 2562 4292 Gen.
2584 4218 2662 4292 vi.
2686 4219 2740 4274 5.
2763 4218 3040 4292 ῌοηηιιιιω
3069 4221 3262 4292 editio-

1698 4290 1795 4346 nes
1823 4290 2080 4344 oinittunt
2106 4303 2286 4355 voces,
2323 4290 2405 4353 εὶς
2425 4290 2519 4358 ,τὸν
2543 4291 2735 4344 αίῶνα.
2767 4290 2873 4344 Sed
2906 4291 3260 4358 Compluten-

1623 4351 1671 4410 D
1698 4362 1774 4415 sis
1809 4375 1903 4414 eas
1942 4360 2125 4424 habet,
2154 4351 2281 4430 item
2310 4351 2665 4430 ut’Didymus
2704 4364 2804 4430 hoc
2848 4360 2902 4413 in
2936 4351 3084 4425 loco;
3129 4376 3254 4414 nam

1696 4431 1860 4494 alibi,
1899 4438 1958 4485 ut
2005 4429 2352 4500 enarratione
2387 4430 2442 4482 in
2474 4428 2698 4497 primam
2734 4428 2884 4483 Petri
2924 4430 2988 4483 ad
3027 4446 3146 4500 cap.
3190 4446 3256 4497 ιι,

1695 4500 1742 4555 is
1784 4516 1877 4555 eas
1924 4497 2308 4563 prmtermittit.

1765 4568 1877 4641 (45)
1919 4569 2054 4691 ἔξω.
2097 4572 2256 4639 Agg.‘
2285 4583 2346 4635 ιι,
2382 4567 2416 4622 5
2455 4577 2510 4624 et
2543 4568 2595 4623 6.
2636 4568 2902 4625 Nonnulla
2936 4570 3257 4626 omittuntur

1765 4654 1920 4691 .erme
1963 4656 2030 4691 Ia.

1692 4638 2030 4694 intermedia.

1763 4710 1871 4781 (46)
1919 4707 2305 4781 Verumtamen.
2321 4706 2513 4781 _Zach._
2536 4723 2574 4771 ι,
2597 4708 2659 4781 li.
2696 4707 2934 4781 Verbum
2962 4708 3250 4780 ἀκουσατε,

1691 4777 1869 4844 idest,
1920 4797 1938 4830 ι
1986 4780 2187 4843 audite,
2233 4796 2253 4828 ι
2300 4778 2452 4831 deest
2502 4777 2552 4831 in
2594 4777 2803 4832 Bibliis.
2846 4779 2910 4832 Et
2950 4796 3044 4847 pro
3093 4781 3150 4845 ἃ,
3198 4777 3248 4837 in

1687 4849 1887 4905 eisdem
1913 4848 2259 4918 legitur,6oat.
2286 4847 2342 4901 In
2365 4848 2500 4918 libro
2525 4847 2597 4900 De
2613 4848 2755 4914 Spir.
2781 4857 2959 4901 sancto
2981 4864 3132 4907 num.
3156 4854 3249 4916 29,

1688 4919 1847 4989 hujus
1871 4916 2119 4972 versiculi
2146 4927 2350 4986 partem
2381 4916 2544 4989 all'ert
2568 4918 2852 4989 Didymus,
2885 4920 2955 4971 ita
2984 4930 3161 4975 tanien
3191 4934 3252 4976 ut
3318 4956 3321 4957 ν

1683 4986 1931 5043 videatur
1955 4989 2149 5058 legisse
2179 5002 2305 5052 non,
2338 5005 2356 5038 ι
2390 4986 2603 5059 mando,
2638 5007 2656 5039 ι
2678 4986 2743 5040 ut
2769 4988 2880 5051 hic,
2905 4992 3016 5049 sed,
3049 5007 3067 5039 ι
3102 5007 3252 5044 man-
3318 5052 3321 5059 λ

1682 5059 1828 5121 davi,
1870 5077 1888 5110 ι
1928 5060 1973 5113 si
2009 5059 2150 5111 edita
2200 5057 2525 5125 exemplaria
2573 5069 2878 5125 spectemus
2929 5076 2941 5111 :
2989 5060 3067 5113 sic
3101 5065 3245 5115 enim

1682 5128 1884 5183 habent
1916 5148 1928 5182 :
1969 5147 1987 5179 ι
2025 5128 2366 5196 Quaecunque
2400 5127 2649 5182 mandavi
2691 5129 2740 5181 in
2777 5128 2978 5195 Spiritu
3028 5145 3168 5195 meo,
3221 5151 3240 5184 ι

1681 5206 1787 5252 etc.
1817 5199 1886 5251 At
1914 5199 2079 5253 codex
2116 5205 2297 5250 noster
2334 5212 2436 5249 ms.
2470 5196 2539 5249 ibi
2572 5197 2651 5251 sic
2681 5197 2839 5252 habet
2869 5216 2883 5251 :
2920 5216 2939 5245 ι
2977 5200 3244 5264 Quaecun-

1678 5284 1783 5337 que
1811 5283 1910 5338 ego
1952 5269 2146 5338 mando
2181 5268 2231 5319 in
2267 5265 2468 5338 Spiritu
2511 5283 2651 5331 meo,
2702 5290 2719 5319 ι
2778 5278 2832 5323 et
2866 5268 3089 5338 reliqua.
3135 5270 3245 5324 Nu-

1678 5336 1829 5392 mero
1852 5336 2038 5391 tamen
2060 5337 2148 5401 50,
2180 5352 2370 5391 rursus
2394 5336 2588 5390 citatur
2611 5339 2697 5392 hic
2724 5338 2872 5394 locus
2899 5336 3015 5394 ita:
3038 5359 3055 5391 ι
3087 5340 3240 5395 Man-

1676 5409 1814 5462 dabo
1846 5407 2128 5477 inquii-itu
2163 5421 2303 5473 meo,
2340 5427 2358 5459 ι
2395 5416 2447 5460 et
2474 5418 2691 5463 caetera.

1746 5477 1857 5548 (47)
1879 5476 2145 5550 Spiritus.
2184 5477 2285 5550 isa.
2316 5494 2429 5544 LIX,
2464 5477 2552 5532 '21.
2577 5478 2845 5550 Complut.
2880 5482 3013 5538 edit.
3045 5480 3236 5547 habet,

1676 5546 1897 5619 ῥήματά
1936 5564 2061 5618 μου,
2108 5547 2143 5601 ἃ
2182 5546 2375 5601 ἔδωκα.

156 5269 232 5349 (Ψ)
266 5274 465 5349 Divinis.
497 5280 541 5334 11
576 5280 718 5335 Petr.
751 5295 790 5349 ι,
821 5300 874 5336 4.

115 5341 514 5474 pillilgolnfantia.
566 5341 788 5417 Codex;
830 5353 1106 5425 ἡπιότητι.
1157 5352 1286 5407 Vide
1336 5358 1448 5405 nol.
1482 5350 1573 5416 16,

158 5453 418 5557 (giganta.
450 5489 468 5542 Ι
497 5490 636 5546 Tim.
671 5509 747 5557 Vt,
783 5492 868 5547 16.

160 5547 529 5633 (Κρηδστιριοςςδ
560 5547 805 5617 δοεγὶ.’1ιι
838 5562 1045 5627 Grteco,
1077 5562 1405 5633 ἱερομάνται.
1430 5565 1571 5633 Vide

115 5624 187 5670 θοις
209 5619 277 5688 ἳθ,
304 5619 409 5696 pag.
444 5629 532 5686 57.
569 5633 741 5689 Simili
774 5633 930 5690 modo
955 5634 1006 5689 in
1030 5619 1568 5689 'coniu'ientJnPsal-
