3766 6302
418 183 528 241 455

1648 175 1885 234 ΠΙΠῩΜΙ
1924 174 2395 235 ALEXANDRINI

3549 185 3651 237 ιειο

422 305 508 350 tus
542 292 655 364 (48)
695 291 904 348 Domini
954 305 1119 360 super
1164 304 1270 347 me.
1327 310 1347 343 ι
1394 290 1613 362 lmpleta
1651 303 1832 348 autem
1878 294 1957 347 hae

2093 292 2338 358 πιστοὺς,
2362 291 2457 355 οὒς
2492 292 2587 347 καὶ
2616 294 2695 358 είς
2722 293 2997 348 υἱοθεσίαν
3030 294 3310 349 ἐκάλεσεν.
3336 297 3459 350 Καὶ
3493 298 3655 353 πάλιν

418 402 541 442 esse
613 388 666 439 in
720 386 1112 449 lncarnatione,
1176 385 1458 439 Matthzrus
1519 386 1601 440 his
1655 386 1836 440 verbis
1863 384 1981 439 ait:

423 494 446 530 ι
482 476 549 531 Ut
580 476 693 548 (49)
721 476 1107 545 adimpleretur
1136 478 1276 543 quod
1304 476 1504 529 dictum
1545 484 1627 530 est
1658 491 1754 546 per
1792 475 1984 532 isaiam

420 568 735 634 prophetam
771 567 1037 621 dicentem
1067 583 1081 620 :
1127 568 1262 622 Ecce
1294 567 1404 636 (50)
1451 582 1582 636 puer
1620 581 1793 631 meus,
1823 582 1982 636 quem

418 656 576 724 elegi,
615 656 840 711 dilectus
872 672 1042 722 meus,
1087 657 1139 710 in
1184 671 1289 727 quo
1322 659 1459 710 bene
1506 658 1832 725 complacuit
1866 657 1985 713 ani-

419 763 519 801 ma:
545 763 696 801 meae.
732 747 931 800 Ponam
964 748 1224 816 Spiritum
1261 761 1435 800 meum
1471 763 1634 817 super
1661 763 1819 812 eum;
1860 766 1878 799 ι
1928 759 1984 803 et

417 852 607 891 rursus
631 852 696 889 ex
740 852 969 906 persona
1000 837 1218 892 Patris:
1260 855 1280 888 ι
1328 836 1563 907 Spiritus
1594 839 1706 909 (51)
1744 841 1887 893 enim
1914 856 1981 895 ex

422 942 510 980 me
550 925 737 979 exibit.
769 944 788 977 ι
834 927 900 981 Et
943 928 996 980 in
1036 927 1319 983 Ezechiele
1354 928 1649 984 altissimus
1683 929 1844 985 Pater
1880 947 1978 985 no-

416 1027 590 1072 strum
644 1018 858 1087 quidem
912 1020 1199 1088 spiritum,
1254 1030 1415 1076 vocat
1464 1024 1632 1076 nostri
1690 1022 1976 1092 spiritum,

418 1110 676 1179 Spiritum
704 1125 833 1165 vero
866 1121 1133 1178 sanctum,
1167 1112 1249 1167 sui
1287 1113 1459 1183 ipsius
1488 1114 1759 1183 proprium
1800 1124 1977 1179 vocat,

415 1208 600 1266 utpote
636 1199 728 1267 qui
763 1216 829 1254 ex
862 1201 977 1270 ipso
1019 1203 1285 1270 processit
1335 1204 1627 1259 secundum
1679 1214 1974 1259 naturam:

418 1306 441 1343 ι
486 1290 553 1344 Ει
594 1290 730 1345 dabo
763 1291 874 1362 (52)
910 1293 1061 1347 vobis
1090 1307 1185 1347 cor
1212 1309 1428 1359 novum,
1475 1304 1529 1349 et
1577 1295 1837 1364 Spiritum
1878 1312 1974 1350 no-

411 1395 539 1433 vum
573 1398 587 1434 :
628 1389 683 1435 et
707 1384 947 1437 auferam
976 1398 1071 1437 cor
1102 1384 1367 1452 lapideum
1400 1401 1465 1440 ex
1496 1401 1659 1440 carne
1684 1398 1884 1450 vestra,
1924 1397 1978 1442 et

410 1472 549 1525 dabo
572 1472 720 1526 vobis
748 1488 843 1526 cor
891 1488 1146 1528 carneum
1177 1491 1193 1529 :
1228 1487 1282 1529 et
1328 1475 1586 1544 Spiritum
1628 1494 1802 1532 meum
1840 1479 1976 1533 dabo

410 1562 465 1617 in
490 1564 672 1629 vobis;
705 1582 726 1616 ι
766 1574 821 1621 et
859 1566 911 1620 in
943 1565 1133 1621 Joele:
1169 1585 1189 1618 ι
1221 1566 1502 1621 Eil'nndam
1538 1569 1649 1640 (55)
1678 1570 1742 1623 de
1772 1568 1974 1638 Spiritu

2087 382 2195 436 ἀπὸ
2237 383 2330 436 τοῦ
2374 382 2503 436 Υίοῦ
2528 400 2541 413 ·
2586 384 2853 456 «Πνεῦμα
2884 385 3087 456 Κυρίου
3132 387 3219 439 ἐπ’
3264 387 3418 456 ἐμέ.»
3460 388 3655 441 Ἐκπε-

2085 472 2348 544 περάνθαι
2376 474 2433 526 δὲ
2455 472 2628 528 ταῦτα
2653 476 2710 529 ἐν
2740 478 2806 545 τῇ
2836 476 3139 546 οἰκονομίᾳ,
3168 476 3444 538 Ματθαίος
3481 476 3654 541 οὕτως

2084 561 2262 618 εἶπενο
2298 581 2317 615 ι
2347 564 2534 627 Ὅπως
2578 562 2839 636 πληρωθῇ
2882 564 2944 617 τὸ
2981 566 3144 635 ῥηθὲν
3175 565 3264 617 διὰ
3296 565 3518 618 Ἡσαΐου
3559 566 3653 621 τοῦ

2084 655 2385 724 προφήτου,
2429 653 2677 722 λέγοντος
2698 671 2712 684 ·
2749 653 2879 707 Ἰδοὺ
2912 656 2941 707 ὁ
2973 658 3098 717 παῖς
3142 672 3264 724 μου,
3294 655 3354 707 δν
3401 656 3650 726 ᾑρέτισα,

2080 747 2109 799 ὁ
2155 745 2435 815 ἀγαπητός
2484 762 2620 815 μου,
2667 747 2748 809 είς
2787 745 2846 798 δν
2896 746 3185 816 εὐδόκησεν
3234 747 3266 815 ἡ
3315 746 3462 816 ψυχή
3516 764 3648 816 μου·

2082 836 2231 908 θήσω
2258 837 2319 889 τὸ
2363 835 2588 906 Πνεῦμά
2633 853 2732 906 μου
2780 836 2866 889 ἐπ’
2916 837 3110 891 αὐτόν’
3142 856 3162 890 ι
3201 838 3291 891 καὶ
3349 838 3513 891 πάλιν
3546 838 3652 891 ἀπὸ

2078 928 2174 982 τοῦ
2213 929 2460 1000 Πατρός·
2494 948 2512 980 ι
2540 930 2766 1001 Πνεῦμα
2809 929 2918 1001 γὰρ
2951 929 3008 996 ἐξ
3053 928 3188 999 ἐμοῦ
3240 928 3602 993 ἐξελεύσεται.
3626 950 3644 981 ι

2079 1018 2189 1072 Καὶ
2227 1021 2285 1072 ἐν
2316 1019 2393 1089 τῷ
2428 1017 2686 1091 ’Ῑεζεκιὴλ
2719 1021 2749 1073 ὁ
2779 1018 3001 1088 ὕψιστος
3043 1019 3254 1089 Πατὴρ,
3284 1020 3347 1071 τὸ
3384 1020 3488 1089 μὲν
3519 1021 3651 1089 ἡμέ-

2075 1127 2230 1180 τερον
2273 1109 2507 1180 πνεῦμα,
2538 1110 2695 1181 ἡμῶν
2731 1108 2947 1179 πνεῦμα
2971 1125 2985 1140 ο
3026 1109 3086 1162 τὸ
3120 1109 3176 1162 δὲ
3211 1109 3363 1177 ἆγιον
3394 1108 3642 1179 Πνεῦμα,

2079 1200 2208 1253 ἴδιον
2247 1200 2438 1254 ἑαυτοῦ
2487 1201 2821 1273 ἐξονομάζει,
2866 1203 2962 1256 ἆτε
2992 1200 3052 1266 ἐξ
3098 1201 3261 1254 αὑτοῦ
3317 1202 3650 1272 ἐκπορευθὲν

2078 1292 2217 1345 κατὰ
2249 1292 2437 1361 φύσιν·
2480 1311 2499 1343 ι
2526 1293 2637 1347 Καὶ
2670 1292 2825 1347 δώσω
2853 1294 2981 1363 ὑμῖν
3012 1292 3239 1369 καρδίαν
3287 1296 3506 1362 καινὴν,
3554 1298 3645 1347 καὶ

2076 1383 2290 1452 πνεῦμα
2317 1383 2499 1437 καινόν
2518 1400 2530 1413 ·
2568 1384 2662 1437 καὶ
2689 1383 2872 1453 ἀφελῶ
2904 1383 3001 1456 τὴν
3050 1384 3274 1455 καρδίαν
3309 1385 3409 1454 τὴν
3443 1385 3646 1456 λιθινὴν

2076 1475 2141 1527 ἐκ
2166 1474 2266 1544 τῆς
2306 1475 2507 1548 σαρκὸς
2551 1475 2727 1545 ὑμῶν,
2764 1476 2857 1529 καὶ
2895 1476 3050 1529 δώσω
3080 1477 3206 1547 ὑμῖν
3236 1477 3465 1547 καρδίαν
3512 1495 3644 1548 σαρ-

2077 1565 2253 1636 κίνην,
2292 1566 2479 1618 καὶτὸ
2524 1565 2747 1636 Πνεῦμά
2785 1584 2887 1636 μου
2931 1566 3085 1619 δώσω
3115 1569 3173 1619 ἐν
3207 1567 3333 1637 ὗμῖν
3356 1584 3367 1596 ·
3395 1587 3414 1618 ι
3454 1567 3551 1619 καὶ
3590 1568 3644 1617 ἐν

408 1668 531 1707 meo
570 1668 731 1721 super
774 1669 987 1708 omnem
1018 1671 1260 1711 carnem.
1296 1675 1314 1708 ι
1362 1656 1484 1711 Haec
1513 1674 1727 1727 quoque
1756 1659 1957 1728 impleta

2079 1656 2149 1727 τῷ
2189 1657 2373 1727 Ἰωήλ·
2420 1677 2438 1709 ι
2478 1657 2682 1727 Ἐκχεῶ
2730 1658 2837 1711 ἀπὸ
2889 1658 2982 1711 τοῦ
3037 1657 3352 1728 Πνεῦματὸς
3404 1676 3511 1727 μου
3559 1659 3647 1711 ἐπὶ

407 1759 530 1797 esse
566 1744 780 1812 scripsit
804 1744 1002 1800 Paulus
1032 1749 1099 1800 ad
1125 1746 1301 1801 Titum
1332 1766 1343 1801 :
1384 1766 1403 1799 ι
1446 1747 1671 1814 Quando
1716 1749 1830 1818 (56)
1874 1766 1970 1821 apo

408 1834 589 1903 paruit
617 1837 787 1903 gratia
812 1836 1069 1893 salutaris
1099 1846 1301 1901 nostra,
1334 1854 1439 1893 non
1474 1854 1541 1894 ex
1570 1841 1823 1909 operibus
1853 1856 1972 1913 qua:

407 1927 637 1980 iecimus
669 1942 788 1989 nos,
823 1928 914 1982 sed
958 1929 1253 1983 secundum
1292 1928 1514 1984 multam
1556 1930 1724 2000 ipsius
1757 1931 1972 1986 miseri-

402 2016 645 2069 cordiam
678 2019 1042 2085 regenerando
1089 2033 1186 2071 nos
1230 2032 1325 2086 per
1368 2017 1640 2072 lavacrum
1686 2033 1974 2089 regenera-

405 2106 570 2160 tionis
605 2115 658 2160 et
703 2109 1073 2162 renovationis
1108 2108 1343 2176 Spiritus
1370 2109 1569 2173 sancti,
1600 2124 1758 2179 quem
1785 2111 1974 2166 eﬂudit

402 2197 458 2250 in
492 2214 587 2250 nos
612 2197 821 2251 abunde
841 2214 935 2267 per
948 2197 1130 2263 Jcsnm
1149 2201 1447 2255 Christum.
1471 2219 1489 2252 ι
1510 2200 1859 2267 Quandonam
1885 2218 1973 2257 au-

406 2296 508 2338 tem
531 2304 548 2336 ι
569 2285 792 2339 eli‘ndit?
819 2306 837 2338 ι
861 2289 1074 2356 quando
1094 2288 1342 2344 Christus
1371 2289 1646 2344 insuiﬂans
1664 2292 1855 2346 dixitzr
1876 2295 1976 2348 Ac-

399 2375 563 2443 cipite
588 2374 849 2443 Spiritum
881 2387 1147 2431 sanctum.
1174 2397 1193 2429 ι
1221 2378 1391 2434 Recte
1414 2391 1595 2435 autem
1620 2384 1854 2449 positum
1890 2394 1975 2438 est

400 2467 549 2529 illud,
572 2484 589 2517 ι
629 2468 850 2523 effudit:
878 2488 896 2519 ι
929 2467 1116 2523 ell‘udit
1140 2470 1347 2525 scilicet
1366 2487 1486 2527 eum
1506 2473 1672 2527 veluti
1700 2489 1974 2544 aquamex

398 2557 514 2624 ipso
533 2560 1068 2614 consubstantialiter
1102 2546 1503 2631 procedentem,
1536 2573 1592 2618 et
1632 2574 1693 2619 ut
1735 2566 1971 2619 divinum

404 2657 753 2714 unguentum,
777 2648 934 2717 117
960 2650 1413 2717 quemadmodum
1446 2661 1744 2719 opportune
1766 2668 1794 2707 a
1817 2653 1973 2708 nobis

395 2738 450 2793 in
482 2740 612 2794 locis
651 2741 1096 2795 convenientibus
1130 2743 1461 2799 ostendetur.
1493 2742 1659 2799 Recte
1681 2744 1844 2798 etiam
1897 2744 1974 2798 di-

394 2839 541 2883 ctum
595 2838 717 2893 est,
779 2849 797 2881 ι
830 2830 1005 2899 Super
1064 2844 1277 2885 onmem
1342 2847 1599 2889 carnem:
1641 2850 1660 2885 ι
1711 2833 1977 2903 quadrant

393 2920 536 2973 enim
585 2918 889 2988 hujusmodi
938 2935 1101 2975 voces
1133 2922 1184 2975 in
1235 2931 1437 2976 sanctae
1469 2921 1751 2978 Trinitatis
1792 2939 1976 2978 essen-

2071 1750 2247 1802 πᾶσαν
2266 1748 2463 1818 σάρκα.
2491 1768 2510 1799 ι
2529 1749 2636 1801 Καὶ
2662 1748 2835 1804 ταῦτα
2861 1749 3169 1802 τετελέσθαι
3185 1749 3393 1811 Παῦλος
3410 1748 3643 1820 ἔγραψεν

2070 1840 2241 1909 Τίτῳο
2277 1859 2295 1890 ι
2326 1840 2454 1893 Ὅτε
2482 1839 2775 1911 ἐπεφάνηή
2809 1838 2964 1911 χάρις
2989 1841 3023 1910 ἡ
3052 1836 3310 1910 σωτήριος
3337 1839 3519 1911 ἡμῶν,
3549 1841 3645 1892 οὐκ

2070 1931 2129 1997 ἐξ
2155 1932 2332 2001 ἔργων
2351 1972 2367 1996 ,
2399 1924 2474 1985 ὧν
2504 1931 2835 2002 ἐποιήσαμεν
2868 1934 3047 2001 ἡμεῖς,
3076 1930 3211 1983 ἀλλὰ
3255 1931 3395 1983 κατὰ
3422 1931 3487 1983 τὸ
3514 1931 3641 1982 πολὺ

2071 2021 2239 2075 αὑτοῦ
2281 2021 2428 2085 ἔλεος
2469 2022 2838 2093 ἀναγεννήσας
2870 2023 3018 2093 ἡμᾶς
3050 2021 3139 2073 διὰ
3183 2020 3406 2091 λουτροῦ
3451 2021 3641 2088 παλιγ-

2071 2116 2343 2183 γενεσίας,
2395 2116 2489 2169 καὶ
2540 2115 2955 2179 ἀνακαινώσεως
3002 2116 3315 2187 Πνεῦματος
3371 2116 3549 2184 ἁγίου,
3584 2111 3640 2170 οὗ

2072 2208 2286 2276 ἐξέχεεν
2311 2208 2395 2275 ἐφ’
2411 2208 2560 2277 ἡμᾶς
2582 2207 2851 2271 πλουσίως
2874 2207 2962 2260 διὰ
2993 2206 3165 2275 Ἰησοῦ
3188 2206 3481 2277 Χριστοῦ.»
3509 2208 3639 2259 Πότε

2071 2298 2127 2351 δὲ
2145 2298 2383 2369 ἐξέχεεν;
2408 2299 2535 2352 Ὅτε
2557 2300 2585 2352 ὁ
2605 2298 2833 2370 Χριστὸς
2856 2298 3133 2369 ἐμφυσῶν,
3156 2298 3340 2365 ἔλεγεν
3355 2315 3367 2327 ”
3390 2316 3409 2349 ι
3440 2298 3639 2351 Λάϐετε

2072 2388 2294 2459 Πνεῦμα
2321 2388 2494 2458 ἅγιον.
2532 2409 2550 2442 ι
2572 2386 2644 2444 Εὖ
2672 2390 2728 2443 δὲ
2761 2392 2854 2444 κα)¹
2884 2390 2967 2452 τὸ,
2991 2390 3250 2458 ἐξέχεεν,
3289 2389 3383 2443 ac;
3416 2390 3557 2459 ὕδωρ
3586 2390 3642 2453 ἐξ

2072 2480 2234 2534 αὑτοῦ
2265 2481 2563 2550 ὁμοουσίως
2587 2480 2935 2553 ἐκπορευθέω,
2959 2482 3051 2534 καὶ
3076 2479 3244 2551 μῦρον
3265 2480 3445 2533 θεῖκὸν
3465 2524 3479 2542 ,
3501 2480 3638 2534 καθᾶ

2082 2571 2357 2641 εὐκαίρως
2402 2575 2458 2624 ἐν
2512 2575 2625 2635 τοῖς
2688 2573 3016 2643 ἀρμὸζουσιν
3071 2570 3258 2634 τόποις
3301 2572 3637 2643 δειχθήσεται

2074 2660 2211 2731 πρὸς
2246 2661 2433 2730 ήμῶνο
2468 2662 2562 2715 καὶ
2593 2663 2675 2726 τὸ,
2715 2680 2735 2715 r
2776 2664 2899 2717 Ἐπὶ
2931 2666 3111 2716 πᾶσαν
3143 2664 3339 2736 σάρκα.
3379 2682 3398 2715 ι
3440 2668 3505 2717 Ai
3534 2665 3638 2735 γὰρ

2075 2748 2247 2813 λέξεις
2285 2744 2466 2813 αὗται,
2503 2752 2598 2804 ἐπὶ
2622 2754 2721 2824 τῆς
2752 2755 2809 2807 ἐν
2836 2756 2996 2826 ὀμάδι
3030 2756 3298 2826 μεθεκτῑκ
3330 2756 3515 2819 οὐσίας
3540 2758 3637 2825 τῆς

2073 2842 2235 2909 ἁγίας
2293 2843 2521 2914 Τριὰδος
2569 2846 2928 2915 ἀρμόζουσιν,
2984 2847 3099 2901 ἀλλ’
3130 2849 3230 2901 οὐκ
3278 2850 3370 2902 ἐπὶ
3419 2850 3639 2919 κτιστῆς

2075 2933 2380 3003 ἀμεθέκτου
2450 2934 2674 3006 λογικῆς
2717 2937 2946 3006 φύσεως.
2995 2940 3069 2992 Οὐ
3117 2940 3225 3010 γάρ
3267 2958 3370 2993 που
3426 2941 3543 3012 [52
3570 2939 3634 3011 b]

396 3010 544 3075 tiam,
567 3024 688 3078 qua:
721 3011 957 3064 essentia
1005 3019 1113 3065 tota
1155 3009 1315 3064 simul
1349 3011 1462 3080 (55)
1506 3010 1957 3066 communicabilis

2079 3025 2304 3096 ἐγράφη.
2335 3024 2456 3078 οὔτε
2492 3027 2672 3096 λέγειν
2710 3029 2986 3094 πειθανὺν,
3034 3009 3240 3103 Ἐκχεῶ
3268 3034 3376 3087 ἀπὸ
3406 3009 3501 3087 τοῦ
3530 3009 3631 3103 ap;

392 3111 510 3165 est;
570 3110 625 3154 at
673 3112 868 3155 creatae
916 3101 1410 3156 incommunicahili
1459 3101 1710 3155 rationali
1762 3113 1981 3155 natura:

395 3206 499 3243 non
530 3191 855 3245 conveniunt
884 3208 898 3244 :
930 3205 1191 3260 nusquam
1221 3192 1368 3245 enim
1418 3192 1681 3259 scriptum
1727 3202 1832 3256 est,
1869 3208 1966 3245 ne-

393 3298 500 3351 que
554 3282 830 3349 probabile
874 3283 1016 3337 dictu
1067 3295 1185 3348 est,
1232 3301 1252 3334 ι
1286 3281 1570 3337 Eﬂ‘undam
1621 3283 1689 3337 de
1730 3274 1967 3338 archané-

394 3375 512 3442 gelo
542 3373 688 3443 (56);
722 3392 739 3425 ι
800 3375 961 3443 idque
1008 3389 1112 3429 non
1170 3375 1417 3429 absolute
1465 3372 1819 3437 enuntiatum,
1871 3375 1965 3429 sed

391 3480 514 3519 cum
553 3466 940 3529 additamenta,
990 3483 1009 3517 ι
1064 3480 1225 3535 super
1256 3480 1470 3520 omnem
1517 3479 1757 3525 carnem.
1791 3484 1810 3517 ι
1861 3465 1965 3519 Da-

392 3556 479 3609 vid
523 3571 735 3625 quoque
766 3558 987 3627 supplex
1034 3558 1235 3613 clamat
1265 3579 1278 3614 :
1317 3576 1337 3611 ι
1368 3559 1630 3627 Spiritum
1662 3559 1776 3629 (57)
1815 3569 1962 3613 tuum

390 3657 633 3701 sanctum
660 3663 725 3703 ne
754 3648 967 3704 auferas
991 3666 1021 3704 a
1049 3667 1132 3705 me
1155 3667 1169 3717 ;
1195 3671 1213 3704 ι
1241 3662 1291 3705 et
1316 3667 1534 3706 rursus:
1562 3668 1583 3702 ι
1605 3650 1963 3723 Spiritus(58)

392 3747 516 3793 tuus
559 3740 730 3795 bonus
770 3740 998 3797 deducet
1047 3757 1131 3798 me
1183 3744 1234 3797 in
1290 3754 1433 3797 terra
1483 3754 1669 3809 recta;
1702 3763 1721 3796 ι
1766 3753 1819 3798 et
1839 3743 1968 3797 Mat-

393 3830 562 3887 thaeus
598 3848 667 3887 ex
719 3848 945 3903 persona
993 3832 1146 3889 Filii:
1182 3853 1201 3886 ι
1230 3834 1342 3889 Non
1383 3836 1525 3890 enim
1557 3836 1673 3907 (59)
1700 3851 1795 3892 vos
1830 3837 1964 3892 estis

464 4011 576 4084 (48)
614 4010 871 4084 Spiritus.
912 4014 1014 4068 lsa.
1047 4030 1158 4072 ωιι,
1188 4029 1226 4068 ι.
1256 4014 1387 4069 Vide
1413 4016 1575 4070 etiam
1610 4015 1744 4072 Luc.
1771 4032 1846 4084 tv,
1869 4017 1958 4075 18.

458 4079 571 4148 (49)
610 4079 676 4134 Ut
742 4082 930 4138 Matth.
976 4100 1071 4150 xu,
1124 4084 1209 4146 Π,
1244 4085 1330 4137 l8.

459 4152 572 4223 (50)
615 4152 765 4223 (fere.
812 4152 935 4207 Haec
979 4154 1111 4206 c‘itat
1155 4154 1434 4207 Matthzeus
1479 4169 1547 4208 ex
1596 4155 1700 4211 lsa.
1748 4171 1881 4215 uti.
1915 4172 1958 4220 ι,

388 4220 489 4276 etsi
521 4223 571 4275 in
608 4220 807 4276 Grmcis
839 4223 1019 4277 Bibliis
1046 4238 1185 4275 nunc
1215 4224 1393 4290 aliqua
1425 4224 1496 4277 sit
1540 4223 1832 4279 lectioitnm
1864 4242 1956 4276 va-

2069 3116 2356 3184 χαγγέλου,
2383 3117 2475 3170 καὶ
2503 3117 2623 3170 οὑδέ
2647 3117 2819 3182 οὕτως
2837 3120 3270 3191 ἀπολελυμένως,
3292 3122 3427 3183 ἀλλ’,
3452 3143 3472 3174 ι
3518 3126 3637 3177 Ἐπὶ

2070 3206 2254 3258 πᾶσαν
2289 3206 2487 3276 σάκρα.
2526 3225 2545 3258 ι
2583 3207 2693 3260 Καὶ
2730 3208 2892 3262 Δαυῒδ
2940 3210 2996 3263 δὲ
3046 3211 3302 3266 ἱκετεύων
3337 3212 3435 3283 βοᾷ
3457 3230 3470 3243 ·
3511 3232 3529 3265 ι
3566 3215 3637 3266 Τὸ

2070 3294 2299 3365 Πνεῦμα
2331 3313 2423 3348 σου
2458 3296 2517 3349 τὸ
2548 3297 2702 3365 ἆγιον
2732 3297 2807 3369 μὴ
2840 3298 3133 3371 ἀντανέλῃς
3164 3302 3241 3353 ἀπ
3294 3302 3457 3372 εμοῦο
3491 3322 3509 3353 ι
3543 3304 3635 3357 καὶ

2069 3384 2232 3439 πάλιν
2258 3404 2271 3417 ·
2315 3405 2334 3437 ι
2384 3387 2459 3440 Τὸ
2504 3387 2728 3458 Πνεῦμά
2776 3406 2869 3443 σου
2925 3391 2986 3444 τὸ
3039 3392 3239 3459 ἀγαθὸν
3267 3394 3524 3463 οοηγήσει
3570 3410 3634 3462 με

2070 3478 2129 3529 ἐν
2143 3480 2211 3548 γῇ
2243 3478 2429 3551 εὐθείᾳ
2446 3495 2460 3508 υ
2501 3499 2519 3530 ι
2546 3482 2635 3533 καὶ
2657 3481 2933 3546 Ματθαῖος
2953 3483 3060 3536 ἀπὸ
3081 3483 3173 3538 τοῦ
3204 3483 3331 3537 Υἰοῦ
3352 3501 3367 3515 α
3392 3504 3410 3536 ι
3441 3488 3513 3538 Οὐ
3528 3486 3634 3555 γὰρ

2072 3568 2230 3638 ὑμεῖς
2260 3572 2379 3623 ἐστε
2408 3572 2459 3623 οἱ
2485 3571 2792 3639 λαλοῦντες,
2820 3573 2955 3628 ἀλλὰ
2977 3574 3039 3628 τὸ
3063 3575 3285 3646 Πνεῦμα
3309 3576 3404 3630 τοῦ
3427 3578 3633 3647 Πατρός

2074 3676 2172 3728 μου
2204 3659 2265 3713 τὺ
2296 3660 2487 3715 λαλοῦν
2518 3664 2574 3715 ἐν
2606 3664 2736 3731 ὑμῖν
2755 3679 2769 3692 ⁸
2812 3682 2830 3715 ι
2865 3665 2893 3717 ὃ
2921 3666 3089 3731 ἐστιν,
3118 3668 3230 3737 Οὐχ
3259 3668 3414 3737 ὑμεῖς
3442 3670 3491 3721 oi
3520 3685 3633 3722 κτι-

2073 3752 2209 3814 στοὶ,
2243 3751 2378 3806 ἀλλὰ
2409 3753 2470 3807 τὸ
2498 3753 2753 3809 ἄκτιστον
2784 3755 3009 3827 Πνεῦμα
3035 3758 3128 3811 τοῦ
3154 3758 3309 3813 Θεοῦ.
3343 3760 3547 3830 Γράφει
3573 3760 3630 3813 δὲ

2068 3840 2164 3894 καὶ
2188 3842 2419 3907 Παῦλος,
2446 3843 2581 3914 πρὸς
2610 3844 2709 3915 μὲν
2736 3847 3053 3917 Κορινθίους
3078 3850 3135 3901 ἐν
3158 3852 3224 3921 τῇ
3256 3850 3447 3923 πρώτῃ
3486 3851 3629 3904 Ἐπιο

2072 4021 2340 4097 ronensis.
2375 4023 2827 4097 «Ipsum‘quoque
2850 4046 2869 4078 ι
2906 4026 3179 4083 eflusionis
3223 4046 3243 4081 ι
3268 4044 3512 4095 nomen,»
3547 4032 3626 4084 in-

2066 4091 2200 4167 quit,
2236 4091 2559 4167 «increatam
2592 4091 2825 4165 Spiritus
2850 4099 3019 4150 sancti
3039 4100 3388 4156 substantiam
3418 4091 3624 4167 prohat.

2065 4157 2249 4228 Neque
2299 4163 2442 4216 enim
2488 4157 2783 4220 Deus'cum
2820 4168 3066 4231 angelum
3102 4169 3284 4230 mittit,
3333 4157 3432 4222 aut.
3472 4172 3626 4223 aliam

2066 4240 2388 4306 creaturam,
2420 4250 2438 4283 ι
2464 4234 2767 4299 Effundam,
2795 4253 2815 4286 ι
2854 4236 3005 4298 dicit,
3030 4236 3095 4289 de
3143 4237 3327 4306 angelo
3364 4252 3501 4302 meo,
3540 4250 3631 4293 aut

390 4290 751 4388 ri8}36.0VitI9
786 4292 878 4373 lib.
912 4293 988 4345 De
1230 4308 1417 4388 mnum.A
1440 4309 1497 4388 ιι.
1556 4293 1662 4349 Pro
1701 4295 1955 4365 ᾑρέτισα,
1989 4333 2033 4388 D
2066 4290 2393 4388 principatu,
2435 4313 2529 4356 aut
2576 4290 2789 4388 throno.
2824 4312 2918 4358 aut
2955 4290 3327 4388 dominatione
3349 4375 3361 4386 .
3391 4290 3627 4363 ιιὶίέόιῑέ

389 4362 562 4435 cades
588 4359 1005 4435 Passimteianus
1034 4361 1120 4413 hic
1159 4362 1353 4435 habet,
1378 4363 1638 4435 ᾑρέτισα.

458 4429 569 4503 (ζῇ)
612 4430 862 4503 Spiritus.
895 4430 1148 4503 l_sa.1.vu,
1172 4429 1258 4483 16.
1297 4429 1438 4503 Vide
1465 4444 1575 4503 not.
1616 4432 1706 4496 50,
1737 4449 1857 4503 pag.
1896 4434 1948 4487 7.

456 4498 570 4573 (52)
614 4498 689 4573 Et
710 4501 863 4573 d_a_bo.
902 4500 1095 4573 Egrch.
1122 4515 1308 4573 xxx“,
1332 4501 1401 4553 26
1431 4512 1486 4555 et
1514 4501 1621 4573 27.7
1656 4498 1778 4573 Pro,
1809 4498 1952 4557 ’λιθι-

386 4570 504 4693 Ἔν,
536 4570 649 4637 lego
678 4568 902 4639 λιθίνην.
935 4568 1115 4623 Grmca
1147 4572 1309 4623 editio
1344 4580 1462 4639 post
1503 4568 1719 4643 πνεῦμα
1742 4575 1951 4643 καινόν,

386 4654 417 4692 a
461 4640 560 4695 dit.
599 4637 754 4691 δώσω
789 4641 845 4692 ἐν
889 4640 1037 4695 ὑμῖν.
1084 4639 1133 4691 id
1174 4649 1273 4695 est.
1313 4659 1332 4690 ι
1390 4641 1527 4695 dabo
1556 4644 1607 4695 in
1654 4645 1823 4695 vobis.
1858 4664 1877 4695 ι

386 4645 560 4698 addit.
599 4645 754 4691 δώσω
789 4645 845 4692 ἐν
889 4645 1037 4709 ὑμῖν,
1084 4645 1133 4691 id
1174 4649 1273 4701 est,
1313 4659 1332 4690 ι
1390 4645 1527 4695 dabo
1556 4645 1607 4696 itt
1654 4645 1823 4699 vobis.
1858 4664 1877 4696 ι

400 4718 403 4721 ‘
463 4707 574 4776 (53)
618 4708 1081 4776 E/fmtdamJoel.
1121 4723 1179 4772 ll,
1213 4708 1303 4762 28.

463 4708 553 4774 (53
618 4708 923 4776 E/fundam.
947 4708 1081 4762 Joel.
1121 4723 1179 4772 ll,
1213 4708 1303 4762 28.

456 4708 574 4847 (Mi
613 4778 856 4842 Quando.
888 4777 993 4832 Tit.
1046 4794 1131 4841 ιιι,
1176 4778 1289 4832 4-6.
1330 4777 1554 4833 Sensum
1601 4781 1774 4847 potius
1818 4783 1949 4836 alle-

386 4861 496 4917 gat,
547 4862 707 4920 quam
762 4848 1121 4920 verbajpsa,
1182 4859 1403 4920 ntsunt
1462 4851 1520 4920 in_
1569 4848 1768 4920 Bibliis.
1819 4852 1952 4907 Vide

711 4934 763 4980 α,
804 4927 857 4969 et
899 4915 967 4970 69
994 4918 1044 4981 b,
1087 4924 1143 4970 et
1184 4918 1285 4971 HG
1324 4915 1381 4981 ἀ,
1412 4927 1464 4973 et
1510 4918 1602 4973 lib.
1641 4919 1716 4973 De
1765 4920 1859 4990 Sp.
1889 4922 1947 4976 S.

385 4987 738 5128 υιιίὲᾧιῖϊοια
781 5053 956 5128 simul.
990 5054 1041 5128 in
1085 5053 1300 5128 Graeco,
1326 5058 1383 5110 ἐν
1437 5056 1618 5128 ὁμάδι.
1650 5058 1804 5113 Vocis
1830 5075 1950 5128 par.

388 5138 471 5182 ro.
526 5123 683 5194 ὑμᾶς,
737 5123 938 5194 nullum
994 5126 1042 5176 in
1102 5127 1409 5194 vulgaribus
1462 5123 1671 5181 Lexicis
1731 5123 1953 5183 elicitur

384 5192 707 5255 exentplum.
733 5192 875 5244 Inter
904 5208 1062 5260 opera
1112 5192 1329 5257 Maneti,
1357 5214 1448 5250 seu
1478 5196 1767 5251 Manichzco
1799 5202 1953 5252 attri-

386 5258 514 5313 buta
564 5270 875 5312 numeratur
915 5262 1211 5316 ἐπιστολῶν
1254 5266 1409 5326 ὀμάς.
1456 5265 1777 5326 Theophilus
1827 5284 1952 5326 vero

386 5284 514 5313 uuln
564 5284 875 5312 muneratur
915 5284 1211 5316 επιστοΛων
1254 5284 1409 5336 ομας.
1468 5284 1777 5333 lucepnttus
1827 5284 1952 5326 vero

385 5337 695 5411 atitecessor
722 5329 815 5411 ιιι).
854 5346 887 5383 ιι
914 5330 1449 5411 I_nsiitutionum,_tit.
1488 5336 1540 5400 1,
1578 5339 1764 5393 scribit
1797 5357 1809 5392 :
1839 5338 1953 5408 Τῆς

381 5395 443 5452 δὲ
471 5398 686 5471 apag,
718 5399 835 5469 ἦτοι
864 5404 1228 5457 universitatis
1254 5406 1414 5471 εἰσίν,
1445 5395 1549 5460 διο.

461 5465 571 5534 (56)
606 5468 680 5520 De
701 5465 1031 5544 arcitangelo.
1075 5475 1371 5544 Siniillima,
1401 5465 1454 5529 et
1482 5476 1710 5530 maxime
1738 5476 1949 5544 gemina

386 5536 680 5613 dietaverat
714 5536 964 5613 Didymus
996 5544 1046 5595 in
1080 5543 1216 5598 libro
1251 5544 1327 5597 De
1360 5536 1565 5613 Spiritu
1599 5536 1777 5598 sancio
1826 5561 1946 5598 cum

385 5619 535 5661 Itum.
570 5605 623 5675 8,
659 5620 767 5663 tum
803 5605 1034 5667 maxime
1080 5628 1223 5668 num.
1264 5617 1348 5679 11,
1378 5605 1496 5686 pag.
1533 5617 1653 5681 H9,
1678 5616 1805 5671 edit.
1843 5613 1947 5669 Ve-

2061 4366 2258 4436 quippe
2300 4370 2401 4434 his,
2446 4387 2564 4439 qua:
2605 4374 2674 4427 ab
2707 4374 2812 4428 alio
2854 4373 3263 4441 participantur,
3309 4375 3399 4429 hic
3452 4391 3627 4432 sermo

2058 4440 2343 4515 consentit.
2370 4458 2388 4491 ι
2439 4441 2657 4515 (ῖυιιίοιέ,
2711 4445 2754 4497 si
2797 4443 2992 4515 placet,
3037 4440 3193 4498 ambo
3235 4446 3350 4499 haec
3396 4446 3535 4511 loca,
3577 4458 3628 4502 et

2059 4505 2340 4574 Didymnm
2382 4525 2508 4583 vere
2550 4505 2852 4583 Didymum.
2890 4514 2941 4566 id
2970 4505 3050 4567 est
3093 4515 3385 4580 geminum,
3409 4532 3474 4570 ac
3512 4505 3627 4572 sese

2058 4588 2196 4641 pene
2233 4579 2629 4653 exscribentem
2653 4579 3069 4653 'hicagnosces.
3096 4579 3253 4649 Quod
3282 4585 3323 4637 si
3354 4599 3465 4637 rem
3492 4602 3625 4653 quo-

2058 4656 2163 4715 que
2198 4648 2402 4701 minimi
2429 4653 2683 4705 momenti
2720 4648 2979 4705 adnotare
3034 4648 3182 4715 licet,
3230 4648 3625 4709 animadvertas

2061 4713 2241 4793 velim,
2269 4719 2719 4793 quemadmodum
2762 4722 2848 4775 hic
2878 4722 2963 4793 ait,
2990 4713 3265 4793 Didymus,
3292 4720 3416 4775 οὔτε
3449 4724 3625 4793 λέγειν

2054 4782 2335 4857 πεΨα-νόν,
2371 4788 2442 4841 ita
2478 4789 2549 4841 ibi
2594 4800 2712 4856 post
2744 4782 3147 4856 vocaliulnni,'r
3173 4782 3572 4857 Dominatione,
3602 4814 3618 4844 ι

2056 4853 2397 4927 ιιι-Τοιοειιιιο
2425 4873 2519 4910 ms.
2548 4853 2755 4922 codice,
2784 4872 2836 4912 et
2861 4853 3138 4927 Vaticano,
3162 4871 3217 4915 et
3242 4872 3427 4916 nostro
3457 4853 3578 4918 addi
3606 4883 3621 4919 :

2059 4938 2077 4970 ι
2104 4920 2424 4985 Incredibili.
2449 4929 2574 4991 imo,
2613 4920 2784 4982 fallaci
2808 4931 3102 4984 istiusmodi
3124 4920 3297 4985 ὀίω.
3322 4950 3341 4981 ι

2126 4992 2728 5069 (57).δρὶιξὶιιιιιιηίδδιιι.
2772 5014 2822 5060 1.,
2875 5015 3017 5054 vers.
3066 5001 3133 5053 ιε
3175 5002 3297 5069 (δοιι
3338 5000 3450 5055 15).
3496 5001 3623 5059 Vide

2054 5057 2163 5133 lib.
2194 5057 2397 5133 Didymi
2437 5065 2513 5117 De
2547 5065 2746 5133 Spiritu
2779 5057 2980 5133 sancto,
3018 5057 3248 5126 num.‘2.
3284 5068 3355 5122 53
3379 5083 3430 5121 et
3466 5072 3556 5127 i9.

2132 5099 2146 5113 .
2194 5079 2286 5113 um
2330 5081 2397 5117 mt
2437 5079 2513 5117 ue
2547 5079 2746 5133 Spiritu
2779 5080 2980 5133 sancto,
3018 5085 3162 5124 num.
3194 5079 3248 5126 2.
3284 5079 3355 5122 55
3379 5083 3430 5121 et

2129 5132 2242 5205 (58)
2276 5079 2525 5205 Spiritus.
2568 5137 2900 5202 Psal.cx1.tl,
2933 5154 3072 5193 vers.
3107 5140 3173 5192 12
3199 5141 3311 5205 (seu
3340 5140 3452 5194 10).

2130 5201 2240 5274 (59)
2299 5202 2419 5256 Νοη
2452 5208 2608 5259 enim.
2663 5207 2852 5261 Matth.
2890 5201 2939 5261 Vx
2967 5248 2983 5272 ,
3030 5210 3118 5264 ΞΟ.
3163 5201 3330 5261 Βὶιιιίςι
3388 5210 3618 5274 habent.

2054 5272 2228 5340 ὑμῶν,
2283 5274 2339 5350 id_
2382 5284 2500 5350 ρει,Δ
2527 5279 2805 5350 _¢-vestri,i
2840 5293 2956 5345 pro,
2987 5296 3005 5329 ι
3034 5280 3155 5332 mei.
3182 5298 3201 5331 ι
3244 5280 3314 5329 At
3336 5346 3347 5350 _
3368 5272 3619 5350 Didymus

2053 5344 2433 5417 semiuiuam
2469 5344 2582 5417 _M8
2612 5347 2663 5411 b,
2719 5344 2879 5400 habet
2920 5364 3045 5417 μου,
3072 5364 3164 5402 seu
3204 5366 3223 5399 ι
3248 5346 3371 5400 mei.
3402 5364 3421 5397 ι
3464 5344 3533 5403 λι
3569 5353 3616 5403 in

2055 5409 2301 5488 lihr0_De
2334 5411 2537 5477 Spiritu
2581 5409 2785 5481 sancto,
2830 5409 2976 5488 num.
3009 5419 3094 5483 19,
3134 5420 3371 5488 legitur_:
3402 5433 3422 5466 ι
3450 5419 3619 5473 Patris

2054 5481 2254 5544 vestri;
2287 5499 2303 5529 ι
2339 5498 2642 5549 quanquam
2685 5488 2754 5539 ibi
2818 5487 2984 5540 codex
3038 5481 3218 5543 noster
3268 5484 3482 5542 calamo
3529 5503 3620 5543 ex-

2053 5550 2433 5674 agii’tiisis’habet
2461 5570 2473 5606 :
2506 5571 2523 5605 ι
2556 5553 2659 5611 Sed
2693 5556 2924 5626 Spiritus
2963 5557 3138 5615 Patris
3162 5554 3254 5629 qui
3303 5554 3544 5625 loquitur
3568 5560 3616 5613 in

2052 5633 2221 5674 YODIS.
2244 5635 2268 5672 ι
