3688 6308
97 302 169 358 ‘51
1029 281 1116 337 DE
1157 283 1536 338 TRIMTATE
1575 283 1780 337 LIBER
1824 284 2203 343 SECUNDUS.

3155 295 3260 354 £33

96 418 239 486 πσλῇο
268 431 284 464 t
326 410 384 462 ’Δ
416 404 681 475 ὀφθαλμὸς
710 402 809 457 οὐκ
839 401 998 468 εἶδεν,
1033 405 1130 457 καὶ
1158 402 1252 470 οῦς
1280 406 1379 458 οὐκ
1413 406 1570 475 ήκουο

1753 405 1767 458 i
1796 406 2095 476 loquimini,
2140 408 2233 461 sed
2282 407 2517 476 Spiritus
2549 408 2723 463 Patris
2758 411 2858 463 mei
2893 412 2981 480 qui
3025 412 3262 485 loquitur

96 507 255 575 σεν,καἰ
278 502 356 556 ἐπὶ
370 498 575 568 καρδίαν
604 495 892 567 ἀνθρώπου
923 495 1022 549 οὐκ
1052 497 1220 568 ἁνὲὄη
1241 514 1254 526 ·
1290 498 1324 551 ἃ
1351 499 1575 568 ἡτοίμα-

94 619 158 655 σεν
178 603 200 654 ὁ
223 596 330 659 Θεὸς
358 595 457 656 τοῖς
482 589 765 660 ἀγαπῶσιν
800 589 989 654 αὑτὸν,
1022 592 1157 660 ἡμῖν
1198 590 1255 642 δὲ
1298 590 1573 644 ἀπεκάλυσ

93 694 211 762 uno
246 689 355 750 Θεὸς
397 684 477 739 διὰ
509 683 598 738 τοῦ
648 682 968 753 Πνεῦματος
1004 682 1191 737 αὑτοῦ.
1233 683 1308 736 Τὸ
1347 684 1573 754 Πνεῦμα

95 786 222 839 πάντα
249 779 417 852 ἐρευνᾷ
448 775 629 829 καὶτὰ
665 774 802 845 βάθη
843 774 938 827 τοῦ
972 774 1130 829 Θεοῦ.
1165 776 1261 838 Τίς
1293 776 1402 847 γὰρ
1431 771 1572 829 οἶδεν

100 870 330 942 ἀνθρώπων
359 865 422 919 τὰ
455 864 544 918 τοῦ
579 864 892 937 ἀνθρώπου,
931 865 979 917 εἰ
1016 864 1092 936 μὴ
1124 865 1186 918 τὸ
1219 866 1436 937 πνεῦμα
1477 868 1571 921 τοῦ

90 962 305 1035 ἀνθρώπου
328 959 383 1012 τὸ
406 958 461 1010 ὲν
488 956 663 1027 αὐτῷ;
698 957 855 1011 Οῦτω
886 960 981 1011 καὶ
1010 956 1078 1011 τὰ
1107 956 1203 1011 τοῦ
1232 958 1368 1012 Θεοῦ
1399 960 1573 1023 οὐδεὶς

91 1051 203 1117 οἶδεν,
247 1054 285 1106 εξ
331 1052 396 1122 μή
431 1050 489 1103 τὸ
534 1048 755 1120 Πνεῦμα
804 1050 900 1104 τοῦ
951 1051 1109 1107 Θεοῦ.
1168 1050 1359 1122 Ἡμεῖς
1404 1054 1460 1108 δὲ
1511 1054 1571 1106 οὐ

93 1146 247 1215 πνεῦμα
265 1140 344 1194 τοῦ
372 1142 566 1212 κόσμου
597 1141 884 1212 ἐλάϐομεν,
917 1142 1053 1196 ἀλλὰ
1080 1142 1141 1196 τὸ
1170 1142 1394 1213 Πνεῦμα
1422 1143 1482 1197 τὸ
1510 1144 1574 1197 ἐκ

90 1239 155 1292 τοῦ
178 1236 308 1289 Θεοῦο
338 1236 414 1287 ἵνα
444 1234 639 1304 ἴδωμεν
676 1234 746 1288 τὰ
784 1235 891 1288 ὑπὸ
925 1236 1020 1289 τοῦ
1065 1236 1201 1289 Θεοῦ
1244 1237 1573 1308 χαρισθέντα

90 1332 197 1401 ἡμῖν.
238 1346 252 1377 ι
302 1326 373 1377 Τὰ
415 1327 787 1396 ἡτοιμασμένα
847 1328 999 1399 παρὰ
1048 1328 1143 1382 τοῦ
1198 1328 1332 1382 Θεοῦ
1395 1329 1575 1398 ἀγαθὰ

90 1418 211 1480 εἶπεν,
234 1416 379 1470 ὅτιτὸ
406 1415 624 1485 Πνεῦμα
659 1419 1010 1489 ἀπεκάλυψεν
1039 1421 1113 1485 ὡς
1150 1422 1441 1494 συνδοτήρ.
1480 1424 1574 1477 καὶ

90 1514 251 1582 Πνεῦμα
291 1511 467 1578 αὑτοῦ,
515 1514 657 1564 κατά
700 1514 1128 1585 ἁντιπαράθεσιν
1162 1514 1256 1569 τοῦ
1307 1517 1573 1588 ἡμετέρου

89 1607 341 1676 τιεύματος.
368 1605 470 1656 Καὶ
500 1606 1007 1677 ἐπασφαλιζόμενος
1036 1604 1193 1671 αὖθις
1222 1609 1283 1662 τὸ
1318 1609 1391 1680 μὴ
1426 1609 1577 1679 νομί·

90 1699 222 1761 ζεσθαι
257 1695 369 1749 αὐτὸ
410 1696 481 1759 ὡς
529 1697 849 1769 ἄγγελον,ἢ
899 1700 1027 1753 ἄλλο
1074 1701 1291 1771 πνεῦμα
1337 1704 1573 1767 κτιστὺν,
1610 1722 1629 1771 _'

1679 497 1731 550 in
1771 496 1939 552 vobis.
1972 517 1990 550 ›
2030 498 2141 553 Hoc
2171 510 2254 553 est
2284 519 2297 553 :
2331 500 2444 555 Non
2478 516 2573 556 vos
2607 510 2890 565 creatum,
2924 504 3017 557 sed
3049 505 3262 561 increa-

1678 596 1766 642 tus
1816 588 2052 658 Spiritus
2083 591 2198 645 Dei.
2239 592 2435 647 Paulus
2464 608 2593 648 vero
2630 593 2682 646 in
2716 594 2885 663 prima
2926 594 3164 665 Epistula
3197 604 3261 652 ait

1675 680 1990 736 Corinthios
2035 684 2223 737 scrihit
2257 707 2267 739 :
2302 703 2319 735 ε
2351 684 2480 751 Qum
2522 685 2710 739 oculus
2742 684 2852 758 (60)
2890 702 2993 741 non
3029 691 3182 753 vidit,
3212 702 3267 744 et

1679 777 1826 832 auris
1856 792 1959 833 non
2010 778 2237 842 audivit,
2272 785 2327 832 et
2372 778 2425 831 in
2473 792 2566 832 cor
2595 777 2831 830 hominis
2862 793 2965 832 non
3008 781 3264 836 ascende—

1677 878 1802 923 runt
1850 885 1971 939 quae
2016 871 2347 941 przeparavit
2397 870 2541 925 Deus
2590 869 2940 940 diligentibus
2980 885 3080 926 se:
3113 875 3265 927 uoltis

1676 969 1855 1015 autem
1882 961 2139 1016 revelavit
2156 960 2297 1016 Deus
2313 960 2683 1030 perSpiritum
2703 975 2881 1018 suum.
2900 961 3136 1029 Spiritus
3152 944 3265 1031 (61)

1675 1055 1859 1110 omnia
1919 1065 2196 1110 scrutatur
2241 1058 2404 1107 etiam
2450 1052 2715 1123 profunda
2766 1052 2880 1107 Dei.
2933 1053 3065 1120 Quis
3113 1055 3255 1108 enim

1674 1148 1955 1203 hominum
2013 1150 2163 1204 novit
2216 1163 2335 1218 qua:
2385 1156 2512 1203 sunt
2551 1146 2819 1209 hominis,
2884 1147 2985 1201 nisi
3044 1147 3266 1215 spiritus

1678 1243 1914 1297 hominis
1984 1242 2076 1313 qui
2131 1251 2213 1298 est
2256 1243 2308 1298 in
2362 1241 2521 1310 ipso?
2585 1239 2675 1294 Sic
2745 1239 2908 1295 etiam
2962 1256 3083 1310 qua:
3142 1253 3267 1295 sunt

1676 1333 1796 1397 Dei,
1828 1346 1989 1387 nemo
2030 1333 2182 1387 novit
2212 1331 2313 1387 nisi
2360 1331 2595 1400 Spiritus
2629 1329 2743 1384 Dei.
2798 1328 2906 1384 Nos
2941 1340 3122 1384 autem
3160 1345 3262 1383 non

1678 1425 1929 1494 spiritum
1960 1426 2143 1479 mundi
2179 1425 2509 1492 accepimus,
2545 1422 2640 1477 sed
2675 1421 2938 1491 Spiritum
2965 1426 3056 1492 qui
3090 1430 3263 1477 estex

1679 1516 1812 1585 Deo,
1851 1528 1909 1573 ut
1954 1518 2190 1572 sciamus
2229 1532 2347 1583 qua:
2389 1533 2416 1569 a
2461 1515 2568 1569 Deo
2610 1517 2803 1569 donata
2853 1526 2979 1569 sunt
3020 1516 3196 1570 nobis.
3242 1536 3259 1567 ι

1680 1610 1992 1679 Ρτεερετειε
2041 1626 2068 1660 a
2105 1607 2212 1661 Deo
2242 1610 2377 1661 bona
2426 1607 2663 1662 revelata
2714 1621 2834 1661 esse
2877 1608 2951 1660 ait
2988 1622 3018 1661 a
3058 1607 3261 1678 Spiritu

1682 1713 1939 1773 tanquam
2007 1701 2389 1771 conlargitore.
2452 1702 2534 1756 Ac
2587 1700 2848 1769 Spiritum
2894 1715 3070 1765 suum,
3100 1701 3151 1755 id
3185 1712 3267 1755 est

89 1793 327 1861 ἐπήγαγεν
379 1806 396 1839 t
434 1789 506 1841 Οῦ
547 1789 767 1861 πνεῦμα
824 1790 919 1844 τοῦ
977 1794 1180 1863 κόσμου
1234 1792 1502 1864 ἐλάϐομεν
1551 1815 1568 1845 ι

1749 1795 1800 1859 :i,
1835 1794 2044 1861 spiritui
2079 1804 2266 1847 nostro
2292 1792 2535 1861 Opponit.
2569 1793 2744 1862 Atque
2787 1802 2844 1844 ut
2877 1792 2979 1846 hoc
3011 1803 3261 1860 tauquam

90 1881 213 1945 (τοῦτ’
248 1881 375 1933 ἔστιν
414 1882 639 1952 γενητὸν
665 1884 705 1949 ),
746 1902 762 1934 ι
794 1883 931 1937 ἀλλὰ
958 1884 1019 1937 τὸ
1048 1884 1273 1954 Πνεῦμα
1302 1885 1363 1938 τὸ
1394 1887 1458 1937 ὲκ
1479 1885 1573 1938 τοῦ

88 1971 203 2025 tuo}
239 1990 255 2022 ι
286 1969 418 2023 τοῦτ’
446 1970 615 2034 ἔστιν,
657 1973 716 2038 ἐξ
758 1974 1234 2045 ὑπολειπομένων,
1266 1975 1327 2029 τὸ
1370 1980 1433 2028 ἐκ
1478 1976 1573 2030 τοῦ

89 2063 176 2114 θεοῦ
197 2062 275 2132 τῆς
304 2062 642 2127 ὑποστάσεως
676 2065 1042 2136 ἐκπορευθέν·
1075 2067 1168 2118 καὶ
1198 2066 1273 2129 ὡς
1306 2068 1439 2120 αὐτὸ
1476 2067 1573 2138 μό-

89 2173 143 2207 νον
162 2148 241 2207 οἶδε
266 2153 326 2207 τὰ
355 2152 444 2206 τοῦ
466 2154 638 2215 Θεοῦ,
683 2155 758 2218 ὼς
796 2156 1004 2228 Κύριος
1037 2158 1130 2210 καὶ
1158 2157 1280 2229 ἔχον
1313 2159 1575 2223 ὡσαύτως

87 2250 127 2315 τῇ
158 2247 281 2314 φύσει
312 2246 435 2315 πρὸς
471 2246 564 2299 τὸν
608 2248 852 2319 Πατέρα.
899 2250 958 2302 '0
1000 2250 1109 2320 γὰρ
1146 2270 1163 2301 ι
1193 2251 1399 2316 δοῦλος,
1434 2272 1450 2302 ι
1500 2253 1576 2317 ὡς

88 2336 399 2405 ὲειΕῦαγγελίῳ
440 2335 610 2404 λέγει,
652 2356 671 2389 ‹
726 2339 828 2391 οὐκ
876 2334 985 2391 οἶδε
1029 2339 1083 2391 τί
1138 2342 1340 2393 ποιεῖὸ
1386 2341 1575 2412 κύριος

88 2427 215 2480 αἰτοῦ.
247 2447 261 2477 ι
296 2430 399 2480 θέκ
432 2427 510 2480 ἔτι
544 2429 601 2481 δὲ
632 2430 709 2492 ὡς
741 2430 835 2482 ἐπὶ
872 2431 968 2483 τοῦ
1021 2431 1307 2503 ἀνθρώπου
1342 2430 1463 2487 εἷπε
1493 2434 1571 2497 τὸ,

91 2520 363 2573 ιΚατοικοῦν
384 2524 438 2573 ἐν
567 2520 706 2592 Θεῷ,
739 2541 756 2573 ι
789 2522 875 2574 ἵνα
907 2523 982 2593 μὴ
1012 2523 1265 2589 σύνθετος
1291 2526 1572 2599 νομισθείη

88 2612 349 2675 itis-Maso;
377 2612 482 2684 [55
508 2631 537 2665 α
562 2612 584 2685 ]
635 2613 787 2675 Θεὸς.
818 2614 963 2686 Πρὸς
993 2615 1049 2668 δὲ
1088 2616 1397 2686 Ἐφεσίουςο
1437 2638 1454 2671 ι
1484 2619 1573 2691 Μὴ

89 2705 239 2757 λυπεῖτε
270 2704 323 2756 τὸ
349 2704 570 2776 Πνεῦμα
600 2706 662 2758 τὸ
694 2706 851 2775 ἅγιον
877 2708 972 2762 τοῦ
1005 2709 1164 2775 Θεοῦ,
1202 2713 1259 2765 ἐν
1295 2703 1338 2778 ᾧ
1367 2713 1575 2785 ἐσφρα-

87 2797 240 2868 γίςθήτε
294 2798 367 2861 εἰς
416 2799 633 2870 ἡμέραν
683 2800 1220 2872 ἀναπολυτρὼσεωςο
1260 2824 1278 2855 i
1338 2804 1474 2875 πρὸς
1520 2804 1576 2858 δὲ

94 2890 348 2960 Ῥωμαὲυυς·
398 2908 416 2941 t
464 2890 659 2961 Ὑμεῖς
702 2892 802 2945 οῦκ
853 2893 978 2946 ἐστὲ
1018 2896 1076 2947 ἐν
1121 2896 1305 2966 σαρκὶ,
1354 2894 1469 2948 du”
1518 2897 1576 2947 ἐν

86 2982 303 3051 Πνεῦματι,
335 2984 487 3055 εἴπερ
524 2983 759 3054 Πνεῦμα
796 2984 934 3037 Θεοῦ
974 2987 1115 3038 οἰκεῖ
1147 2988 1206 3039 ὲν
1245 2986 1403 3058 ὐμῖνο
1440 2990 1488 3040 εἰ
1519 2987 1576 3040 δέ

87 3088 137 3133 τις
160 3072 340 3143 Πνεῦμα
374 3073 613 3144 Χριστοῦ
648 3075 749 3126 οὐκ
789 3074 936 3144 ἔχει,
974 3070 1131 3139 οὗτος
1164 3076 1263 3129 οὐκ
1300 3076 1447 3130 ἔστιν
1482 3078 1576 3129 αὑ-

88 3162 170 3214 τοῦ·
207 3185 222 3215 i
251 3166 371 3235 πρὸς
396 3166 451 3218 δὲ
480 3165 731 3229 Γαλάτας
754 3182 767 3194 ·
809 3183 828 3217 ι
880 3166 1002 3219 Ὅτι
1030 3167 1085 3219 δέ
1119 3168 1245 3220 ἐστε
1285 3169 1392 3221 υἱοὶ
1416 3208 1430 3231 ,
1486 3169 1575 3235 ἐξ·
1603 3128 1645 3187 C

86 3256 503 3321 σεέστειλενὸΘεὸς
533 3258 600 3311 τὸ
629 3258 859 3329 Πνεῦμα
887 3259 981 3312 τοῦ
1000 3258 1131 3312 Υἱοῦ
1166 3260 1331 3313 αὑτοῦ
1359 3263 1440 3324 εἰς
1474 3262 1573 3325 τὰς

84 3347 241 3420 καρδίας
271 3350 438 3419 ὑμῶν,
483 3348 692 3421 κράζον
726 3349 898 3403 Ἀὀόἆ
944 3352 972 3403 ὁ
1016 3352 1240 3424 Πατήρ·
1280 3373 1297 3403 ι
1338 3354 1473 3425 πρὸς
1520 3353 1577 3407 δὲ

85 3440 385 3510 Φιλιπησῑους
405 3461 417 3472 ο
456 3462 473 3491 ‹
504 3438 641 3494 Οἶδα
666 3440 796 3513 γὰρ,
821 3442 903 3495 ὅτι
929 3441 1090 3497 τοῦτό
1121 3461 1211 3514 μοι
1238 3445 1579 3517 ἀποϐήσεται

156 3535 401 3605 σωτηρίαν,
435 3533 527 3588 διὰ
556 3536 657 3604 τῆς
707 3534 863 3604 ὑμῶν
900 3534 1160 3606 δεήσεως,
1192 3538 1285 3590 καὶ
1318 3539 1577 3611 ἐπιχορη-

86 3623 163 3686 fit;
180 3623 253 3675 τοῦ
272 3624 577 3694 Πνεῦματος
607 3625 784 3695 Ἰησοῦ
808 3627 1067 3697 Χριστοῦ.
1105 3647 1122 3677 ι
1155 3627 1344 3699 Ἀθρει
1370 3629 1433 3700 δὴ
1460 3625 1574 3689 οὖν,

86 3713 130 3775 ὡς
161 3715 231 3767 καὶ
259 3717 401 3785 μόνον
432 3717 495 3770 τὸ
527 3718 698 3785 φάναι
733 3718 865 3771 αὐτὸ
900 3738 917 3769 ι
960 3719 1185 3790 Πνεῦμα
1221 3720 1313 3773 τοῦ
1348 3720 1506 3784 Θεοῦ,
1552 3741 1571 3773 ι

87 3807 199 3877 γεὶή
242 3809 507 3881 προσθήκη
562 3809 621 3861 δὲ
658 3809 752 3862 τοῦ
801 3811 1006 3883 ἄρθρου
1064 3813 1155 3866 τοῦ
1217 3834 1233 3863 ι
1270 3813 1371 3883 μοῦ
1410 3833 1428 3865 ›
1485 3815 1577 3867 καὶ

88 3914 99 3944 t
124 3896 201 3961 σοῦ,
219 3918 232 3950 i
250 3902 329 3954 καὶ
357 3899 512 3953 τοῦτο
539 3898 828 3970 τηλαυγῶς
857 3904 1151 3975 ἐσήμανεν,
1184 3905 1264 3957 ὅτι
1296 3907 1390 3958 καὶ
1416 3904 1571 3958 ἄκτι-

129 4054 339 4125 immitte
360 4061 568 4115 oculus.
610 4061 625 4114 1
662 4060 787 4116 Cor.
830 4077 893 4125 tt,
928 4059 1082 4115 9-12.

128 4127 206 4203 (ﬁl)
229 4128 453 4196 Spiritus.
486 4132 701 4203 Bibliar
727 4132 928 4203 addunt
959 4130 1063 4203 (hic
1110 4143 1297 4184 vocem
1352 4131 1480 4203 γάρ.
1517 4130 1582 4184 Et

87 4197 313 4272 Mlqpost
337 4217 426 4269 pro
459 4202 663 4272 ἴδωμεν
692 4202 893 4255 habent
923 4198 1174 4270 εἰδῶμεν.

130 4266 207 4389 (δέ)
236 4266 527 4327 Νοηήουὶι.
564 4266 725 4326 Ὶοεη.
760 4287 851 4331 κν,
888 4272 973 4325 15.

146 4337 209 4389 65)
231 4339 398 4389 Nolite-
423 4344 624 4389 Enims-
662 4359 734 4389 iv-
787 4342 879 4389 30-
948 4342 973 4389 F

90 4404 161 4473 lege
187 4404 600 4478 ἀπολυτρώσεως,
632 4423 691 4467 ιιι
722 4404 818 4468 est
865 4414 916 4466 in
964 4412 1166 4467 Graecis
1198 4404 1404 4465 Bibliis.
1439 4404 1573 4465 Nam

146 4337 209 4403 65)
231 4339 398 4394 Nolite.
422 4344 625 4411 Ephes.
662 4359 735 4408 iv,
787 4342 879 4397 50.
946 4342 1050 4395 Pro
1079 4339 1580 4411 άναπολυτρώσεως

1683 1895 1889 1939 certum
1931 1900 2122 1939 rursus
2153 1884 2414 1948 staliiliat,
2453 1900 2556 1937 non
2590 1899 2709 1938 esse
2746 1884 3056 1938 habendum
3092 1884 3262 1953 ipsum

1685 1987 1743 2029 ut
1775 1976 2042 2046 angelum,
2092 1986 2184 2028 aut
2215 1977 2379 2028 alium
2430 1975 2676 2044 spiritum
2708 1984 2976 2041 creatum,
3014 1976 3262 2041 subjecit,

1689 2087 1707 2118 σ
1744 2067 1859 2123 Non
1892 2070 2145 2137 spiritum
2183 2068 2365 2121 mundi
2403 2068 2715 2131 accepimus
2746 2087 2763 2119 ι
2802 2068 2853 2121 id
2896 2076 2998 2133 est,
3037 2068 3261 2131 factum,

1683 2174 1777 2215 seu
1806 2170 2046 2214 creatum
2073 2201 2088 2225 ,
2140 2178 2159 2211 ι
2192 2160 2285 2214 sed
2338 2157 2600 2229 Spiritum
2645 2161 2735 2228 qui
2770 2170 2853 2214 est
2896 2176 2961 2215 ex
2995 2159 3124 2226 Deo,
3156 2179 3175 2213 ι
3210 2162 3261 2216 id

1685 2262 1766 2305 est
1812 2251 2144 2320 (supplendo
2175 2265 2296 2320 qua:
2339 2249 2817 2320 subintelliguutur
2837 2248 2878 2320 ),
2906 2268 2925 2301 ‹
2955 2250 3045 2319 qui
3073 2265 3141 2306 ex
3166 2249 3260 2306 Dei

1683 2341 1961 2411 hypostasi
1990 2341 2273 2410 processit.
2312 2358 2330 2392 ι
2361 2340 2523 2394 Addit
2545 2340 2731 2403 etiam,
2765 2340 2937 2407 ipsum
2964 2339 3135 2395 solum
3164 2357 3262 2395 no-

1682 2434 1826 2488 visse
1851 2447 1973 2502 qua:
2009 2441 2135 2487 sunt
2171 2430 2287 2497 Dei,
2328 2442 2387 2486 ut
2433 2432 2719 2486 Dominum
2751 2432 2913 2501 118
2938 2442 2990 2486 et
3018 2432 3263 2489 eamdem

1683 2538 1805 2578 cum
1853 2521 2017 2578 Patre
2073 2532 2317 2576 naturam
2372 2523 2692 2588 habentem;
2752 2538 2875 2575 nam
2934 2542 2949 2573 ι
2987 2538 3207 2587 servus,
3245 2545 3260 2573 ι

1686 2628 1740 2671 ut
1773 2627 1857 2671 est
1900 2616 1953 2670 in
2003 2616 2320 2687 Evangelia,
2374 2635 2392 2667 ι
2429 2632 2532 2671 non
2584 2616 2735 2671 novit
2765 2615 2878 2687 (62)
2930 2618 3060 2686 quid
3103 2615 3262 2671 faciat

1684 2708 1934 2763 dominus
1987 2708 2127 2779 ejus.
2209 2727 2228 2759 ι
2286 2705 2471 2776 Neque
2526 2721 2658 2762 vero
2708 2707 2861 2776 quasi
2924 2708 2990 2762 de
3050 2708 3269 2764 homine

1686 2798 1864 2853 dixit:
1900 2816 1918 2849 ‹
1950 2796 2051 2865 Qui
2087 2798 2299 2853 habitat
2328 2798 2381 2851 in
2406 2797 2546 2862 Deo;
2582 2817 2602 2851 ι
2639 2813 2708 2852 ηε
2748 2798 3079 2867 compositus
3114 2807 3265 2865 pute-

1685 2899 1775 2944 tur
1805 2890 2201 2961 incompositus
2228 2890 2392 2944 Deus.
2440 2890 2520 2943 Ad
2552 2889 2817 2959 Ephesios
2847 2897 3025 2943 autem
3060 2908 3072 2943 :
3115 2907 3133 2940 ι
3164 2887 3268 2943 Νο-

1684 2981 1781 3038 lite
1810 2981 1925 3054 (65)
1960 2985 2289 3038 contristare
2323 2981 2587 3052 Spiritum
2641 2991 2886 3037 sanctum
2918 2980 3035 3049 Dei,
3078 2982 3129 3035 in
3160 2997 3268 3052 quo

1684 3075 1879 3146 signati
1926 3075 2057 3129 estis
2088 3074 2140 3128 in
2184 3074 2323 3130 diem
2370 3074 2792 3143 redemptionis;
2826 3094 2844 3126 ι
2896 3075 2960 3127 ad
3000 3074 3271 3127 Romanos

1681 3181 1846 3223 vero:
1882 3185 1900 3218 ι
1934 3166 2041 3221 Vos
2073 3166 2186 3239 (64)
2238 3182 2342 3220 non
2393 3166 2524 3221 estis
2573 3166 2625 3219 in
2671 3179 2858 3230 carne,
2907 3165 3000 3219 sed
3048 3166 3101 3219 in
3152 3162 3271 3234 Spi-

1680 3260 1824 3328 ritu;
1881 3261 1923 3314 si
1964 3270 2141 3314 tamen
2195 3257 2431 3327 Spiritus
2478 3258 2570 3312 Dei
2628 3259 2840 3313 habitat
2885 3258 2949 3311 in'
2994 3257 3167 3312 vobis.
3211 3255 3266 3312 Si

1687 3349 1811 3418 quis
1835 3358 2016 3403 autem
2044 3349 2307 3417 Spiritum
2338 3348 2543 3403 Christi
2570 3364 2674 3402 non
2712 3349 2895 3411 habet,
2933 3348 3022 3403 hic
3051 3363 3155 3403 non
3188 3360 3269 3402 est

1680 3442 1830 3509 eius;
1864 3461 1880 3492 ›
1922 3452 1977 3498 ει
2003 3442 2070 3495 ad
2108 3440 2329 3496 Galatas
2361 3458 2375 3494 :
2414 3459 2433 3493 ι
2469 3438 2736 3506 Quoniam
2772 3439 2883 3511 (65)
2920 3449 3099 3494 autem
3138 3441 3268 3496 estis

1679 3533 1800 3600 ﬁlii,
1831 3534 2012 3589 emisit
2059 3534 2201 3588 Deus
2226 3532 2486 3603 Spiritum
2518 3532 2638 3586 Filii
2671 3531 2753 3586 sui
2791 3532 2845 3584 in
2880 3532 3041 3585 corda
3088 3541 3266 3586 vestra

1678 3628 2037 3691 clamantem,
2088 3624 2264 3690 Abba,
2321 3625 2517 3691 Pater;
2550 3644 2569 3677 ι
2623 3634 2677 3678 ει
2725 3625 2791 3677 ad
2846 3621 3265 3693 Philippenses:

1685 3736 1703 3768 ι
1734 3716 1862 3772 Scio
1891 3716 2004 3788 (66)
2038 3717 2183 3770 enim
2209 3717 2352 3786 quod
2395 3716 2500 3769 hoc
2536 3714 2667 3768 mihi
2702 3714 2983 3782 proveniet
3016 3714 3082 3769 ad
3123 3717 3269 3769 salu-

1680 3821 1787 3866 tem
1840 3826 1950 3879 'per
2006 3817 2242 3863 vestram
2303 3808 2653 3874 orationem,
2699 3818 2753 3862 et
2815 3808 3270 3866 subministratio-

1688 3918 1810 3959 nem
1840 3902 2078 3973 Spiritus
2106 3900 2237 3957 Jesu
2274 3900 2498 3956 Christi.
2534 3919 2553 3953 ι
2590 3900 2706 3955 .Iam
2742 3916 2867 3954 vero
2898 3900 2953 3954 in
2987 3900 3163 3956 allatis
3189 3910 3269 3956 te-

1684 4059 1979 4122 Christum,
2023 4068 2078 4113 et
2122 4058 2189 4111 ad
2223 4056 2555 4128 _Deum].....
2610 4055 2809 4128 Deinde
2857 4055 3111 4128 sequitur
3147 4066 3269 4124 post

1685 4131 1786 4183 hoc
1820 4129 1961 4198 quod
2003 4129 2078 4182 ait
2111 4142 2124 4179 :
2165 4146 2183 4178 ‹
2213 4126 2267 4181 Si
2300 4126 2623 4198 quis—autem
2656 4126 2916 4196 Spiritum
2953 4130 3040 4180 Dei
3071 4126 3268 4198 [legen-

1680 4202 1806 4253 dum
1839 4196 1967 4252 cum
2015 4206 2197 4252 nostra
2255 4200 2473 4250 codice:
2529 4215 2546 4247 ι
2578 4196 2838 4269 Spiritum
2882 4196 3107 4269 Christi]
3147 4196 3265 4251 'nou

1683 4272 1865 4331 habet,
1900 4272 1988 4323 hic
2025 4285 2129 4323 uou
2175 4278 2257 4323 est
2302 4270 2479 4337 ejus,»
2508 4278 2562 4321 et
2616 4266 2883 4321 infertur:
2929 4286 2946 4317 ι
2980 4266 3033 4322 Si
3086 4266 3263 4321 autem

1678 4341 1929 4394 Christus
1954 4341 2006 4394 in
2036 4340 2212 4403 vobis,
2242 4359 2261 4390 ι
2293 4349 2345 4392 ει
2378 4338 2815 4392 manifestissime
2863 4339 3265 4393 demonstratur

1678 4410 2091 4475 inseparabilem
2109 4425 2228 4465 esse
2255 4409 2513 4479 Spiritum
2532 4418 2776 4462 saucium
2805 4407 3071 4479 aCliristo
3100 4426 3112 4462 :
3138 4411 3263 4476 quia

92 4471 223 4557 stilum
250 4484 323 4557 illa
350 4471 851 4557 3wlmcjirrep_s_ite
883 4484 1308 4557 superiorivoce
1336 4482 1571 4557 ἡμέραν,
1608 4471 1651 4524 D
1680 4471 2009 4557 ubicunque
2037 4480 2269 4549 Spiritus
2287 4471 2544 4557 Lauricius:
2590 4480 2751 4557 luerit
2771 4518 2815 4557 ,Α
2837 4478 2906 4531 ibi
2937 4489 2991 4532 et
3017 4471 3264 4557 Christus

91 4550 295 4623 oblihrarii
320 4550 850 4609 oscitantiamIVide
890 4570 1058 4623 segm.
1093 4552 1195 4605 128
1224 4571 1274 4605 (ι.

136 4621 211 4689 (64)
246 4621 351 4676 Vos.
388 4626 541 4679 Rom.
573 4641 692 4690 \‘Ill,
725 4626 778 4679 9.
814 4623 916 4677 Pro
957 4621 1059 4686 ’τις
1102 4626 1269 4677 Codex
1316 4623 1475 4677 habet
1498 4641 1570 4677 τι.

94 4687 380 4753 Argumentum
414 4711 546 4749 vero
570 4711 639 4750 ex
666 4687 765 4750 hoc
797 4694 946 4747 Pauli
996 4695 1111 4747 loco
1148 4694 1364 4746 ductum
1404 4695 1573 4747 fusius

92 4766 339 4836 persequitur
390 4766 647 4836 Didymus
700 4766 750 4818 in
811 4766 946 4818 libro
1000 4762 1319 4836 DehSpiritu
1368 4773 1573 4836 sancto,

94 4832 259 4904 tium._39
285 4845 328 4887 et
351 4836 434 4902 40,
467 4832 557 4890 tibi
591 4838 703 4891 haec
734 4836 994 4904 legimus:
1032 4854 1048 4883 ‹
1082 4834 1410 4904 Vosautein,
1436 4853 1455 4884 ι
1476 4834 1570 4898 ait,

95 4898 199 4978 (haud
216 4904 402 4959 dubium
423 4898 568 4975 quin
595 4898 841 4975 discipuli
872 4905 1093 4973 Christi)
1124 4903 1211 4971 qui
1248 4904 1569 4978 sapientiam

97 4966 252 5043 §piritus
268 4966 583 5045 suscepistis,
615 4988 668 5030 et
702 4966 888 5039 vitam,
927 4984 981 5029 et
1010 4966 1218 5042 pacein,
1254 4992 1272 5024 ι
1305 4966 1408 5027 non
1437 4974 1573 5045 estis

98 5050 259 5123 taurae
278 5064 293 5095 ι
323 5048 391 5111 (id
412 5044 523 5107 est,
565 5049 618 5101 in
648 5046 832 5123 carnis
855 5044 1128 5123 operibus)
1156 5060 1170 5098 :
1202 5061 1220 5095 ι
1249 5059 1421 5112 neque
1458 5044 1575 5123 ejus

100 5112 390 5187 (usuraria
418 5133 435 5170 :
464 5133 639 5185 neque
669 5118 811 5171 enim
844 5112 986 5187 ejus]
1023 5130 1185 5185 opera
1226 5115 1569 5187 perpetratis,

103 5182 155 5225 isi
174 5183 342 5255 quidem
367 5182 624 5255 Spiritum
672 5187 765 5240 Dei
814 5182 1027 5241 habetis
1060 5182 1125 5239 in
1163 5182 1339 5239 vobis.
1366 5203 1385 5236 ι
1427 5182 1571 5237 ldem

100 5257 210 5325 3mm
240 5254 445 5323 Spiritus
474 5257 588 5321 Dei,
614 5266 669 5311 et
690 5256 924 5325 Spiritus
947 5256 1146 5312 Christi
1177 5265 1260 5309 est
1300 5255 1570 5325 deducens

101 5311 187 5398 (φά.
208 5311 363 5398 noster,
388 5311 703 5398 adducens],
731 5311 793 5380 ἐι
822 5311 1081 5395 capularis
1109 5340 1255 5389 eum,
1297 5324 1387 5398 qui
1428 5325 1492 5398 in‘
1514 5338 1574 5379 se

104 5386 577 5469 “Wfi‘l‘egeﬂdum
626 5386 759 5469 curn},
791 5386 967 5450 nosiro
992 5398 1196 5469 Acadira
1229 5386 1361 5469 iqui
1396 5410 1454 5451 se
1480 5394 1569 5448 ba-

103 5460 247 5531 siem],
276 5460 489 5522 Domino
530 5468 654 5523 Jesu
705 5467 941 5522 Christo.
992 5467 1145 5523 Unde
1182 5476 1236 5519 et
1275 5460 1327 5520 in
1378 5479 1572 5519 conse-

100 5534 299 5609 quentibus
322 5539 604 5593 scribitur:
635 5558 652 5590 ι
685 5537 741 5592 Si
776 5539 894 5609 quis
918 5549 1094 5609 autem
1119 5538 1381 5609 Spiritum
1410 5536 1567 5590 Chri-

100 5602 426 5683 habet,
462 5609 687 5683 hie_non
720 5602 807 5663 est
830 5610 965 5678 ejus.
995 5628 1019 5683 ιΔ
1048 5602 1287 5683 Rursum
1326 5607 1381 5683 in
1435 5620 1572 5674 pra:-

100 5672 190 5749 uinti
210 5672 427 5749 discimus
455 5681 790 5744 societatem,
823 5672 984 5749 quam
1010 5680 1171 5733 habet
1198 5672 1572 5749 Spiritus‘san:

100 5744 177 5790 “VS
209 5746 260 5799 Id
298 5746 471 5813 Deum,
506 5759 562 5804 et
613 5751 679 5804 ad
728 5744 1000 5806 Christum
1029 5749 1217 5821 [codex
1240 5744 1421 5802 ’noster
1445 5767 1463 5801 :
1501 5744 1569 5800 ad

330 5843 587 5907 PATROL.
629 5848 745 5929 Cn.
792 5845 1091 5907 XXXIX.

1677 4562 1793 4617 est;
1828 4561 1881 4604 ct
1906 4548 2260 4620 undecunque
2279 4551 2476 4604 Christi
2512 4549 2744 4617 Spiritus
2767 4548 3100 4620 discesserit,
3130 4550 3264 4620 inde

1678 4625 1881 4689 pariter
1911 4622 2114 4676 recedit
2145 4617 2199 4675 εἰ
2235 4622 2523 4674 Christus:
2553 4624 2596 4673 si
2632 4622 2753 4686 quis
2804 4618 2947 4689 enim
2999 4617 3261 4688 Spiritum

1677 4692 1882 4746 Christi
1919 4707 2024 4745 non
2056 4691 2236 4755 habet,
2274 4693 2356 4744 hie
2395 4706 2497 4744 non
2532 4699 2613 4744 est
2664 4691 2798 4757 ejus.
2842 4688 2941 4742 Cui
2974 4690 3263 4757 conjuncta

1678 4763 1721 4815 si
1749 4763 1870 4830 quis
1904 4761 2238 4817 contrarium
2272 4770 2535 4821 assumat,
2574 4761 2753 4813 dicere
2786 4769 2966 4830 potest
2999 4772 3015 4810 :
3056 4759 3110 4812 Si
3141 4762 3262 4827 quis

1676 4829 1879 4887 Christi
1918 4844 2025 4898 est,
2057 4834 2125 4886 ita
2174 4840 2232 4883 ut
2285 4831 2533 4885 Christus
2565 4830 2615 4881 in
2652 4844 2716 4882 eo
2746 4830 2836 4894 sit,
2874 4829 2924 4881 in
2961 4833 3063 4882 hoc
3088 4831 3262 4898 Spiri-

1681 4914 1767 4975 tus
1798 4902 1888 4956 Dei
1919 4902 2134 4975 [rectius
2159 4905 2517 4975 εοάηηοεῑενς
2548 4898 2774 4975 Christi]
2806 4908 2908 4952 est.
2938 4898 3052 4975 Hoc
3083 4911 3262 4975 autem

1677 4974 1819 5028 idem
1880 4968 1938 5027 εἰ
1974 4972 2041 5027 de
2103 4973 2211 5025 Deo
2273 4972 2432 5024 Patre
2472 4968 2720 5023 similiter
2755 4968 3121 5036 usurpandum
3163 4972 3262 5025 :Si

1677 5046 1797 5111 quis
1831 5042 2089 5110 Spiritqu
2125 5041 2215 5095 Dei
2258 5057 2362 5094 non
2410 5041 2592 5102 habet,
2627 5039 2730 5093 iste
2759 5054 2861 5092 non
2891 5048 2973 5093 est
2993 5039 3129 5111 eius.
3165 5041 3260 5095 Cui

1677 5108 1891 5167 rursum
1934 5111 2264 5167 contrarium
2300 5112 2345 5164 si
2373 5114 2494 5181 quis
2526 5118 2789 5174 assumat,
2818 5111 2999 5164 dicens
3023 5108 3105 5181 [ut
3139 5128 3261 5165 seu--

1675 5200 1763 5236 sus
1798 5185 1995 5253 integer
2041 5185 2131 5245 sit,
2170 5180 2443 5252 legendum
2504 5195 2625 5235 cum
2678 5189 2855 5253 nostro
2912 5180 3091 5253 cydice
3132 5183 3257 5235 :cui

1678 5250 2264 5309 rursuui'eontrarium
2298 5254 2418 5320 quis
2460 5264 2747 5305 assumens
2789 5250 2953 5322 dicet]
2987 5269 3000 5304 :
3039 5252 3095 5305 Si
3137 5253 3258 5320 quis

1679 5324 1770 5378 Dei
1802 5336 1906 5388 est,
1938 5326 1991 5378 in
2021 5326 2119 5377 hoc
2142 5323 2380 5391 Spiritus
2417 5324 2506 5375 Dei
2538 5328 2640 5375 est.
2677 5338 2695 5370 ι

1748 5394 1859 5465 (65)
1919 5390 2200 5459 Quoniam.
2252 5394 2429 5448 Galat.
2466 5408 2541 5453 tv,
2585 5391 2638 5443 6.
2679 5391 2734 5465 lu
2766 5391 2903 5446 libro
2946 5390 3023 5445 De
3054 5390 3257 5459 Spiritu

1675 5464 1879 5530 sancto,
1924 5480 2074 5519 num.
2124 5465 2216 5529 5i,
2250 5465 2452 5519 editum
2488 5474 2605 5517 est:
2636 5481 2655 5513 ‹
2690 5464 2741 5514 iu
2797 5466 2960 5517 corda
2996 5471 3199 5516 nostra.
3234 5482 3254 5514 ι

1676 5536 1782 5591 Sed
1816 5536 1887 5591 ibi
1925 5537 2093 5589 codex
2145 5544 2329 5592 noster
2376 5538 2584 5589 calamo
2627 5545 2883 5589 exaratus
2923 5534 3121 5587 habet:
3156 5551 3174 5583 ι
3205 5533 3258 5586 in

1676 5607 1837 5663 corda
1871 5619 2069 5660 vestra.
2101 5625 2119 5657 ι
2386 5613 2397 5621 ⁸

1750 5676 1860 5749 (66)
1896 5676 2041 5733 Scio.
2079 5677 2309 5748 Philipp.
2339 5693 2380 5745 ι,
2416 5677 2499 5734 19.
2529 5676 2705 5733 Codex
2730 5714 2744 5741 ,
2781 5672 3184 5736 Φιλιππισίους.

2918 5828 2987 5887 15
