3688 6310
971 252 1057 286 ,τ’

109 316 203 370 461

1106 315 1192 368 DE
1232 310 1602 370 TRlNlTATE
1641 315 1842 369 LIBER
1882 316 2266 372 SECUNDUS.

3220 325 3325 380 “'2

109 430 243 499 ἔχειν
294 428 615 495 ἐπίγνωσινο
672 426 799 480 οὔτε
857 427 914 480 δέ
954 445 1035 492 τις
1087 429 1236 498 τύχοι
1295 431 1361 484 ἂν
1429 434 1657 502 μετοχῆς

1844 432 1948 497 bis,
1993 448 2056 485 ex
2117 433 2317 498 Spiritu
2372 431 2517 497 ejus,
2567 447 2721 500 quem
2779 435 2922 490 dedit
2974 437 3157 506 nobis;
3192 458 3210 492 ι
3259 455 3326 494 eo

107 522 342 590 θεότητος
365 517 596 587 ἀληθοῦς
621 517 710 570 διά
739 518 1035 588 κτίσματος
1061 540 1074 552 ·
1102 520 1302 574 δίδοται
1333 522 1388 574 δὲ
1419 523 1480 575 τὸ
1504 523 1656 590 ἅγιον

106 609 345 678 Πνεῦμα,
391 608 452 659 οὐ
487 608 811 678 κατατομῆς
857 613 1166 680 μερισμοῖς,
1214 611 1352 664 ἀλλὰ
1395 612 1472 683 τῷ
1517 612 1657 684 λόγῳ

103 701 196 768 τῆς
237 697 542 770 μετουσίας,
588 699 685 751 καὶ
725 697 820 751 τοῦ
866 699 940 770 μὴ
973 701 1208 754 νοεῖσθαι
1253 703 1581 774 ἑτεροφυῶς,
1624 704 1657 774 ἢ

102 790 480 862 ὲτερογνώμως
526 789 622 842 τοῦ
673 790 890 862 Πατρδς
937 794 1107 846 οἰκεῖν
1147 795 1207 846 ὲν
1253 795 1402 865 ἡμῖν.
1452 795 1660 860 Ἔδειξε

100 883 151 934 δὲ
196 883 310 952 ἅμα
353 883 381 934 6
420 881 523 951 τῆς
549 881 782 952 βροντῆς
812 883 946 948 υἱὸς,
986 883 1062 946 ὡς
1089 883 1216 938 ἔνθα
1256 885 1374 938 ἐστὶ
1422 885 1482 938 τὺ
1507 886 1660 956 ἅγιον

101 973 336 1039 Πνεῦμα,
371 973 638 1041 πάρεστιν
669 975 698 1026 6
729 973 860 1038 Θεὸς
888 975 1099 1046 Πατὴρ,
1127 970 1188 1030 οὗ
1214 977 1438 1048 Πνεῦμά
1475 980 1620 1032 ἐστιν
1643 993 1657 1007 ’

98 1067 225 1134 ὅπερ
275 1065 364 1116 καὶ
415 1064 579 1127 αὐτὸς
634 1067 663 1117 6
709 1064 847 1128 Θεὸς
914 1065 1389 1137 προανεφὼνησεν,
1449 1067 1656 1121 εἰπών·

103 1178 118 1208 ι
165 1157 456 1225 Ἐνοικήσω
514 1158 573 1209 ὲν
615 1157 817 1222 αὐτοῖς,
878 1159 972 1210 καὶ
1039 1160 1509 1232 ὲμπεριπατήσω·
1567 1162 1662 1214 καὶ

96 1249 278 1318 ἔσομαι
327 1247 510 1300 αὐτῶν
549 1247 703 1312 Θεὸς,
751 1249 845 1301 καὶ
872 1249 1027 1302 αὐτοὶ
1068 1249 1282 1304 ἔσονταί
1318 1268 1418 1322 μου
1457 1251 1601 1314 λαός.
1638 1272 1656 1303 ι

105 1342 187 1403 Ὠς
212 1341 374 1392 πάλιν
398 1341 463 1392 τὺ
482 1341 855 1411 ἀντικείμενον
875 1342 1044 1411 δηλοῖ,
1069 1344 1149 1395 ὅτι
1177 1343 1242 1396 El’
1256 1360 1339 1406 τις
1356 1343 1418 1396 τὸ
1440 1344 1663 1414 Πνεῦμα

93 1431 180 1483 τοῦ
228 1431 367 1483 Θεοῦ
396 1431 474 1495 Co;
508 1431 642 1484 Θεὸν
703 1431 794 1503 [54
833 1431 908 1503 a]
947 1432 1198 1503 ἀληθινὸν
1237 1426 1336 1486 οῦκ
1372 1433 1502 1504 ἔχει,
1545 1434 1663 1487 οὐδὲ

91 1524 175 1574 τὸν
201 1523 426 1593 Πατέρα
460 1523 605 1592 ἔχει·
646 1524 774 1595 παρ’
809 1521 890 1587 οἷς
915 1523 970 1576 δὲ
1021 1523 1094 1595 μὴ
1127 1518 1281 1587 οὗτός
1311 1527 1481 1585 ἐστιν.
1514 1525 1663 1579 οὐδὲν

93 1615 305 1684 ἀληθὲς,
331 1615 446 1667 οὐδ’
479 1615 743 1684 ἀσφαλὲς,
770 1615 891 1667 οὐδὲ
929 1614 1162 1684 βέϐαιον.
1201 1617 1287 1679 Ὠς
1309 1617 1369 1670 τὸ
1396 1617 1628 1687 ἔμπαλιν
1647 1634 1660 1647 ’

100 1706 384 1760 ὐστισοῦν
424 1707 600 1775 λέγων
633 1708 761 1778 περὶ
799 1707 988 1770 αὑτοῦ,
1024 1707 1126 1760 κᾶν
1154 1707 1423 1779 αἱρετικὺς
1451 1707 1525 1761 ὢν
1570 1707 1662 1760 τύ-

91 1819 187 1870 χοι,
218 1800 318 1852 ὲάν
344 1800 600 1871 ἐρωτηθῇ
638 1800 766 1871 περὶ
810 1801 960 1853 ποίου
989 1799 1294 1868 διαλέγεται
1335 1799 1658 1869 πνεύματος,

91 1895 239 1964 λέγῃ,
283 1911 303 1944 ι
334 1892 436 1945 τοῦ
459 1893 617 1960 ἁγίου
639 1909 653 1922 ο
683 1913 702 1943 ι
730 1892 823 1945 καὶ
855 1894 903 1944 εἰ
927 1888 1082 1956 αὖθις
1111 1893 1272 1946 πάλιν
1299 1891 1490 1954 πεῦσις
1516 1891 1665 1961 αὑτῷ

93 1985 508 2055 προσενεχθείη,
545 2002 563 2035 ι
597 1984 752 2037 ποίου
796 1984 974 2052 ἁγίου,
1005 2002 1024 2034 ι
1058 1984 1268 2054 ἀνάγκη
1299 1983 1462 2036 αὑτὸν
1493 1984 1665 2035 εἰπεῖν

91 2079 159 2138 εἰς
215 2077 620 2144 φανερωτάτην
659 2073 928 2144 δήλωσιν,
975 2091 995 2124 ι
1042 2072 1136 2126 τοῦ
1203 2072 1517 2144 Πνεύματος
1571 2072 1664 2126 τοῦ

90 2168 237 2230 Θεοῦ,
272 2189 291 2218 ι
339 2167 420 2230 ὡς
469 2167 575 2220 τῶν
618 2167 790 2218 ἄλλων
835 2165 908 2236 μὴ
949 2165 1222 2228 οὐσιωδῶς
1263 2166 1431 2219 ὄντων
1475 2164 1662 2219 αὐτοῦ.

91 2259 377 2329 Maxumo-oi.
404 2259 464 2311 δὲ
503 2260 715 2320 ἑαυτοῖς
742 2275 801 2310 τε
843 2258 938 2311 καὶ
963 2262 1078 2321 τοῖς
1109 2257 1362 2312 ἀκούουσι
1397 2259 1666 2328 γινόμενοι

91 2352 380 2419 αἱρετικοὶ,
443 2349 636 2418 βιαίοις
670 2351 1079 2419 ὲπιχειρήσεσιν
1120 2349 1507 2418 συκοφαντοῦσι
1541 2351 1666 2414 τοὺς

90 2442 238 2510 ἡμῶν
282 2441 384 2493 καὶ
425 2440 606 2493 αὐτῶν
651 2441 902 2510 ἀμείνους
925 2481 939 2506 ,
973 2440 1066 2492 καὶ
1099 2439 1356 2509 μέγιστον
1382 2441 1661 2512 διαφέρον-

88 2549 194 2593 τας,
244 2531 349 2583 καὶ
419 2531 554 2600 περὶ
614 2531 706 2584 τοῦ
768 2529 922 2598 ἁγίου
979 2529 1294 2601 Πνεύματος
1358 2534 1665 2602 χρήσαντας

90 2623 306 2688 ἁγίους,
358 2616 450 2685 οἷς
496 2623 598 2674 οὐκ
661 2621 874 2674 ἐναντία
926 2621 1329 2693 νομοθετητέον.
1377 2624 1512 2675 Φασὶ
1557 2623 1664 2694 γὰρ

90 2713 220 2766 κατὰ
243 2712 402 2778 λέξιν
433 2713 607 2777 οὕτως
628 2731 642 2744 ο
667 2714 836 2767 Ὅταν
863 2709 955 2765 οῦν
978 2713 1111 2786 λέγῃ
1139 2716 1166 2766 6
1195 2714 1326 2777 Θεός
1344 2733 1358 2745 ·
1388 2735 1405 2764 ι
1448 2715 1506 2768 '0
1538 2717 1665 2777 παῖς

91 2800 461 2870 μουἮσαῖαέ·
503 2822 520 2854 ι
540 2804 652 2864 καὶ,
687 2823 706 2852 ‹
730 2802 1205 2872 Υἱὸςπρωτότοκός
1239 2820 1338 2873 μου
1365 2802 1598 2874 Ἰσραὴλ,
1639 2823 1658 2854 ι

91 2897 116 2962 ἡ
152 2914 170 2944 ι
207 2912 316 2963 μου
357 2914 376 2946 ι
419 2895 660 2965 συλλαϐὴ
708 2895 852 2965 ἔχειν
897 2914 949 2948 τι
983 2895 1159 2949 κοινὸν
1191 2895 1288 2966 τὴν
1322 2895 1664 2966 ἀνθρωπείαν

89 2986 240 3054 φύσιν
288 2987 436 3057 πρὸς
491 2988 590 3059 τὴν
629 2987 721 3040 τοῦ
767 2987 901 3040 Θεοῦ
955 2988 1259 3053 δείκνυσιν;
1295 2989 1505 3059 Ὠσπερ
1548 2984 1660 3052 οῦν,

87 3079 232 3147 φησι,
280 3077 452 3129 τοῦτο
479 3074 632 3130 εἶπεν
657 3078 731 3141 ὼς
777 3079 867 3132 τοῦ
898 3073 1038 3131 εἶναι
1068 3079 1251 3142 αὐτοῖς
1277 3079 1466 3141 αἴτιος,
1493 3077 1669 3141 οὕτως
1691 3099 1733 3157 C

87 3171 171 3221 καὶ
220 3168 328 3238 τὴν
369 3167 626 3238 ψύχωσιν
684 3171 863 3224 αὐτῶν
913 3190 930 3220 ι
970 3170 1195 3241 Πνεῦμά
1243 3187 1342 3240 μου
1381 3189 1399 3220 ι
1449 3171 1666 3241 προσεῖ-

87 3281 198 3318 πεν.
253 3263 329 3316 Εἴ
360 3281 452 3325 τις
483 3263 541 3316 δὲ
582 3264 766 3327 αὐτοῖς
796 3264 898 3334 τῆς
944 3263 1201 3334 ἀληθείας
1235 3265 1329 3316 καὶ
1380 3261 1666 3334 ἀκριϐείας

84 3355 232 3422 λόγος
266 3355 448 3425 ὑπῆν,
473 3355 576 3408 οὐκ
609 3355 675 3408 ἂν
703 3355 1002 3424 τηλικαῦτα
1039 3355 1278 3408 ἔπταιον.
1311 3355 1530 3426 Πρῶτον
1569 3353 1666 3424 μὲν

86 3448 186 3518 γὰρ
213 3447 371 3516 αὐτῷ
403 3446 486 3516 τῷ
520 3447 706 3516 φάναι,
746 3447 996 3510 Ἡσαΐαν,
1030 3447 1142 3510 καὶ,
1191 3446 1423 3518 Ἰσραὴλ,
1455 3443 1664 3515 ἀνθρὼ-

89 3558 213 3602 ποιδς
243 3540 490 3609 ἐδήλωσε
512 3557 526 3570 ο
563 3539 904 3610 προσέθηκεν
940 3539 996 3591 δὲ
1029 3541 1148 3591 κατ’
1177 3537 1452 3608 ἐξαίρετον
1487 3538 1666 3600 αὐτοῖς

88 3632 141 3682 τὸ
177 3649 194 3680 ι
234 3628 344 3700 μοῦ
389 3648 410 3679 ι
446 3629 525 3691 ὡς
554 3627 706 3700 αὐτῷ
731 3631 853 3691 ταῖς
884 3629 1112 3700 πράξεσι
1140 3645 1215 3698 πρ
1228 3629 1533 3697 οσήκουσιν.
1564 3626 1666 3678 Τὸν

100 3723 326 3774 Ἡσαΐαν
355 3720 413 3772 δὲ
462 3719 628 3772 παῖδα
659 3719 913 3783 ἐκάλεσε,
947 3718 1090 3772 τοῦτ’
1131 3719 1277 3771 ἐστιν
1305 3717 1543 3786 οἰκέτηψ
1578 3715 1666 3770 τὸν

91 3813 139 3864 δὲ
183 3811 415 3883 Ἰσραὴλ
468 3811 834 3878 πρωτότοκον,
868 3811 942 3874 ὡς
973 3809 1188 3882 πρῶτον
1231 3808 1532 3880 ἀρξάμενον
1573 3808 1667 3859 λα-

91 3903 300 3971 τρεύειν
334 3901 516 3970 αὐτῷ,
552 3901 647 3954 καὶ
679 3900 806 3954 ὄντα
843 3903 909 3972 τῇ
941 3902 1067 3971 περὶ
1101 3900 1260 3952 αὑτὸν
1289 3898 1544 3960 διαθέσει,
1577 3898 1669 3949 καὶ

93 3993 329 4062 ςροντίδι
355 3993 458 4045 τοῦ
488 3991 656 4054 Θεοῦ,
710 3993 767 4044 ὲν
793 3992 942 4056 τάξει
983 3990 1121 4045 υἱοῦ.
1156 3991 1316 4044 Ὥστε
1342 3991 1402 4043 τὸ
1430 4009 1447 4040 t
1487 3988 1608 4058 μοῦ,
1645 4009 1662 4037 ι

94 4084 178 4135 ἐπὶ
214 4084 317 4154 μὲν
358 4081 463 4134 τοῦ
506 4081 760 4151 ἀληθινοῦ
789 4082 903 4135 υἱοῦ
936 4084 1029 4134 καὶ
1061 4079 1153 4134 τοῦ
1199 4079 1449 4151 ἀληθινοῦ
1500 4077 1670 4132 Πνεῦ-

99 4191 260 4243 parte;
299 4175 605 4243 λεγόμενον
645 4174 798 4243 παρὰ
829 4171 924 4226 τοῦ
953 4172 1110 4239 Θεοῦ,
1144 4171 1244 4243 τὴν
1275 4171 1544 4224 οἰκείωσιν
1572 4170 1670 4238 τῆς

95 4266 308 4333 etiam;
336 4266 532 4336 δηλοῖ·
567 4266 660 4318 ἐπὶ
702 4265 760 4318 δὲ
787 4264 894 4318 τῶν
929 4264 1102 4318 ἄλλων
1141 4265 1378 4331 πάντων,
1419 4263 1478 4315 τὸ
1523 4261 1670 4332 αὐτῴ

98 4360 231 4411 κατά
261 4358 598 4411 δεσποτείαν
631 4357 664 4427 ἢ
705 4357 886 4410 πίστιν
929 4356 1203 4427 διαφέρειν
1224 4373 1237 4388 ’
1267 4356 1343 4419 ὡς
1386 4355 1480 4408 καὶ
1511 4355 1670 4426 ἡμεῖς

1761 525 1919 576 modo
1968 538 2076 592 quo
2124 523 2292 577 Filius
2329 525 2504 578 dixit:
2545 544 2562 576 ι
2595 525 2694 592 Qui
2743 529 2876 581 vidit
2903 529 3015 598 (7'2)
3049 545 3154 597 me,
3195 531 3329 585 vidit

1759 613 2011 681 Patrem;
2043 635 2060 666 ι
2114 625 2211 671 et:
2253 635 2271 666 ι
2304 615 2415 685 Ego
2451 617 2567 688 (75)
2623 633 2650 670 a
2703 618 2860 671 Patre
2909 621 3071 674 exivi.
3106 641 3125 673 ι
3180 621 3326 675 Nihil

1725 717 1732 723 λ
1762 704 1906 758 enim
1934 704 2156 758 omnino
2217 707 2358 774 quod
2390 708 2679 760 secundum
2719 710 3028 773 essentiam,
3064 719 3154 761 aut
3185 718 3322 764 tem-

1760 808 1881 863 pus,
1920 803 2011 848 aut
2055 795 2278 863 gloriam
2321 797 2544 852 inferius
2593 799 2682 863 sit,
2726 806 2892 851 totam
2941 801 3198 855 exhibere
3265 816 3327 856 ac

1762 881 2148 955 reprmsentare
2191 889 2330 944 valet
2360 889 2658 953 veritatem,
2697 900 2786 943 aut
2821 891 2870 944 ei
2913 891 3188 946 conforme
3215 892 3328 964 (74)

1761 990 1906 1038 esse,
1950 987 2006 1032 et
2032 979 2222 1048 aequali
2271 995 2390 1034 cum
2423 981 2534 1050 ipsa
2577 971 2805 1036 veritate
2837 983 2996 1053 120
3024 985 3329 1054 cognitione

1761 1069 2014 1135 cognosci
2045 1086 2061 1123 :
2094 1084 2192 1124 nec
2223 1080 2476 1140 praeterea
2513 1083 2688 1142 potest
2736 1074 2854 1142 quis
2897 1089 3079 1129 veram
3117 1076 3330 1130 deitatis

1767 1159 2237 1229 participationem
2262 1165 2519 1233 consequi
2547 1180 2640 1232 per
2660 1175 2961 1219 creaturam
2995 1185 3008 1220 ;
3034 1168 3193 1221 datur
3230 1183 3326 1221 au-

1767 1257 1872 1300 tem
1911 1247 2145 1317 Spiritus
2196 1261 2416 1306 sanctus
2441 1269 2545 1306 non
2591 1255 2846 1309 concisim
2896 1265 2949 1310 et
2993 1271 3086 1325 per
3128 1269 3326 1328 partes.

1765 1339 1856 1391 sed
1890 1339 2099 1394 ratione
2126 1343 2574 1409 participationis,
2609 1355 2664 1398 et
2697 1345 2818 1413 quia
2852 1347 3056 1416 concipi
3091 1364 3196 1401 non
3235 1365 3329 1418 pn-

1766 1438 1891 1493 lest,
1926 1445 2047 1484 eum
2096 1431 2168 1485 ita
2217 1433 2461 1487 habitare
2508 1434 2558 1487 in
2609 1436 2782 1502 nobis,
2835 1447 2891 1490 nt
2928 1439 2997 1492 sit
3043 1439 3264 1494 alterius
3299 1459 3326 1492 a

1765 1516 1927 1572 Patre
1955 1529 2184 1587 naturte,
2215 1532 2308 1577 aut
2327 1527 2626 1580 sententiae.
2659 1527 2798 1593 Quin
2831 1529 2957 1583 illud
2981 1531 3142 1584 etiam
3171 1533 3327 1586 simul

1771 1611 2008 1664 ostendit
2063 1613 2282 1668 tonitrui
2337 1616 2476 1670 ﬁlius
2505 1617 2638 1686 (75),
2673 1620 2760 1673 ubi
2809 1629 2890 1674 est
2939 1620 3171 1691 Spiritus
3214 1639 3328 1676 san.

1770 1708 1911 1762 ctus,
1948 1701 2018 1755 ibi
2061 1705 2249 1759 adesse
2277 1707 2440 1760 Deum
2475 1707 2710 1774 Patrem,
2753 1712 2902 1781 cujus
2926 1724 3006 1766 est
3046 1714 3281 1784 Spiritus
3315 1735 3325 1767 :

1776 1791 1824 1844 id
1851 1794 1993 1859 quod
2019 1793 2133 1862 ipse
2160 1810 2372 1864 quoque
2397 1796 2539 1852 Dens
2569 1811 2726 1855 antea
2754 1802 3048 1859 inclamans
3079 1806 3288 1860 dixerat
3314 1827 3326 1859 :

1774 1899 1792 1931 ι
1830 1881 2144 1939 lnhabitabo
2168 1887 2280 1957 (76)
2305 1888 2356 1941 in
2392 1889 2489 1952 eis,
2528 1901 2579 1944 et
2611 1893 2975 1958 inanibnlabo,
3004 1903 3056 1949 et
3091 1913 3185 1950 ero
3211 1898 3329 1950 illo-

1770 1989 1886 2028 rutn
1914 1975 2080 2041 Deus,
2114 1988 2168 2031 et
2203 1980 2300 2048 ipsi
2328 1993 2490 2035 erunt
2520 1983 2746 2051 populus
2771 1999 2939 2040 meus.
2971 2005 2992 2039 ι
3033 1987 3187 2042 Sicut
3213 2004 3333 2042 rur-

1767 2079 1857 2119 sus
1899 2070 2264 2137 exopposito
2303 2070 2562 2138 declarat,
2612 2074 2655 2126 si
2700 2076 2788 2144 qui
2837 2076 3093 2144 Spiritum
3137 2077 3232 2133 Dei
3277 2096 3330 2130 ut

1767 2169 1952 2209 verum
1995 2158 2156 2211 Deum
2207 2175 2310 2213 non
2350 2162 2569 2227 habent,
2607 2178 2699 2218 eos
2749 2181 2816 2219 ne
2865 2165 3077 2220 Patrem
3114 2171 3326 2238 quidem

1771 2247 1974 2302 habere
2007 2260 2062 2302 ut
2091 2249 2248 2304 talem
2278 2269 2290 2304 :
2327 2251 2394 2306 iis
2421 2267 2622 2319 autem,
2647 2257 2786 2324 apud
2810 2272 2944 2325 quos
2970 2260 3090 2312 talis
3118 2275 3221 2313 non
3252 2273 3334 2314 cst

1767 2338 1948 2404 Pater,
1981 2342 2115 2396 nihil
2145 2358 2354 2408 verum,
2386 2347 2517 2400 nihil
2559 2355 2751 2412 tutum,
2787 2351 2922 2405 nihil
2959 2352 3170 2407 lirmum
3202 2369 3325 2409 esse

1767 2443 1962 2502 potest.
2002 2436 2152 2490 Sicut
2182 2439 2297 2494 vice
2328 2455 2478 2492 versa
2506 2440 2811 2510 quicunque
2841 2444 2906 2498 de
2931 2445 3046 2513 ipso
3083 2447 3329 2515 loquens.

1767 2527 2014 2594 quamvis
2054 2528 2341 2585 haereticus
2382 2531 2567 2596 fuerit,
2603 2536 2644 2586 si
2695 2535 3056 2605 interrogetur
3098 2540 3162 2592 de
3200 2555 3306 2608 qun

1769 2630 1891 2668 nam
1931 2616 2119 2686 spiritu
2167 2619 2414 2685 disserat,
2471 2639 2490 2672 ι
2518 2622 2583 2676 de
2619 2633 2829 2688 salmto,
2863 2642 2882 2675 ι
2921 2626 3157 2696 inquiet;
3194 2644 3257 2682 ac
3287 2632 3329 2681 si

1769 2717 1958 2757 rursus
2028 2715 2285 2775 urgeatur
2330 2707 2700 2778 interrogatio,
2755 2727 2774 2762 ι
2808 2713 2874 2766 de
2918 2729 3023 2783 quo
3062 2726 3268 2785 sancto,
3312 2737 3329 2770 ι

1766 2809 1987 2849 necesse
2019 2805 2103 2849 est
2151 2799 2296 2851 utad
2348 2799 2717 2869 explicandam
2749 2803 3049 2862 clarissime
3095 2820 3329 2864 mentem

1729 2896 1732 2900 '
1767 2903 1918 2942 suam
1958 2889 2102 2943 dicat
2134 2908 2149 2943 :
2187 2908 2206 2942 α
2234 2891 2298 2944 de
2337 2890 2538 2960 Spiritu
2578 2893 2703 2964 Dei;
2741 2913 2761 2948 ι
2799 2912 2918 2952 cum
2969 2899 3058 2952 alii
3105 2901 3328 2970 spiritu.

1767 2993 1874 3032 non
1913 2980 2020 3033 sint
2061 2981 2494 3036 substantialiter
2527 2985 2696 3054 ipsius
2731 2985 2847 3042 Dei.
2875 2988 3118 3045 Hteretici
3155 3001 3330 3046 autem

1767 3088 1886 3126 cum
1917 3073 2288 3144 sibimetipsis,
2333 3083 2442 3128 tum
2492 3078 2826 3135 auditoribus
2869 3096 3058 3151 graves
3123 3097 3186 3137 ac
3218 3099 3332 3138 ino-

1767 3164 1908 3228 lesti,
1957 3177 2195 3230 sanctos,
2251 3168 2341 3235 qui
2399 3169 2556 3224 nobis
2617 3178 2670 3224 et
2711 3171 2841 3240 ipsis
2888 3173 3139 3230 meliores
3187 3189 3332 3241 sunt,

1767 3256 2045 3326 multoque
2096 3257 2528 3325 excellentiores,
2563 3262 2764 3332 quique
2793 3263 3048 3320 divinitus
3089 3266 3330 3337 inspirati

1767 3347 1832 3400 de
1861 3345 2064 3416 Spiritu
2101 3359 2290 3405 sancto
2321 3337 2688 3420 scripserunt,
2721 3356 2913 3424 quibus
2943 3361 3164 3424 proinde
3200 3378 3330 3415 cnn-

1769 3442 1933 3493 traria
1965 3449 2205 3496 statuere
2256 3457 2360 3495 non
2396 3444 2540 3511 licet,
2585 3445 2834 3502 violentis
2864 3451 3147 3505 conatibus
3183 3453 3334 3506 inm-

1767 3530 1917 3597 dunt,
1965 3540 2017 3586 et
2049 3533 2233 3586 eorum
2282 3533 2444 3587 verba
2492 3533 2841 3590 calumniosis
2877 3537 3334 3607 interpretationi.

1767 3622 1866 3675 bus
1907 3633 2235 3692 pervertunt.
2285 3623 2377 3679 Sic
2425 3626 2566 3679 enim
2623 3628 2688 3680 ad
2732 3632 2956 3683 verbum
2997 3631 3111 3702 (77)
3138 3633 3284 3687 aiunt
3318 3656 3330 3690 :

1767 3712 1899 3767 Cum
1940 3714 2016 3766 ait
2059 3713 2222 3780 Deus,
2262 3735 2280 3766 ‹
2312 3714 2452 3769 Puer
2475 3715 2587 3786 (78)
2616 3732 2765 3774 meus
2795 3720 2987 3786 Isaias;
3023 3743 3039 3773 ι
3083 3732 3156 3788 et,
3196 3743 3214 3775 ι
3247 3725 3334 3778 Fi-

1769 3805 1870 3860 lius
1905 3807 2016 3876 (79)
2065 3807 2453 3876 primogenitus
2492 3823 2643 3864 meus
2675 3809 2858 3874 Israel,
2889 3830 2907 3863 ι
2951 3814 3190 3883 nunquid
3233 3831 3331 3870 vox

1770 3895 1878 3960 illa,
1916 3915 1933 3946 ι
1967 3911 2136 3962 meus,
2167 3916 2186 3948 ι
2223 3899 2478 3963 ostendit,
2516 3909 2763 3953 naturam
2804 3903 3091 3957 humanam
3133 3904 3331 3962 habere

1769 3987 1968 4056 aliquid
2003 4002 2290 4043 commune
2328 4004 2450 4043 cum
2488 3989 2582 4043 Dei
2617 3991 2848 4046 natura?
2875 3993 3026 4048 Sicut
3069 4009 3215 4064 ergo,
3251 4000 3302 4052 in

1769 4077 1982 4145 qniunt,
2032 4079 2145 4132 hate
2173 4077 2308 4132 dixit
2339 4079 2500 4143 Deus,
2533 4091 2801 4148 quatenus
2837 4082 2940 4136 illis
2969 4099 3130 4138 causa
3161 4097 3244 4142 est
3278 4100 3336 4141 ut

1770 4167 2069 4233 exsistant;
2097 4169 2168 4220 ita
2191 4177 2242 4221 et
2265 4183 2450 4224 eorum
2475 4171 2877 4242 animationem,
2895 4171 3151 4244 Spiritum
3178 4194 3332 4232 suum

1772 4260 2002 4312 vocavit.
2049 4259 2118 4312 At
2175 4261 2218 4313 si
2265 4275 2426 4329 quam
2469 4263 2542 4316 illi
2589 4265 2830 4320 veritatis
2874 4276 3037 4337 atque
3071 4283 3336 4327 accuratus

1774 4347 2232 4418 interpretationis
2286 4351 2548 4406 rationem
2594 4353 2874 4421 haberent,
2922 4360 2973 4412 in
3029 4361 3332 4430 bnjusmodt

99 4451 368 4521 εἱιὲιθαμεν
403 4450 611 4518 λέγειν,
644 4450 736 4502 ἐπὶ
769 4451 864 4520 μὲν
890 4450 997 4503 τῶν
1025 4448 1325 4520 ὀμοουσίων
1355 4450 1504 4518 ἡμῖν,
1545 4465 1560 4496 t
1613 4448 1670 4497 ὐ

1844 4456 1986 4494 mres
2021 4456 2125 4494 non
2159 4441 2477 4498 inciderent.
2515 4441 2645 4498 Nam
2681 4447 2911 4514 primum
2942 4466 3006 4505 eo
3043 4454 3158 4521 ipso
3195 4461 3334 4525 quod

101 4545 208 4605 eis;
236 4561 363 4612 μου,
402 4542 468 4594 τὸ
504 4540 725 4609 πνεῦμά
758 4558 886 4610 μου·
925 4561 942 4592 ι
973 4541 1063 4593 ἐπὶ
1093 4540 1149 4592 δὲ
1186 4538 1294 4592 τῶν
1323 4537 1334 4608 [
1367 4537 1434 4590 54
1473 4535 1543 4607 b]
1574 4536 1669 4588 ἀλ-

103 4637 221 4697 λων,
263 4655 281 4686 ι
328 4635 391 4687 ὐ
439 4634 613 4705 ἀγρός
647 4651 770 4704 μου,
802 4635 830 4686 6
854 4634 1016 4695 ἵππος
1049 4648 1173 4702 μου,
1215 4649 1233 4682 ι
1273 4629 1408 4682 ἀλλὰ
1438 4629 1554 4690 καὶ,
1586 4647 1603 4676 ι
1645 4629 1673 4679 6

105 4723 225 4786 826;
278 4742 402 4795 μου.
461 4742 478 4773 ι
536 4724 636 4774 ’ον
667 4723 866 4792 τρόπον
895 4722 1002 4792 γὰρ
1035 4721 1125 4774 τὸν
1156 4721 1253 4791 τῆς
1286 4719 1435 4781 θείας
1461 4718 1674 4788 φύσεως

107 4816 466 4868 ὲνυπδστατον
504 4814 700 4875 Λόνον,
735 4814 794 4867 οὐ
823 4813 883 4866 τὺ
914 4812 1100 4877 ἁπλῶς
1131 4813 1227 4866 καὶ
1259 4808 1673 4879 ἀπολελυμένως

167 5031 276 5098 (7'2)
317 5031 422 5096 Qui
449 5031 598 5084 vidit.
627 5029 781 5084 Joan.
817 5046 924 5095 ιη’,
947 5031 1000 5085 9.

170 5103 281 5166 (75)
315 5101 455 5172 Ego.
482 5099 643 5156 Joan.
671 5115 801 5172 avt,
825 5101 915 5165 27,
949 5101 1041 5172 ‘28.

173 5173 280 5240 (Π)
323 5168 628 5239 Cbnforme.
667 5170 724 5223 In
764 5169 970 5240 Graeco,
1001 5168 1262 5240 ὁμοειδές.
1316 5169 1481 5237 Cujus
1529 5186 1676 5225 voms

111 5243 304 5293 nullum
338 5244 390 5293 in
426 5241 743 5308 vulgaribus
771 5239 957 5294 lexicis
989 5239 1212 5293 affertur
1239 5243 1560 5308 ext-emplum.
1599 5241 1674 5294 Ea

113 5320 282 5364 tamen
319 5325 453 5365 usus
496 5319 601 5372 est,
650 5321 707 5362 ut
745 5311 878 5362 alios
913 5318 1141 5376 taceam,
1176 5309 1247 5364 Μ.
1278 5310 1532 5366 Aurelius
1563 5313 1676 5366 An-

115 5381 320 5432 toninus
353 5382 452 5434 lib.
475 5395 557 5441 Vl,
592 5395 738 5434 num.
769 5379 858 5436 37.
889 5389 942 5432 et
970 5379 1115 5432 alibi.

176 5449 288 5518 (‘35)
327 5449 588 5518 Tom’lruii
626 5450 787 5515 ﬁlius.
837 5449 892 5518 Id
931 5458 1034 5512 est,
1077 5448 1312 5504 Joannes
1346 5451 1477 5518 ipse.
1509 5451 1674 5505 Nemo

111 5522 244 5572 enim
270 5517 519 5589 ignorat,
559 5517 816 5589 Jacobnm
845 5517 1086 5589 Zebedaei
1123 5522 1310 5583 lilium,
1339 5517 1391 5574 et
1414 5520 1674 5575 Joannem

111 5590 222 5656 ejus
260 5587 484 5642 fratrem
519 5605 550 5641 a
587 5587 805 5643 Christo
854 5587 1080 5642 Domino
1105 5591 1242 5658 apud
1275 5591 1439 5644 Marc.
1472 5607 1551 5651 Ill,
1585 5592 1671 5644 17.

113 5674 134 5708 ι
157 5658 622 5729 Βοαιιετεεεριιοο
645 5668 746 5721 est,
781 5658 1028 5729 «tonitrui
1057 5659 1246 5723 ﬁlios,»
1274 5664 1677 5729 cogumninatos

112 5740 250 5784 esse.
284 5727 520 5785 De’vooe
542 5738 724 5784 autem
749 5729 862 5798 ipsa
907 5727 1287 5800 «BoanergeSi
1329 5727 1462 5800 lege,
1499 5733 1540 5788 si
1565 5733 1676 5801 pla-

1771 4531 1987 4594 lsaiatn,
2018 4539 2070 4584 et
2103 4530 2268 4586 Israel
2302 4535 2622 4599 nominavit,
2666 4538 2731 4589 de
2763 4539 3067 4594 hominibus
3101 4559 3157 4596 se
3190 4545 3331 4614 loqui

1770 4623 2026 4674 ostendit.
2063 4620 2131 4675 Ut
2167 4638 2293 4676 vero
2316 4639 2408 4677 eos
2455 4641 2483 4676 a
2517 4627 2737 4694 reliquis
2773 4641 3098 4695 secerneret,
3132 4635 3337 4690 addidit

1775 4713 1926 4780 121
1955 4713 2018 4765 iis
2049 4728 2338 4782 pronomen
2371 4714 2517 4779 illud,
2551 4731 2750 4781 uneus,
2791 4736 2810 4768 ι
2845 4721 2999 4786 quasi
3024 4724 3092 4773 ob
3124 4723 3331 4778 illorum

1773 4813 1919 4874 gesta
1947 4805 2062 4874 ejus
2094 4805 2378 4874 propinqui
2411 4804 2606 4861 forent.
2633 4808 2708 4862 Ac
2745 4807 2936 4862 lsaiam
2963 4812 3173 4880 quidem
3207 4833 3334 4881 pue-

1778 4987 1882 5037 cet,
1911 4976 2115 5048 Possini
2147 4975 2481 5045 Spicilegium
2509 4981 2875 5048 evangelicum.

1844 5045 2319 5122 (76)]η1εαὺὶιαὺο.
2349 5049 2388 5122 ll
2437 5049 2568 5122 Cor.
2608 5045 2658 5104 vi
2684 5095 2696 5117 ,
2760 5055 2860 5115 16;
2924 5056 3096 5114 Levit.
3164 5077 3289 5116 ικνι
3317 5108 3328 5122 .

1774 5115 1883 5180 ll,
1935 5115 2129 5187 12η1ιι
2178 5119 2408 5170 secunda
2447 5119 2660 5185 quidem
2686 5115 2770 5174 ad
2825 5124 3130 5184 Corinthios
3166 5115 3331 5187 Biblizi

1773 5200 1869 5255 pro
1899 5186 2250 5271 pouphoabet'irt
2289 5203 2424 5271 ‘EO'L.
2481 5189 2558 5271 In.
2591 5190 2825 5271 Luvitico
2866 5201 3044 5271 autem
3078 5186 3332 5271 Complu-

1774 5254 1939 5342 tensis
1971 5254 2135 5307 editio
2163 5273 2173 5306 :
2202 5254 2608 5342 Ιςαὶθήισωῃτῂν
2639 5264 2844 5342 σκηνῄν
2875 5254 3328 5342 pupugit/1...

1775 5325 1884 5408 Καὶ
1911 5325 2346 5412 έμῖερνιπαῖησω
2389 5325 2627 5412 ἐνῦριῖν,
2649 5325 2742 5385 καῖ
2770 5325 2960 5406 ἐσοῂαι
2988 5325 3140 5412 ὑμῶν

1773 5393 2268 5466 καὶ-ἰέμεξςίέσεσθέ
2310 5412 2398 5466 μοι
2428 5393 2681 5462 εἰς’λαόν.

1845 5463 1956 5545 (7-7)
1989 5464 2070 5545 Ad
2093 5463 2572 5545 υεγὺιιηιζηνὶᾳοιιιιι
2589 5473 2673 5525 hic
2697 5472 2890 5545 afferre
2916 5477 3030 5545 ipsa
3086 5481 3332 5538 Eunontii

1774 5531 2250 5603 aut_lliaced0Iti:ini
2282 5535 2506 5603 alicujus
2530 5542 2765 5598 hatretici
2800 5531 2979 5602 verba.

1845 5601 1954 5669 (78.)
1985 5602 2141 5656 Puer.
2185 5604 2286 5658 lsa.
2318 5601 2504 5670 xx,75.

1847 5673 1956 5742 (79)
1992 5671 2181 5728 Filius.
2215 5675 2384 5731 Exod.
2414 5692 2487 5745 tv,
2515 5678 2604 5736 22.
