3766 6314
412 300 523 355 16⁸5

1650 290 1881 345 DlDYMl
1920 290 2387 345 ALEXANDRINI

3568 296 3675 349 46ιὶ

422 431 541 469 runt
574 411 809 473 vocavit,
833 411 882 464 id
900 420 1004 472 est,
1027 423 1241 462 servum
1266 410 1549 472 ,tsute'tcm
1574 421 1702 459 vero
1728 420 1996 474 prttnOge-

2131 403 2348 475 ἰρῆσθαι
2386 405 2509 456 Υἱὸν
2532 446 2544 463 ,
2578 406 2670 457 καὶ
2707 407 3003 475 Μονογενη,
3034 407 3128 459 καὶ
3159 408 3330 475 Λόγον
3368 406 3463 459 τοῦ
3496 407 3674 467 Θεοῦ,

422 508 611 566 nitum,
640 503 835 573 quippe
851 502 941 571 qui
962 500 1133 571 ipsum
1156 500 1382 554 adorare
1409 498 1637 567 primum
1665 497 1830 566 empit
1858 497 1989 567 (80).

419 607 473 652 et
526 604 767 664 spectata
826 608 948 647 cum
1008 606 1103 645 sua
1160 591 1211 644 itt
1278 589 1445 645 Deutn
1507 586 1828 654 aﬁcctione,
1884 598 1993 639 tum

420 692 513 747 Dei
574 691 740 758 ipsius
788 704 916 744 cura
969 698 1023 743 et
1080 687 1475 747 sollicitudine.
1516 685 1637 740 loco
1688 686 1783 739 lilii
1852 693 1990 738 erat.

420 784 605 850 Itaque
645 796 767 844 vox,
805 797 822 829 3
850 794 1031 841 meus,
1060 797 1077 827 3
1113 780 1177 832 de
1201 793 1329 831 vero
1360 775 1578 845 quidem
1626 775 1762 830 Filio
1786 817 1801 841 ,
1837 786 1890 829 et
1930 777 1997 829 de

422 888 552 927 vero
597 871 801 942 Spiritu
854 871 995 925 dicta
1046 886 1073 921 a
1107 869 1240 933 Deo,
1300 870 1681 939 proprietatem
1718 868 1829 938 (8|)
1866 883 1995 921 con-

418 965 857 1033 junctionemque
912 961 1180 1031 signiﬁcat
1235 972 1473 1025 naturae;
1528 962 1595 1014 de
1646 960 1767 1015 aliis
1816 969 1993 1014 autem

423 1057 673 1112 omnibus
709 1070 828 1110 eum
856 1053 1073 1117 dicitur,
1101 1054 1342 1118 denotat,
1374 1067 1467 1107 eos
1496 1059 1703 1106 attenta
1753 1050 1997 1104 domina-

423 1149 587 1206 tionis
636 1156 728 1202 aut
781 1146 901 1201 ﬁdei
958 1146 1169 1201 ratione
1202 1146 1270 1199 ab
1304 1146 1420 1214 ipso
1470 1144 1706 1198 tliﬁ‘erre.
1768 1146 1847 1197 Ita
1899 1156 1996 1197 nos

430 1255 647 1312 quoque
678 1238 856 1294 dicere
896 1238 1275 1293 consuevimus
1320 1252 1427 1292 non
1456 1235 1615 1290 modo
1644 1235 1710 1289 de
1762 1234 1848 1301 iis,
1878 1249 1996 1302 qua:

422 1331 578 1387 nobis
605 1337 733 1386 sunt
763 1327 1274 1390 consubstantialia,
1314 1346 1331 1377 3
1377 1326 1518 1380 ﬁlius
1548 1342 1699 1381 meus
1721 1367 1736 1391 ,
1774 1325 1997 1393 spiritus

422 1437 612 1489 meus;
652 1439 671 1473 3
698 1420 791 1476 sed
823 1430 877 1475 et
898 1419 966 1474 de
993 1420 1133 1484 aliis,
1164 1437 1181 1469 3
1226 1433 1354 1487 ager
1378 1433 1548 1482 meus,
1578 1432 1750 1486 equus
1774 1432 1944 1479 meus,
1972 1435 1989 1467 3

421 1510 530 1561 imo
564 1508 749 1573 etiam,
784 1524 803 1558 3
826 1507 967 1561 Deus
989 1520 1158 1559 meus.
1200 1521 1218 1554 3
1264 1504 1394 1558 Nam
1424 1504 1880 1573 quemadmodum
1916 1506 1998 1559 di-

419 1599 559 1653 vina:
595 1606 802 1652 natura:
837 1595 1138 1650 subsistens
1188 1593 1417 1649 Verbum
1449 1609 1513 1647 ex
1568 1594 1842 1664 hypostasi
1900 1592 1994 1647 Dei

424 1689 663 1760 genitum
686 1700 809 1742 esse
838 1684 1141 1741 ostenditur
1174 1698 1277 1737 non
1312 1684 1629 1751 simpliciter
1654 1694 1708 1737 et
1752 1683 1996 1737 absolute

2098 496 2191 549 καὶ⁵
2238 496 2493 566 Χριστὸν,
2543 496 2780 549 δείκνυσι
2824 498 3152 568 γεγενῆσθαι
3195 501 3257 550 ἐκ
3286 498 3386 567 τῆς
3428 499 3676 550 ὑποστα-

2099 603 2234 649 σεως
2260 586 2354 639 τοῦ
2395 586 2551 648 Θεοῦ,
2582 586 2718 639 ἀλλὰ
2743 587 2805 641 τὸ
2850 588 2996 659 ἔχειν
3029 588 3376 658 συνημμένην
3411 587 3512 658 τὴν
3550 589 3679 640 συλ-

2096 672 2263 747 λαϐὴν
2295 676 2386 729 τοῦ
2420 697 2437 727 3
2478 695 2579 748 μου
2612 697 2630 728 3
2668 678 2762 730 καὶ
2794 698 2811 729 3
2852 696 2943 732 σου
2976 699 2995 731 3
3034 682 3050 750 (
3071 681 3144 743 ῶς
3169 680 3329 750 ἡνίκα
3352 683 3380 732 6
3413 680 3514 749 μὲν
3544 680 3677 742 Θεὸς

2096 768 2227 840 λέγῃ
2252 787 2265 801 ·
2306 787 2324 819 3
2364 763 2533 832 Οὗτός
2567 770 2713 822 ἐστιν
2741 773 2769 823 6
2802 769 2927 833 Υἱός
2962 788 3063 841 μου
3100 771 3129 822 6
3156 771 3440 842 ἀγαπητός
3462 788 3473 799 ’
3517 791 3539 823 3
3585 774 3675 822 καὶ

2099 862 2259 915 πάλιν
2280 879 2293 891 °
2332 880 2351 913 ι
2390 862 2449 914 '0
2480 862 2635 930 λόγος
2666 878 2766 933 μου
2790 864 2818 915 6
2838 862 3071 931 ἀγαθός·
3108 882 3127 914 3
3161 864 3272 929 καὶ,
3300 883 3318 913 3
3365 864 3677 932 ’Πτοίμασα

2097 950 2288 1020 λύχνον
2318 951 2397 1022 τῷ
2429 952 2651 1022 Χριστῷ
2696 969 2797 1022 μου
2818 968 2832 981 ο
2877 970 2897 1002 3
2938 954 3097 1021 ἡμεῖς
3129 951 3184 1004 δὲ
3218 950 3673 1021 ἁνευφημοῦμεν,

2109 1044 2165 1096 Ὀ
2217 1044 2345 1105 Υἱός
2393 1061 2521 1096 σου·
2574 1047 2601 1098 6
2648 1045 2958 1115 Μονογενής
3003 1060 3124 1097 σου”
3160 1046 3188 1097 6
3232 1046 3468 1116 Χριστος
3510 1050 3674 1111 σον)·

2098 1136 2219 1189 οὐδέ
2254 1153 2316 1204 γε
2354 1136 2457 1207 μὴν
2494 1137 2554 1189 τὸ
2586 1135 2890 1205 ὁμωνύμως
2922 1137 2954 1206 ἢ
2993 1138 3316 1207 συνωνύμως
3352 1139 3485 1206 περὶ
3516 1138 3676 1207 ἡμῶν

2097 1225 2447 1296 γεγράφθαι,
2492 1245 2510 1279 3
2552 1227 2670 1279 Υἱοὶ
2710 1225 3049 1298 ἀνθρώπων,
3084 1228 3187 1290 ἓως
3219 1228 3348 1280 πότε
3391 1227 3677 1299 Bap-mi?

2099 1320 2236 1385 διοι;
2276 1339 2293 1370 3
2330 1319 2539 1384 ὲξέλκει
2572 1320 2661 1373 τὸν
2695 1320 2819 1372 Υἱὸν
2871 1319 2964 1372 τοῦ
3024 1319 3156 1372 Θεοῦ
3189 1322 3221 1389 ἡ
3249 1323 3545 1390 ὁμωνυμία
3580 1324 3675 1391 τῆς

2098 1408 2383 1479 Θεότητος’
2411 1409 2553 1462 οὓτω
2585 1409 2646 1461 16
2672 1409 2823 1476 ἂγιον
2857 1408 3097 1478 Πνεῦμα,
3130 1409 3190 1460 ού
3220 1408 3277 1459 τὸ
3310 1408 3501 1471 ἁπλῶς
3534 1410 3679 1478 εἰρῆ-

2100 1496 2224 1550 σθαι
2260 1497 2512 1568 Πνεῦμα,
2547 1498 2682 1551 ἀλλὰ
2718 1498 2779 1550 16
2815 1498 3081 1567 συνῆφθαι
3115 1496 3190 1565 τῷ
3224 1497 3489 1567 ὀνόματι,
3526 1497 3563 1567 ἦ
3605 1498 3675 1559 ὡς

2100 1590 2207 1643 ἀπὸ
2235 1590 2327 1643 τοῦ
2358 1589 2491 1643 Θεοῦ
2541 1590 2603 1643 16
2635 1611 2652 1639 3
2687 1608 2808 1659 μου,
2850 1609 2866 1639 3
2902 1590 2935 1659 ἢ
2971 1588 3044 1650 ὡς
3078 1588 3184 1641 ἀπὸ
3213 1588 3310 1657 τῆς
3339 1590 3581 1651 κτίσεως
3620 1589 3676 1638 16

2105 1700 2122 1732 ι
2164 1699 2292 1745 σου,
2348 1702 2366 1733 3
2404 1682 2436 1753 ἢ
2485 1681 2578 1735 καὶ
2622 1682 2720 1751 τὴν
2778 1701 2795 1732 3
2831 1681 3003 1749 ἅγιος.
3038 1680 3119 1749 »ἢ
3172 1697 3190 1729 3
3233 1679 3536 1749 ἄφθαρτος,
3575 1698 3592 1727 3
3641 1678 3670 1743 ἦ

426 1798 494 1835 ex
524 1795 589 1836 eo
612 1779 753 1849 quod
785 1778 1093 1831 nominetur
1111 1776 1303 1840 Filius,
1328 1785 1383 1829 et
1410 1773 1747 1843 Uuigeuitus,
1784 1785 1838 1828 et
1862 1773 1996 1828 Ver-

2159 1773 2373 1838 αἱώνιος
2426 1793 2444 1825 3
2474 1774 2616 1838 λέξιν
2648 1774 2799 1842 δηλοῖ
2827 1772 3262 1843 ὲκπεπορεῦσθαι
3293 1771 3429 1825 αὐτὸ
3461 1773 3527 1823 ἐκ
3578 1770 3670 1838 τῆς

423 1876 548 1928 bum
597 1870 714 1936 Dei,
768 1879 823 1924 et
848 1868 1102 1924 Christus
1130 1911 1143 1933 ,
1193 1866 1288 1921 sed
1330 1881 1397 1920 ex
1428 1880 1492 1919 eo
1544 1866 1685 1935 quod
1732 1866 1993 1919 adnexam

423 1964 704 2019 videamus
745 1961 812 2015 iis
848 1958 1295 2030 appellationibus
1359 1972 1541 2012 vocem
1570 1994 1585 2021 ,
1628 1975 1646 2007 3
1682 1971 1853 2020 meus,
1900 1976 1917 2008 3
1945 1967 1999 2011 et

431 2074 452 2107 3
488 2064 633 2119 tuus,
679 2073 698 2106 3
733 2053 814 2123 (ut
841 2068 962 2107 cum
990 2051 1129 2106 Deus
1168 2050 1359 2120 inquit,
1388 2068 1405 2101 3
1437 2048 1535 2105 Hic
1559 2061 1641 2103 est
1679 2049 1791 2120 (82)
1832 2048 1997 2103 Filius

426 2160 580 2200 meus
602 2143 858 2209 dilectus;
898 2160 917 2195 3
959 2152 1013 2196 et
1042 2157 1226 2195 rursus
1252 2180 1267 2203 ,
1306 2159 1323 2192 3
1360 2140 1551 2193 Sermo
1584 2138 1694 2205 (83)
1718 2154 1867 2192 meus
1900 2137 1997 2191 bo-

429 2252 564 2301 nus;
604 2254 623 2287 3
649 2246 704 2290 et
732 2275 749 2302 ,
788 2256 806 2285 3
840 2233 1030 2288 Paravi
1064 2234 1176 2305 (84)
1206 2236 1480 2288 lucernam
1519 2231 1737 2286 Christo
1773 2246 1929 2285 meo:
1972 2249 1989 2280 3

426 2343 659 2397 cumque.
694 2341 793 2381 nos
824 2325 1140 2389 clamamus,
1199 2343 1218 2376 3
1279 2324 1447 2379 Filius
1491 2332 1633 2385 tuus,
1680 2321 1998 2391 Unigeuitus

430 2434 574 2482 ttttts,
614 2418 859 2472 Christus
899 2425 1053 2481 tuus;
1076 2416 1125 2477 3)
1159 2430 1333 2483 neque
1367 2429 1496 2469 vero
1540 2430 1606 2468 ex
1640 2428 1703 2466 eo
1724 2412 1863 2481 quod
1901 2413 1995 2465 lto-

430 2525 711 2581 tnonytue,
742 2511 793 2562 id
825 2517 926 2573 est,
952 2508 1251 2574 aequivoce,
1291 2515 1383 2559 aut
1413 2520 1733 2575 synonytne,
1764 2505 1867 2559 hoc
1892 2514 1994 2569 est,

428 2605 655 2659 univoce
677 2604 741 2657 de
762 2600 917 2655 nobis
942 2600 1201 2668 scripturn
1227 2598 1295 2651 sit
1314 2596 1450 2667 (85),
1477 2614 1495 2646 3
1531 2595 1646 2648 Filii
1683 2595 1793 2666 (86)
1832 2594 1999 2648 homi-

428 2712 576 2760 num,
608 2706 886 2762 usquequo
914 2692 1063 2759 gravi
1095 2688 1296 2742 corde?
1329 2705 1347 2739 3
1384 2686 1573 2739 isthaec
1624 2682 1994 2753 homonymia,

428 2803 524 2841 seu
557 2785 834 2841 nominum
881 2781 1177 2838 similitudo
1203 2778 1397 2833 Filium
1430 2776 1523 2831 Dei
1553 2774 1789 2831 excludit
1814 2790 1843 2827 a
1885 2773 1997 2827 dei-

434 2889 582 2932 tate:
636 2877 713 2931 ita
752 2873 1015 2945 Spiritum
1067 2883 1313 2927 sanctum
1348 2884 1413 2923 ex
1457 2877 1681 2938 paterna
1726 2865 1996 2937 hypostasi

430 2968 762 3038 processisse
799 2964 1106 3021 ostenditur
1150 2978 1254 3017 non
1310 2977 1373 3015 ex
1404 2975 1469 3016 eo
1498 2959 1641 3030 quod
1684 2956 1999 3026 simpliciter

2100 1867 2371 1940 πατρικῆς
2423 1867 2803 1930 ύιιιιοστάσεως⁸
2858 1864 2981 1918 οὐδέ
3011 1880 3075 1932 γε
3111 1864 3214 1936 μὴν
3256 1864 3317 1916 τὸ
3360 1866 3671 1932 ὁμωνύμως

2100 1959 2355 2030 εἰρῆσθαι
2383 1958 2454 2011 τὰ
2485 1958 2835 2027 λειτουργικὰ
2870 1957 2961 2009 καὶ
2993 1954 3059 2007 τὰ
3104 1954 3255 2025 ἡμῶν
3290 1953 3609 2024 πνεύματα,

2100 2051 2251 2119 ἅγια,
2283 2051 2316 2123 ἢ
2353 2050 2566 2115 αἰώνια,
2601 2050 2810 2115 ὲξέλκει
2850 2050 2982 2102 αὐτὸ
3007 2048 3100 2101 τοῦ
3147 2046 3286 2100 κατά
3327 2045 3494 2114 φύσιν
3539 2040 3672 2095 εἶναι

2100 2142 2349 2213 ἀληθινὸν
2399 2141 2623 2211 Πνεῦμα
2658 2142 2750 2194 τοῦ
2791 2139 2946 2193 Θεοῦ.
2983 2140 3093 2193 Καὶ
3127 2140 3184 2191 ὲν
3220 2140 3333 2201 τοῖς
3379 2137 3670 2206 αἰνίγμασι

2098 2234 2208 2301 γὰρ
2243 2233 2427 2297 αὐτοῖς
2475 2236 2587 2297 τοῖς
2622 2233 2750 2304 περὶ
2784 2231 2946 2286 αὐτοῦ
2983 2230 3292 2302 εὑρίσκεταί
3333 2246 3419 2291 τις
3456 2228 3671 2287 παντως

2099 2325 2331 2395 δήλωσις
2354 2324 2484 2395 περὶ
2508 2324 2607 2394 τῆς
2633 2324 2783 2387 Θείας
2808 2322 2972 2378 αὐτοῦ
2999 2321 3209 2390 φύσεως
3242 2320 3337 2372 καὶ
3361 2318 3666 2388 δυνάμεως.

2102 2417 2183 2469 Τὰ
2215 2416 2273 2469 δὲ
2330 2416 2605 2486 κτίσματα
2640 2416 2774 2487 πρὸς
2822 2417 2921 2486 τὴν
2955 2414 3159 2469 ἑαυτῶν
3193 2413 3353 2483 φύσιν
3407 2414 3576 2465 ἔλαϐε
3617 2414 3671 2464 16

2100 2507 2253 2576 ἆγιον
2282 2509 2376 2561 καὶ
2402 2506 2639 2572 αἰώνιον,
2667 2509 2727 2560 οὐ
2776 2507 3031 2570 καθάπαξ
3054 2508 3226 2561 ταῦτα
3252 2506 3391 2559 κατὰ
3423 2507 3591 2574 φύσιν
3619 2506 3670 2571 ὲΞ

2100 2599 2305 2651 ἑαυτῶν
2345 2598 2555 2669 ἔχοντα.
2620 2598 2771 2651 Ἐπεὶ
2811 2599 2884 2670 μή
2925 2615 2989 2667 γε
3022 2598 3178 2651 αὐτοὶ
3223 2593 3366 2651 οῦτοι
3402 2600 3671 2668 αἱρετικεὶ

2099 2690 2443 2759 εὑρίσκονται
2488 2688 2919 2760 κατηγοροῦντες
2948 2689 3173 2753 ἑαυτῶν,
3216 2690 3296 2742 ὅτι
3338 2688 3401 2741 16
3436 2708 3454 2739 3
3507 2706 3614 2757 μου
3652 2708 3665 2736 3

2100 2782 2191 2833 ἐπὶ
2237 2781 2330 2833 τοῦ
2389 2781 2520 2834 Υἱοῦ
2570 2782 2663 2834 106
2708 2780 2865 2844 Θεοῦ,
2917 2782 3011 2834 καὶ
3057 2780 3118 2833 τὸ
3149 2800 3166 2831 3
3205 2780 3355 2848 ἆγιον
3393 2800 3414 2832 3
3470 2781 3569 2833 καὶ
3619 2780 3672 2832 1'6

2105 2892 2124 2924 3
2158 2873 2373 2926 αἰώνιον
2405 2892 2422 2925 3
2464 2873 2649 2937 ἁπλῶς
2674 2872 2917 2943 δέχονται
2957 2873 3031 2937 ὡς
3065 2872 3323 2941 ἀγγέλλον
3360 2871 3671 2941 ταυτὸτητα

2097 2964 2197 3034 τῆς
2246 2963 2430 3034 Οεῖκῆς
2460 2964 2706 3032 φύσεως;
2743 2965 2970 3016 Ἔπειτα
3015 2964 3150 3034 πρὸς
3194 2963 3427 3027 τούτοις,
3471 2964 3533 3015 06
3577 2964 3671 3031 τὴν

431 3070 655 3115 vocetur
703 3057 962 3128 Spiritus,
1020 3055 1112 3110 sed
1161 3070 1225 3109 ex
1273 3068 1337 3107 eo
1371 3053 1512 3120 quod
1555 3066 1795 3105 connexa
1839 3048 1999 3102 fuerit

2123 3055 2347 3126 ιιύχωσιν
2381 3055 2535 3126 ήμῶν
2580 3055 2795 3125 πνεῦμα
2827 3055 3103 3125 ὠνόμασεν
3135 3057 3193 3107 ὲν
3220 3058 3338 3118 ταῖς
3371 3056 3674 3126 προκειμέο

432 3154 555 3208 ltuic
589 3151 790 3207 nomini
818 3156 929 3215 aut,
958 3163 1079 3203 cum
1108 3146 1344 3215 loquitur
1378 3143 1542 3207 Deus,
1574 3158 1676 3197 vox
1717 3159 1735 3192 3
1776 3154 1947 3200 meus,
1975 3158 1992 3190 3

428 3254 543 3309 aut,
576 3257 697 3297 cum
731 3240 969 3309 loquitur
998 3246 1267 3301 creatura,
1296 3251 1394 3288 vox
1428 3254 1444 3285 3
1479 3245 1624 3297 tuus,
1663 3252 1680 3283 3
1718 3240 1809 3286 aut
1835 3231 1996 3285 etiam

432 3350 531 3386 vos
576 3351 595 3383 3
629 3339 879 3393 sanctus,
922 3348 940 3380 3
972 3326 1057 3383 vel
1088 3346 1105 3378 3
1139 3325 1586 3394 iucorruptibilis,
1613 3342 1631 3376 3
1669 3321 1750 3377 vel
1788 3341 1805 3374 3
1842 3331 1999 3376 teter-

436 3438 537 3476 nus
572 3437 585 3476 :
625 3439 644 3473 3
684 3434 859 3489 neque
887 3433 1015 3473 vero
1041 3434 1106 3474 ex
1140 3433 1204 3471 eo
1237 3417 1377 3485 quod
1422 3416 1745 3483 hontonyme
1774 3412 2001 3466 admini-

432 3513 673 3569 stratorii
692 3512 932 3583 Spiritus,
956 3526 1019 3565 ac
1047 3510 1215 3564 nostri
1243 3522 1459 3579 quoque
1503 3507 1725 3575 spiritus
1756 3514 1851 3558 aut
1880 3519 2001 3559 san-

433 3609 503 3662 cti
528 3607 703 3661 vocati
727 3604 944 3670 fuerint,
980 3613 1072 3657 aut
1093 3602 1302 3666 aeterni,
1340 3598 1586 3653 concludi
1614 3598 1769 3666 122
1801 3605 1998 3666 potest,

435 3716 557 3752 cum
590 3696 883 3753 secundum
941 3704 1191 3748 naturam
1230 3706 1334 3745 non
1371 3705 1489 3744 esse
1519 3703 1703 3743 verum
1737 3687 1999 3755 Spiritum

435 3790 561 3853 Dei;
585 3803 709 3843 nam
744 3787 829 3843 vel
864 3787 916 3841 in
945 3786 1073 3855 ipsis
1105 3782 1463 3839 locutionibus
1498 3781 1743 3846 arcanis,
1779 3794 1898 3847 qua:
1937 3779 2004 3832 de

435 3885 526 3939 illo
555 3883 710 3939 dictae
740 3889 883 3948 sunt,
918 3878 1188 3933 invenitur
1213 3878 1435 3931 omnino
1468 3874 1707 3942 aliquid,
1738 3873 1881 3943 quod
1923 3872 2003 3925 tli-

432 3978 613 4030 vinam
634 3974 751 4043 ejus
772 3983 1016 4027 naturam
1073 3985 1137 4025 ac
1164 3969 1455 4037 potentiam
1489 3965 1814 4020 manifestat.
1840 3964 2006 4019 Crea-

434 4076 567 4121 tura:
625 4074 802 4119 autem
831 4061 1229 4133 superatlditatn
1274 4074 1460 4113 earum
1498 4067 1703 4111 natura:
1741 4054 2006 4108 sanctita-

438 4167 544 4211 tem
598 4166 761 4224 atque
812 4151 1170 4207 asternitatem
1208 4156 1569 4215 acceperunt,
1632 4161 1696 4199 ac
1732 4158 2005 4212 nunquam

436 4250 535 4301 ista
575 4263 639 4302 ex
696 4243 890 4313 seipsis
932 4241 1222 4299 secundum
1273 4248 1523 4292 naturam
1568 4237 1871 4291 habuerunt
1899 4233 2005 4288 ullo

434 4339 613 4394 modo.
694 4338 961 4393 Caeterum
1021 4348 1201 4389 nonne
1275 4330 1513 4386 haeretici
1591 4328 1703 4399 (87)
1760 4327 1845 4380 isti
1905 4326 2004 4394 ipsi

2105 3165 2223 3209 ναις
2283 3147 2640 3211 ἀποδείξεσιν,
2697 3148 2833 3201 ἀλλά
2879 3148 2940 3201 τὸ
2992 3146 3153 3201 αὐτοῦ
3207 3148 3358 3215 ἅγιον
3418 3146 3669 3215 Πνεῦμα.

2112 3238 2372 3307 Ἐχόντων
2414 3239 2523 3311 γὰρ
2554 3240 2707 3310 ήμῶν
2735 3240 2795 3292 16
2837 3240 2966 3293 ἴδιον
2994 3238 3228 3309 πνεῦμα,
3260 3239 3279 3309 l
3307 3239 3374 3293 55
3402 3238 3474 3309 a]
3505 3240 3670 3307 ἐδοοη

2099 3333 2231 3400 ἡμῖν
2281 3331 2373 3385 καὶ
2401 3331 2462 3385 16
2489 3330 2582 3384 106
2614 3329 2770 3386 Θεοῦ.
2804 3327 2937 3383 Εἷπε
2971 3329 3077 3401 γὰρ
3107 3333 3135 3383 6
3163 3332 3379 3400 Πατήρ’
3418 3351 3435 3381 3
3473 3332 3553 3383 Οὐ
3604 3332 3671 3400 μὴ

2101 3424 2405 3494 καταμείνῃ
2435 3425 2495 3477 16
2520 3422 2745 3494 Πνεῦμα
2793 3442 2891 3493 μου
2934 3427 2993 3477 ὲν
3036 3426 3148 3486 τοῖς
3194 3422 3501 3494 ἀνθρώποις
3553 3426 3672 3475 10;}-

2101 3529 2237 3573 τοις·
2280 3530 2296 3560 3
2330 3512 2423 3564 καὶ
2451 3515 2479 3565 6
2508 3512 2661 3576 Υἱός⁸
2698 3531 2716 3562 ‹
2746 3513 2953 3566 Λάϐετε
2985 3513 3208 3583 Πνεῦμα
3239 3514 3409 3581 ἅγιον.
3448 3532 3465 3563 3
3499 3514 3671 3581 Δῆλον

2100 3601 2175 3660 δὲ,
2232 3602 2307 3665 ὡς
2355 3605 2464 3665 τοῖς
2522 3604 2623 3673 ἤδη
2668 3604 2850 3673 ἔχουσι
2893 3604 2953 3655 16
3007 3605 3203 3656 οἰκεῖον
3248 3604 3403 3674 ήμῶν
3452 3604 3671 3674 πνεῦμα

2103 3690 2317 3759 ἐλέγετο
2352 3692 2478 3762 περὶ
2518 3694 2612 3745 τοῦ
2648 3692 2828 3745 θεῖκοῦ
2864 3694 3196 3763 Πνεύματος.
3242 3692 3400 3745 Καθὰ
3432 3694 3619 3745 τοίνυν
3646 3697 3670 3745 6

2104 3781 2229 3844 Υἱὸς
2280 3782 2448 3850 Λόγος
2491 3782 2583 3835 τοῦ
2626 3782 2784 3846 Θεοῦ,
2826 3784 3015 3846 υίικῶς
3058 3784 3405 3853 γεννητικόςο
3436 3783 3586 3836 οὕτω
3620 3786 3671 3836 16

2104 3874 2256 3943 ᾶγιον
2306 3874 2549 3945 Πνεῦμα,
2601 3876 2983 3946 πνευματικῶς
3022 3876 3429 3946 ὲκπορευτικὸν,
3469 3878 3569 3929 καὶ
3613 3878 3668 3929 οὐ

2103 3965 2527 4035 δημιουργικῶς.
2568 3966 2679 4018 Καὶ
2710 3964 2785 4027 ὡς
2816 3964 3041 4034 οὐδεμία
3090 3965 3413 4036 παραλλαγὴ
3456 3967 3667 4030 οὐσίας,

2104 4057 2196 4110 καὶ
2227 4057 2524 4126 δυνάμεως,
2552 4057 2645 4110 καὶ
2671 4056 2830 4127 δόξης
2858 4056 2935 4127 τῷ
2967 4060 3243 4127 μονογενεῖ
3270 4057 3381 4127 Υἱῴ
3414 4059 3556 4129 πρὸς
3582 4060 3667 4110 τξν

2104 4147 2235 4199 Θεὸν
2270 4148 2507 4218 Πατέρα,
2557 4146 2788 4219 διαφορὰ
2829 4148 2885 4200 δὲ
2924 4148 3093 4211 πᾶσα,
3141 4149 3284 4215 εἴγε
3324 4147 3482 4217 Θέμις
3511 4150 3667 4201 τοῦτο

2106 4239 2290 4307 φάναι,
2344 4240 2479 4312 πρὸς
2518 4240 2615 4311 τὴν
2663 4240 2871 4293 κτίσινο
2917 4239 3061 4295 οὕτω
3107 4242 3201 4293 καί⁵
3251 4240 3327 4311 τῷ
3373 4241 3456 4292 ἑνὶ
3502 4242 3667 4310 Θεῐκῷ

2108 4332 2402 4401 Πνεύματι.
2449 4333 2522 4385 T6
2560 4328 2651 4386 οὖν
2685 4334 2818 4403 μηδὲ
2859 4332 3075 4387 ἀκούειν
3103 4332 3171 4385 τὰ
3214 4334 3528 4404 αἱρετικῶν,
3578 4334 3665 4386 τοῦ

434 4432 754 4502 semetipsos
785 4441 1049 4485 accusare
1099 4422 1595 4495 deprehenduntur,
1647 4419 1771 4488 quia
1815 4435 1999 4473 vocem

2123 4423 2185 4493 qui}
2217 4424 2309 4476 καὶ
2336 4423 2691 4493 προσιέμενον
2720 4423 2858 4477 αὐτὰ
2888 4423 3104 4478 ἀκούειν
3129 4424 3483 4494 δικαιότερον.

438 4540 458 4575 3
491 4537 639 4578 meus
673 4539 693 4573 3
724 4520 790 4575 de
825 4518 961 4574 Filio
1012 4514 1107 4569 Dei
1152 4512 1416 4583 prolatam
1444 4551 1460 4575 ,
1510 4519 1563 4563 et
1604 4524 1787 4563 vocem
1825 4526 1843 4558 3
1874 4519 2123 4573 sanctus,
2178 4531 2195 4561 3
2238 4521 2291 4565 et
2354 4530 2373 4563 3
2419 4522 2655 4567 aeternus
2692 4532 2711 4565 3
2746 4513 3062 4584 simpliciter
3110 4515 3181 4569 ita
3218 4515 3663 4584 interpretantur,

506 4705 620 4777 (80)
661 4702 901 4777 Primu_m
934 4700 1105 4777 cmpit.
1140 4696 1215 4750 De
1242 4693 1535 4776 Israelitico
1569 4690 2012 4777 p0p_ulo,'sengde

436 4761 645 4838 Jacobi,
695 4782 790 4827 aut
839 4761 1053 4824 lsraelis
1094 4766 1344 4835 posteris,
1395 4779 1508 4838 non
1550 4761 2009 4838 de_.lacobo_-ipso

436 4829 746 4915 accipienda
776 4842 892 4895 haec
927 4848 1072 4915 sunt,
1095 4829 1355 4915 :utpatet
1384 4853 1396 4886 :
1444 4832 1677 4915 alioquin
1726 4829 2010 4915 manifesto

438 4898 633 4971 Ηιέήῦπὶ
658 4920 801 4967 esset
827 4910 967 4977 quod
998 4898 1070 4960 ait
1100 4898 1503 4977 Didjmttstetsi
1528 4898 1697 4977 verbo
1728 4898 2009 4977 λατρεύειν

440 4970 546 5041 non
611 4970 938 5044 tadorandi,
968 4996 986 5028 3
1040 4976 1133 5031 sed
1181 4970 1558 5027 {sacriﬁcandi
1590 4988 1607 5021 3
1655 4970 2006 5039 signiﬁcatio-

440 5072 561 5112 nem
592 5052 971 5107 tribueremus.

513 5106 626 5195 (81)
660 5119 1070 5195 Ρτορτίιιαιιῃιὶ.
1116 5113 1211 5169 Ubi
1241 5112 1633 5195 _llieropymu.s_
1770 5106 2008 5195 (Dei-Spit

439 5180 548 5248 ritu
575 5180 784 5252 tincto,
808 5203 957 5241 num.
990 5186 1082 5249 26,
1119 5186 1278 5237 vertit
1309 5200 1321 5233 :
1356 5201 1373 5232 3
1394 5180 1804 5252 Proprietatem,
1841 5187 1916 5239 et,
1950 5186 2006 5252 ut

441 5265 512 5319 ita
541 5263 739 5324 dicam,
766 5248 1210 5317 Tatttiliat'itzttettt,
1232 5274 1250 5306 3
1276 5251 1549 5324 οἰκείωσιν
1571 5266 1599 5302 a
1627 5250 1846 5318 Didymo
1876 5248 1978 5301 seri
1996 5275 2009 5288 -

440 5344 589 5402 ptum
620 5323 783 5402 fuisse
809 5337 964 5402 puto,
996 5325 1177 5402 ut_hoc
1209 5323 1420 5402 in_l_oco.

535 5401 626 5468 89.)
664 5398 766 5453 Hic
795 5393 1107 5468 isl._ﬁ|:tttlt.
1141 5410 1219 5468 ιιι,
1253 5393 1338 5447 17.

536 5457 628 5539 83)
660 5469 866 5524 Sermo.
909 5465 1030 5539 llaec
1071 5466 1228 5516 verba
1288 5478 1390 5515 non
1450 5459 1607 5539 modo
1659 5460 1708 5511 in
1776 5457 1998 5539 \_’ttlgata

440 5529 737 5596 Biblio'rum
775 5537 1122 5591 translatione
1172 5548 1273 5585 non
1325 5532 1684 5599 reperiuntur,
1714 5529 1807 5582 sed
1842 5543 1912 5599 ne
1949 5529 1999 5581 in

440 5613 626 5667 Graeca
664 5610 899 5678 quidem.
937 5606 1076 5659 Citat
1123 5618 1252 5658 vero
1292 5618 1355 5656 ea
1388 5598 1659 5678 Didymus
1711 5613 1774 5678 εξ
1804 5598 2000 5678 .Aggzei

444 5697 561 5750 cap.
596 5696 656 5744 tt,
681 5668 833 5733 'vers.
870 5676 924 5740 5,
956 5684 1237 5750 propterea
1281 5672 1421 5750 quod
1444 5668 1773 5750 .lt’ujusmodi
1803 5668 1854 5720 itt
1887 5668 2001 5721 suis

440 5741 837 5821 exemplaribus
901 5741 1317 5800 additamentum
1372 5741 1611 5805 haberet,
1654 5747 1707 5790 ut
1738 5746 1883 5803 patet
1936 5752 2001 5791 ex

2114 4706 2281 4763 segm.
2319 4693 2382 4748 t9
2416 4694 2465 4756 ὸ,
2507 4692 2594 4747 tibi
2628 4710 2747 4749 eum
2776 4693 2954 4748 locum
2984 4695 3116 4750 alias
3143 4695 3335 4750 attulit.
3363 4697 3526 4750 Ducta
3563 4696 3667 4749 for-

2114 4772 2254 4832 tasse
2293 4773 2435 4827 sunt,
2480 4774 2535 4817 et
2584 4764 2707 4817 illuc
2763 4766 3019 4817 translata
3073 4782 3137 4819 ex
3191 4768 3361 4832 primo
3404 4766 3666 4820 versiculo

2114 4831 2302 4897 psalmi
2334 4847 2668 4901 xuvtquem
2697 4834 2760 4887 de
2798 4833 2933 4887 Filio
2967 4831 3201 4900 intelligit
3232 4834 3595 4889 Tertttllianus
3620 4840 3664 4888 in

2115 4902 2253 4973 |_ihro
2292 4900 2751 4973 adv._rPraxeam,
2792 4918 2910 4971 cap.
2945 4905 2999 4957 ll
3042 4922 3055 4958 :
3092 4904 3413 4967 3Dislincte,
3474 4907 3660 4973 inquit,

2112 4969 2271 5025 Pater
2313 4982 2367 5026 et
2406 4971 2575 5027 Filius
2610 4969 3070 5042 demonstrantur,
3117 4975 3391 5036 distincte,
3424 4969 3661 5042 inquam,

2116 5056 2217 5093 non
2240 5042 2434 5121 .tiiViSC,
2461 5043 2601 5097 sicut
2634 5055 2732 5109 ego
2760 5041 2973 5111 profero
3013 5044 3212 5121 dictum
3243 5057 3275 5096 a
3308 5043 3414 5097 Deo
3446 5060 3459 5096 :
3491 5041 3510 5095 3
3534 5044 3663 5097 Eru-

2113 5114 2277 5164 Ctavit
2304 5128 2395 5164 cor
2422 5128 2596 5167 meum
2632 5127 2930 5166 sermonem
2961 5114 3240 5180 optimum.
3267 5132 3285 5163 3

2327 5181 2537 5258 limavi.
2563 5181 2701 5258 Psal.
2731 5196 2933 5258 cum,
2955 5183 3015 5236 18
3043 5184 3165 5258 (seu
3189 5182 3297 5258 t7);

2184 5250 2297 5317 (85)
2336 5250 2419 5303 Ea:
2446 5268 2504 5304 eo
2534 5254 2784 5320 θορών..
2830 5249 3079 5317 scripturn
3122 5253 3208 5304 sit.
3267 5249 3371 5305 Pro
3420 5253 3548 5305 16...
3580 5271 3664 5319 γε·

2111 5322 2355 5393 γράφθαι
2402 5322 2516 5393 lego
2736 5320 3075 5393 λγεγρὰφθαι.
3132 5320 3549 5393 ιθεεηάςιὼίιυιε
3581 5324 3664 5375 υιο

2112 5374 2302 5462 ἀῇνιιιίιε
2341 5391 2396 5462 in
2446 5374 2577 5443 libro
2605 5374 2681 5444 De
2723 5374 3147 5459 S'pirt‘tukancto,
3580 5374 3663 5444 ho-

2114 5461 2389 5541 tttonytuis
2410 5471 2463 5542 et
2490 5463 2799 5583 spnonytnis
2827 5462 2919 5513 ait.

2188 5532 2299 5583 (86)
2327 5529 2471 5583 I'llu.
2556 5531 2652 5583 sal.
2682 5546 2752 5583 tv.
2779 5531 2831 5583 5.

2188 5529 2299 5602 (86)
2327 5529 2471 5602 Ifjlit‘.
2514 5529 2752 5602 Psal_.:tv,
2779 5531 2831 5602 ᾗ,

2183 5596 2296 5670 (87)
2330 5599 2600 5655 Ha'relt'ci.
2630 5596 2747 5656 Non
2788 5599 3172 5665 Euuomianos,
3227 5596 3321 5653 sed
3365 5596 3656 5655 Macedonii

2110 5672 2340 5727 asseclas
2370 5670 2585 5725 indicat.
