3766 6330
118 386 193 439 ἇϐὄ
1074 378 1160 432 ΒΕ
1199 378 1570 434 TRINITATE
1609 381 1619 434 l

1737 382 1809 435 ΞΒ
1851 380 2230 437 SECUNDUS.
3186 385 3290 441 £66

114 509 155 548 ut
191 493 480 547 idenlitalem
534 493 720 546 dii-ina:
764 501 968 545 naturae
1031 495 1275 547 enuntiet
1308 494 1466 565 (88)?
1530 496 1791 552 Prteterea
1840 513 1944 552 non
2011 497 2390 552 animatiouem
2428 505 2665 552 nostram
2734 498 2983 568 spiritum
3031 501 3287 554 nomina-

114 586 234 639 iitin
255 583 412 637 allatis
434 595 586 638 antea
615 585 909 653 Scriptura:
946 584 1290 651 testimoniis,
1338 589 1431 642 sed
1485 587 1742 657 Spiritum
1779 601 2024 645 sauctum
2085 603 2287 645 suum:
2354 592 2507 645 nobis
2573 592 2716 645 enim
2779 593 3060 659 proprium
3107 591 3285 662 Spiri-

113 690 196 729 tum
228 677 324 744 jam
352 678 662 733 habentibus
722 678 880 732 datus
940 687 1024 732 est
1065 680 1230 735 etiam
1277 681 1512 750 Spiritus
1555 674 1670 739 D'ei.
1710 685 1800 739 Ait
1848 701 2075 754 namque
2124 687 2327 741 Pater:
2384 704 2402 736 σ
2463 686 2811 756 Nequaquam
2878 687 2989 758 (89)
3034 688 3276 742 manebit

112 770 294 836 Spiritus
316 787 454 826 meus
494 772 544 824 in
585 771 890 826 hominibus
950 772 1034 827 his
1071 791 1086 839 ;
1128 792 1146 825 ι
1183 783 1239 829 et
1274 773 1444 830 Filius
1489 794 1502 830 :
1553 795 1571 827 ι
1637 777 1878 847 Accipite
1920 777 2028 848 (90)
2077 776 2336 847 Spiritum
2391 789 2655 832 sanctum.
2703 797 2721 829 ι
2767 777 2937 832 Porro
2986 778 3052 832 de
3111 777 3292 831 divino

112 860 268 926 Spiritu
306 861 408 915 haec
440 863 581 916 dicta
638 862 805 918 fuisse
869 864 1214 932 perspicuum
1251 875 1374 931 est,
1433 882 1554 922 cum
1602 869 1669 923 ad
1733 884 1830 923 nos
1887 870 2232 938 pertineant,
2279 871 2368 939 qui
2425 871 2700 940 proprium
2749 880 2990 924 nostrum
3041 870 3289 940 spiritum

106 946 520 1008 latnhahebamus.
549 955 699 1009 Sicut
725 970 852 1025 ergo
880 955 1049 1012 Filius
1081 955 1316 1011 Verbum
1344 959 1437 1014 Dei
1470 960 1702 1016 [ilialiter
1731 961 1839 1032 (9|)
1869 963 2082 1032 genitus
2115 972 2196 1018 est
2226 1003 2239 1026 ,
2317 964 2390 1016 ita
2461 972 2680 1017 sanctus
2741 960 2972 1030 Spiritus
3037 959 3290 1028 spiritali-

110 1053 168 1091 ter
199 1044 442 1108 processit,
496 1059 602 1097 llOll
648 1060 778 1100 vero
810 1059 905 1113 per
942 1047 1271 1102 creationem
1314 1063 1330 1102 :
1363 1060 1420 1104 et
1471 1050 1614 1105 sicut
1650 1052 1794 1105 nulla
1826 1053 2080 1106 essentia:
2110 1094 2122 1117 ,
2178 1063 2232 1106 et
2263 1054 2582 1122 potestatis,
2646 1061 2699 1106 et
2771 1052 2956 1121 glorize
2991 1049 3288 1106 dill'erentia

107 1134 236 1187 estin
268 1134 531 1206 Unigenito
578 1137 738 1202 Filio,
793 1150 1039 1209 respectu
1103 1141 1198 1194 Dei
1247 1142 1445 1210 Patris,
1500 1146 1594 1200 sed
1665 1162 1825 1204 omne
1877 1148 2164 1202 discrimen
2221 1147 2288 1219 (si
2346 1150 2416 1203 ita
2483 1149 2627 1218 loqui
2665 1147 2748 1201 {as
2791 1149 2896 1218 est)
2930 1149 2982 1201 in
3019 1153 3296 1210 creatura,

109 1241 254 1296 nempe
284 1229 329 1281 in
379 1243 650 1300 assumpta
702 1232 1058 1298 humanitate,
1094 1237 1344 1291 consistit
1388 1255 1401 1292 ι
1438 1239 1608 1292 itane
1651 1239 1702 1293 in
1764 1241 1944 1295 divino
1998 1243 2214 1314 quidem
2248 1256 2355 1295 uno
2401 1240 2605 1308 Spiritu
2675 1240 2783 1294 ulla
2834 1249 2918 1294 est
2984 1235 3288 1309 hujusmodi

107 1316 419 1383 discrepantia.
446 1318 627 1376 Satius
648 1337 779 1392 ergo
806 1334 890 1376 est
910 1339 1029 1391 qua;
1062 1325 1302 1382 hzeretici
1335 1326 1584 1383 eli'utiuut
1643 1331 1862 1386 omnino
1895 1349 2000 1387 non
2040 1333 2228 1388 audire
2253 1371 2268 1396 ,
2301 1346 2461 1401 quam
2509 1347 2612 1385 non
2664 1345 2726 1384 ea
2797 1329 3013 1400 quidem
3082 1327 3277 1383 admit-

109 1419 207 1470 tere,
235 1409 314 1463 sed
341 1419 508 1467 tanien
545 1427 704 1468 aures
733 1414 839 1468 illis
869 1416 1148 1472 adhibere.

697 1505 853 1558 ΚΕΦ.
896 1507 972 1561 Γ’.

107 1592 210 1659 Περὶ
237 1593 410 1669 τοῦ-ὲκ
438 1593 737 1669 διαφόρων
761 1596 1066 1669 cirquer
1085 1599 1484 1666 σημαίνεσθαι
1505 1600 1619 1669 τὴν

264 1663 454 1730 θεὶῖιὴν
475 1665 668 1732 φύσιν
701 1665 806 1718 τοῦ
834 1663 1005 1734 ἁγίου
1039 1663 1405 1737 Πνέὗματος.

159 1756 211 1806 '0
232 1754 278 1806 δὲ
301 1754 544 1825 ἐλέγομεν
575 1756 634 1822 ἐξ
659 1757 855 1827 ἀρχῆς,
879 1756 1132 1828 δεύτερον
1166 1761 1500 1832 μαρτυροῦσι
1551 1761 1618 1814 τὰ

104 1844 234 1910 λόγια,
264 1846 334 1897 ὅτι
356 1845 584 1916 διάφορα
615 1847 895 1918 Θεοπρεπῆ
918 1849 1156 1919 ὀνόματά
1179 1852 1294 1904 ἐστι
1325 1851 1402 1923 τῷ
1454 1854 1621 1906 Ilva-J-

107 1954 201 2003 ;ta:t
232 1936 309 1989 τοῦ
335 1936 483 2002 Θεοῦ,
513 1937 720 2010 πολλήν
746 1955 805 1990 τε
832 1938 996 2010 ἀλλην
1016 1939 1252 2011 ἔμφασιν
1279 1943 1617 2015 ἐπηρμένην,

107 2029 172 2078 :1".
192 2028 343 2097 σχέσιν
370 2029 678 2101 ὑπερτέραν
703 2029 938 2091 πάντων,
980 2034 1075 2085 καὶ
1101 2031 1178 2102 τῷ
1210 2034 1386 2104 Ila-cpi
1426 2035 1520 2087 καὶ
1543 2035 1621 2104 τῷ

109 2116 187 2185 Tit?)
218 2119 408 2188 συνεχῆ,
440 2122 532 2172 καὶ
565 2122 850 2192 κρείττονα
899 2121 999 2192 τῆς
1033 2125 1492 2196 πρεπωδεστάτης
1539 2128 1624 2198 ἑρ-

109 2208 280 2276 μηνείας
308 2223 721 2282 συνεισφεροντα
749 2215 859 2276 τοῖς
880 2215 1261 2286 προκειμένοις
1283 2215 1458 2288 θεωρή
1469 2233 1618 2287 μασι·

108 2299 170 2349 2:1".
196 2299 261 2352 ἔτι
288 2301 643 2366 ἀναπλοῦντα,
673 2303 788 2356 ἔνια
822 2305 921 2375 μὲν
950 2306 1048 2376 τὴν
1081 2305 1268 2378 θεῖκὴν
1297 2307 1461 2360 αὑτοῦ
1517 2310 1621 2378 φύ-

110 2405 181 2451 ςιν,
215 2390 383 2444 ἔνιαδὲ
410 2392 506 2462 τὴν
539 2393 868 2465 αύΘεντικὴν
912 2396 1140 2467 δύναμιν
1169 2438 1183 2461 ,
1215 2399 1305 2451 καί
1362 2417 1621 2469 παραμυ-

107 2479 286 2550 ito-ipsi):
317 2483 408 2554 τὴν
435 2485 745 2554 ἀδυναμίαν
783 2486 959 2556 ἡμῶν,
1009 2487 1107 2556 τὴν
1166 2489 1294 2561 περὶ
1348 2490 1408 2542 τὸ
1459 2490 1623 2555 ἀξίως

108 2573 330 2638 ἐφικέσθαι
377 2577 574 2637 αὑτοῦ,
613 2579 647 2646 ἢ
685 2579 948 2650 ὲρμηνείιι
999 2581 1296 2651 ῥημάτων,
1349 2582 1381 2653 ἥ
1421 2581 1624 2654 θεωρίᾳ

108 2661 187 2724 νοῦ,
211 2665 290 2716 καὶ
314 2668 622 2738 παρρησίαν
651 2669 978 2739 παρέχοντα,
1011 2671 1309 2737 ἀκινδύνως
1341 2675 1624 2744 ὁμοούσιον

108 2751 172 2801 τοῦ
194 2753 305 2806 θεοῦ
354 2757 532 2810 καλεῖν
570 2759 726 2825 αύτδ,
783 2763 878 2814 καὶ
927 2763 1206 2816 πιστεύειν
1258 2764 1334 2834 τῷ
1367 2765 1626 2837 ἁγιασμῷ

2276 1506 2432 1577 123
2462 1504 2610 1561 CAP.
2644 1503 2727 1558 lli.

1725 1599 1806 1654 Ea:
1832 1598 2052 1653 diversis
2095 1595 2321 1667 Spiritus
2359 1597 2528 1648 sancti
2579 1594 2873 1667 nominibus
2902 1594 3136 1647 divinam
3175 1598 3290 1662 ejus

2261 1677 2502 1720 naturam
2543 1666 2736 1734 colligi.

1791 1758 1860 1814 Ut
1889 1768 2071 1813 autem
2102 1756 2257 1811 initio
2287 1755 2396 1826 (9i)
2427 1755 2688 1818 diximus,
2730 1761 3001 1808 testantur
3050 1754 3292 1809 secundo

1720 1852 1837 1904 loco
1864 1850 2042 1905 divina
2079 1847 2326 1912 oracula,
2357 1847 2505 1898 varia
2531 1860 2652 1899 esse
2683 1861 2748 1898 ac
2769 1844 2983 1899 diversa
3042 1844 3286 1915 Spiritus

1724 1940 1816 1994 Dei
1848 1939 2090 2002 nomina,
2151 1937 2348 1992 divina:
2401 1935 2670 2005 maiestati
2731 1935 3125 2002 convenientia,
3169 1952 3289 2005 quae

1721 2049 1827 2086 non
1868 2033 2027 2087 modo
2067 2030 2244 2084 allatis
2274 2039 2428 2082 antea
2504 2027 2771 2098 Capitulis,
2825 2037 2985 2096 atque
3045 2027 3290 2080 animad-

1722 2123 2062 2179 versionibus
2092 2121 2377 2176 sublimem
2403 2119 2562 2173 aliam
2610 2117 2866 2188 speciem,
2895 2127 2951 2172 et
2990 2119 3287 2188 emphasim

1725 2216 1864 2270 haud
1894 2214 2159 2268 modicam
2188 2211 2497 2275 conferunt,
2535 2219 2698 2278 atque
2755 2209 3145 2273 habitudinem,
3193 2224 3297 2262 seu.

1725 2306 2040 2360 relationem
2099 2318 2260 2372 supra
2313 2302 2491 2355 omnia
2547 2303 2830 2364 clevatam,
2884 2309 2938 2354 et
2970 2315 2997 2353 a
3030 2299 3188 2354 Patre
3228 2315 3291 2352 ac

1724 2396 1861 2451 Filio
1884 2411 1986 2448 non
2013 2395 2366 2461 disjunctam,
2390 2401 2445 2447 et
2474 2391 2664 2460 quavis
2695 2391 2777 2444 vel
2817 2390 3290 2460 magniﬁcentissi-

1725 2504 1808 2542 tua
1865 2485 2312 2554 interpretatione
2384 2483 2643 2553 potiorem
2709 2482 3042 2547 ostendunt;
3103 2497 3290 2536 verum

1722 2579 1883 2632 etiam
1920 2591 2104 2631 eorum
2147 2577 2250 2629 alia
2304 2575 2522 2645 quidem
2573 2573 2806 2627 divinam
2850 2573 2966 2643 ejus
3019 2582 3286 2636 naturam,

1725 2671 1826 2724 alia
1868 2683 1997 2723 vero
2034 2667 2308 2738 propriam
2357 2666 2528 2735 ipsius
2578 2674 2900 2735 potestatem
2958 2664 3292 2734 exprimunt,

1726 2776 1789 2815 ac
1823 2753 2070 2814 nostram
2099 2756 2444 2813 consolantur
2475 2755 2869 2825 impotentiam,
2913 2757 3002 2825 qui
3051 2770 3150 2826 pro
3175 2772 3290 2813 me-

109 2841 243 2894 αὐτοῦ.
278 2847 375 2898 Καὶ
415 2849 512 2919 ούχ
545 2851 878 2921 εὑρίσκομεν
921 2853 1072 2907 οὐδὲν
1114 2853 1224 2908 τῶν
1258 2855 1433 2909 ἄλλων
1464 2873 1619 2909 πνευ-

1737 2854 1834 2904 rito
1863 2850 2012 2903 illum
2077 2849 2407 2912 assequiaut
2464 2856 2704 2901 textuuut
2752 2847 3132 2916 explicatione,
3197 2857 3291 2902 aut

111 2934 247 2998 μάτων
287 2939 610 3004 καταξιωθὲν
661 2941 925 3012 κληθῆναι
958 2947 1072 3008 τοῖς
1117 2946 1343 3017 ὀνόμασι
1391 2945 1616 3012 τούτοις.

108 3023 158 3072 Τὸ
184 3025 228 3076 δὲ
256 3027 413 3095 μόνως
445 3031 534 3083 καὶ
565 3031 732 3101 φύσει
771 3033 1014 3105 ὑπάρχον
1061 3035 1263 3100 ταῦτα,
1316 3037 1468 3092 οὐδέν
1507 3040 1620 3091 ἐστι

107 3114 183 3165 τῶν
213 3118 421 3186 πᾶντων,
457 3123 596 3176 ἀλλά
630 3123 785 3188 Θεός.
809 3126 963 3178 Ἔστι
992 3127 1049 3180 δὲ
1080 3127 1147 3180 τὰ
1175 3127 1416 3198 ὀνόματα
1470 3129 1615 3183 τάδε·

109 3205 280 3276 Πνεῦμα
321 3212 484 3279 ἅγιον,
539 3214 620 3278 ὡς
673 3217 946 3286 πανταχοῦ
997 3217 1347 3291 γέγραπται·
1399 3218 1622 3291 Πνεῦμα

108 3295 370 3369 ἁγιωσύνης,
389 3304 476 3355 καὶ
493 3303 746 3372 ἁγιάζον,
773 3305 866 3377 [55
888 3307 940 3378 ὁ]
974 3308 1051 3371 ὡς
1072 3310 1273 3379 γράφει
1322 3311 1613 3381 Ῥωμαίοις

112 3404 124 3432 t
153 3387 339 3454 Παῦλος,
369 3393 552 3457 δοῦλος
595 3395 773 3465 Ἰησοῦ
803 3397 1062 3469 Χριστοῦ,
1092 3399 1288 3469 κλητὸς
1305 3401 1618 3466 ἀπόστολος,

110 3476 422 3548 ὰςωρισμένος
442 3487 520 3548 εἰς
541 3486 877 3554 Εύαγγέλιον
915 3487 1069 3552 Θεοῦ,
1101 3488 1129 3541 ὃ
1154 3490 1624 3561 προεπηγγείλατο

108 3565 169 3616 iii
189 3569 278 3620 τῶν
303 3575 585 3644 προφητῶν
629 3575 792 3629 αὑτοῦ
822 3579 880 3630 ἐν
916 3578 1154 3649 Γραφαξ
1175 3579 1357 3648 ἁγίαις
1384 3597 1450 3633 πε
1461 3582 1511 3652 ρὶ
1527 3580 1621 3634 τοῧ

120 3657 205 3710 ι’ῐοῦ
227 3663 388 3727 αὑτοῦ,
417 3666 510 3718 τοῦ
537 3667 836 3737 γενομένου
863 3669 927 3721 ὲκ
959 3669 1272 3740 σπέρματος
1298 3670 1457 3724 Δαυῒδ
1484 3673 1623 3726 κατά

113 3749 260 3817 σάρκα,
290 3755 372 3807 τοῦ
405 3757 717 3826 ὁρισθέντος
741 3757 873 3810 Υἱοῦ
927 3758 1061 3812 Θεοῦ
1111 3762 1167 3813 ὲν
1210 3760 1434 3830 δυνάμει
1485 3761 1622 3814 κατὰ

111 3837 280 3911 Πνεῦμα
303 3845 637 3918 ἁγιωσύνης·
680 3868 698 3899 ι
730 3849 824 3901 καὶ
853 3849 1041 3903 πάλινσ
1080 3877 1097 3901 ι.
1146 3852 1264 3904 Ἵνα
1313 3852 1536 3921 γένηται
1589 3853 1622 3921 ἠ

111 3936 335 4005 πῳεφορά
362 3939 466 3992 τῶν
513 3939 688 3992 ἐθνῶν
742 3940 1151 4011 εὐπρόσδεκτος,
1208 3943 1514 4014 ἡγιασμένη
1567 3943 1624 3995 ὲν

112 4020 332 4094 Πνεύματι
354 4029 489 4100 ἁγίῳ
508 4049 521 4060 ·
569 4049 588 4081 ι
633 4031 728 4083 καὶ
749 4031 1004 4102 ἑτέρωθι·
1044 4050 1062 4083 ι
1107 4033 1299 4103 Ἡμεῖς
1327 4034 1385 4086 δὲ
1411 4033 1622 4103 ὀφείλο-

114 4130 189 4178 μεν
207 4117 515 4190 εὐχαριστεῖν
543 4122 625 4192 τῷ
649 4121 766 4193 Θεῷ
800 4123 1030 4176 πάντοτε
1053 4124 1179 4195 περὶ
1206 4124 1377 4195 ὑμῶν,
1407 4125 1624 4193 ἀδελφοὶ

1727 2941 1926 2996 mentis
1953 2939 2403 3008 contemplatione
2426 2954 2531 2992 non
2568 2937 2828 3001 valemus,
2853 2947 2908 2992 et
2933 2938 3169 2991 animum
3195 2953 3291 2992 no-

1728 3033 1808 3087 bis
1836 3033 2055 3098 addunt,
2087 3039 2146 3084 ut
2171 3046 2291 3085 eum
2316 3028 2647 3084 conﬁdenter
2698 3043 2761 3082 ae
2795 3029 2911 3084 sine
2959 3029 3172 3083 errandi
3199 3045 3292 3098 pe-

1731 3121 1899 3178 riculo
1929 3121 2446 3177 consubstantialem
2470 3121 2578 3174 Deo
2605 3133 2880 3183 vocemus,
2929 3127 2983 3174 et
3048 3118 3289 3173 sanctiﬁ-

1727 3225 1940 3268 cantem
1979 3227 2098 3269 esse
2121 3211 2428 3266 credamus.
2461 3209 2647 3280 Neque
2668 3224 2796 3265 vero
2848 3210 3015 3265 ullum
3067 3227 3130 3264 ex
3171 3210 3292 3264 aliis

1728 3305 2010 3376 spiritibus
2036 3303 2256 3373 dignum
2300 3303 2547 3358 habitum
2579 3316 2698 3356 esse
2733 3302 3040 3358 invenimus
3090 3302 3180 3372 qui
3207 3303 3294 3356 his

1730 3396 2034 3451 nominibus
2055 3395 2442 3465 appellaretur.
2484 3394 2581 3448 Ast
2605 3394 2694 3449 ille
2733 3393 2823 3462 qui
2857 3396 3016 3448 unico
3035 3401 3090 3448 et
3107 3393 3291 3463 singu-

1728 3487 1826 3540 lari
1864 3487 2048 3549 modo.
2086 3494 2140 3540 et
2179 3501 2242 3540 ex
2273 3495 2463 3539 natura
2499 3499 2594 3539 sua
2629 3485 2742 3538 haec
2778 3485 3011 3550 exsistit,
3046 3498 3153 3538 non
3208 3492 3292 3537 est

1728 3578 1948 3631 omnino
2007 3591 2072 3630 ex
2143 3589 2367 3629 numero
2432 3575 2661 3628 aliorum
2709 3575 2972 3636 omnium,
3038 3573 3133 3627 sed
3208 3583 3291 3626 est

1731 3669 1888 3723 Deus.
1921 3667 2041 3721 Ilaec
2073 3675 2253 3721 autem
2289 3675 2418 3721 sunt
2455 3679 2517 3718 ea
2545 3679 2665 3732 quae
2683 3664 2796 3718 dixi
2830 3663 3080 3718 nomina:
3113 3659 3292 3730 Spiri-

1731 3773 1817 3818 tus
1847 3773 2089 3826 sanctus,
2141 3770 2200 3814 ut
2239 3761 2438 3830 passim
2471 3760 2666 3829 legitur
2695 3761 2748 3813 in
2797 3757 3114 3826 Scriptura;
3169 3755 3291 3825 Spi-

1731 3856 1867 3908 ritus
1910 3851 2238 3918 sanctitatis,
2269 3862 2322 3906 et
2363 3852 2742 3916 sanetilicans,
2770 3859 2828 3904 ut
2856 3850 3046 3905 scribit
3081 3852 3147 3904 ad
3183 3850 3292 3905 lio-

1732 3963 1918 4002 mauos
1952 3965 2006 3998 ει
2055 3943 2250 3998 Paulus
2280 3944 2389 4012 (95)
2421 3958 2607 3998 servus
2647 3942 2773 3998 Jesu
2797 3941 3035 4007 Christi,
3068 3952 3292 3997 vocatus

1730 4039 2023 4109 apostolus,
2053 4045 2366 4108 segregatus
2393 4037 2447 4091 in
2489 4036 2836 4107 Evangelium
2869 4033 2984 4100 Dei,
3027 4035 3168 4106 quod
3192 4050 3290 4089 an-

1733 4139 1784 4184 te
1842 4129 2166 4195 promiserat
2227 4142 2322 4196 per
2369 4128 2658 4197 prophetas
2705 4142 2832 4181 suos
2888 4129 2941 4180 in
2995 4125 3288 4198 Scripturis

112 4203 396 4278 ἠγαπημένοι
425 4213 529 4266 ύπδ
549 4214 779 4284 Κυρίου,
797 4215 877 4267 ὅτι
896 4214 1066 4267 εἵλετο
1085 4215 1228 4286 ὑμᾶς
1247 4217 1275 4268 ό
1295 4214 1425 4279 Θεὸς
1444 4217 1619 4287 ἀπαρ-

1737 4222 1950 4285 sanctis,
1978 4221 2041 4274 de
2065 4220 2201 4274 Filio
2221 4235 2340 4284 suo,
2365 4217 2454 4288 qui
2483 4217 2657 4274 factus
2682 4229 2766 4274 est
2791 4235 2857 4274 ex
2881 4219 3088 4274 semine
3123 4219 3288 4274 David

111 4295 184 4364 rip
202 4301 266 4361 εἰς
286 4305 566 4375 σωτηρίαν,
595 4306 654 4358 ὲν
679 4305 936 4376 ἁγιασμῷ
961 4305 1295 4376 Πνεύματος,
1321 4308 1414 4358 καὶ
1444 4306 1623 4359 πίστει

112 4386 332 4456 ἀληθείας.
376 4414 394 4444 ι
433 4397 657 4468 Πνεῦμα
685 4397 981 4467 δυνάμεως,
1003 4399 1096 4450 καὶ
1127 4399 1363 4468 ἀγάπης,
1396 4400 1489 4451 καὶ
1515 4416 1620 4451 σω-

114 4486 371 4554 ῑιφνισμοῦ,
421 4489 495 4552 ὡς
528 4488 745 4553 Παῦλος
793 4492 851 4542 ὲν
881 4489 1110 4562 δευτέρᾳ
1168 4489 1449 4560 Ἐπιστολῇ
1485 4489 1620 4559 πρὸς

114 4571 320 4640 Τιμόθεον
358 4579 594 4651 ἔγραψεν
620 4597 633 4611 ⁸
671 4601 689 4634 ι
742 4582 817 4636 ού
862 4580 970 4652 γὰρ
1007 4579 1205 4634 ἔδωκεν
1265 4583 1391 4651 ύμῖν
1430 4583 1460 4634 ὁ
1489 4580 1618 4646 Θεὸς

288 4753 542 4831 Enuntiet.
571 4755 714 4831 Lego
738 4756 1001 4831 ἀγγέυρν
1024 4773 1121 4831 pro
1148 4757 1393 4827 ἄγγελον.

285 4818 801 4896 Νεᾳιισᾳιιαιπδϐιιηξ
823 4818 898 4886 vt,
924 4828 976 4883 5.

167 4890 256 4960 (90)
283 4890 519 4960 Accipite.
554 4895 708 4950 Joan.
740 4911 830 4960 xx,
856 4896 947 4951 22.

169 4958 258 5026 (9|)
290 4958 562 5033 Eilialiter.
579 4965 635 5019 In
660 4958 869 5025 Graeco.
891 4967 1102 5031 υἱικῶς.
1129 4967 1299 5033 Quam
1327 4966 1613 5021 dictionem

119 5032 480 5108 nunc-primum
527 5051 634 5088 non
668 5035 814 5108 cudjl
841 5035 1116 5108 Didymus,
1144 5032 1237 5090 Sed
1269 5037 1336 5089 ab
1367 5036 1486 5108 aliis
1513 5053 1613 5108 ang

119 5101 452 5178 tra.adhibi_tam
476 5116 737 5178 Δπερι-ρει.
761 5102 839 5178 ita
860 5101 1377 5178 jn'epistolaicxittx
1433 5106 1613 5178 Basilii

120 5164 301 5248 legitur:
329 5171 426 5224 Τὸν
471 5164 704 5248 δεξιόν,
733 5174 924 5240 υἱικῶς
955 5164 1133 5247 (εἶναι)
1163 5175 1400 5248 Πατέρα,
1433 5175 1486 5228 id
1513 5185 1616 5238 est,

125 5235 310 5311 «Filium
355 5257 475 5296 vero
530 5245 762 5297 lilialiter
789 5235 918 5298 esse
959 5235 1190 5301 Patrem.
1222 5264 1239 5297 ι
1275 5235 1402 5311 ῥυςὲ
1439 5235 1615 5298 tamen

123 5307 356 5382 νεώρειοη
382 5313 858 5381 scripsitBasilius,
888 5318 981 5370 sed
1019 5323 1081 5370 ea
1121 5307 1612 5382 aifert'ipsemetex

122 5379 770 5454 quadam_epistola,rquam
814 5385 930 5454 ejus
983 5385 1275 5439 adversarii
1326 5379 1353 5437 a
1417 5383 1617 5438 Basilio

124 5448 210 5508 Ψεο
232 5448 688 5523 ad_Apollinariu'm
715 5448 966 5521 scriptam
993 5455 1276 5518 (inserant,
1302 5469 1526 5523 qumque
1551 5455 1618 5506 ab

124 5518 526 5594 {IecuralisSimisL
552 5518 983 5594 doctissimisque
1042 5518 1334 5578 monachis
1366 5518 1619 5578 Maurinis

1728 4311 2022 4366 secundum
2062 4324 2325 4364 carnem:
2383 4309 2475 4377 qui
2522 4309 2936 4378 praedestinatus
2989 4318 3072 4366 est
3122 4309 3291 4364 Filius

1729 4401 1821 4456 Dei
1867 4402 1916 4454 iu
1948 4401 2144 4454 virtute
2178 4399 2470 4454 secundum
2502 4397 2762 4466 Spiritum
2791 4398 3097 4454 sanctitatis
3127 4415 3141 4464 ;
3181 4418 3200 4450 ι
3235 4407 3292 4453 et

1728 4507 1912 4546 rursus
1938 4509 1952 4545 :
1979 4509 1996 4541 ι
2031 4489 2098 4545 Ut
2115 4490 2204 4545 iiat
2223 4490 2334 4560 (94)
2354 4489 2554 4544 oblatio
2573 4492 2809 4560 gentium
2832 4500 3073 4560 accepta,
3091 4491 3291 4544 sancti-

1725 4583 1880 4637 ﬁcata
1907 4583 1959 4636 in
1985 4579 2189 4652 Spiritu
2224 4591 2446 4648 sancto;
2479 4599 2497 4632 ι
2523 4590 2578 4635 et
2605 4582 2730 4637 alibi
2753 4601 2766 4637 :
2791 4601 2810 4633 ι
2840 4582 2947 4639 Nos
2968 4592 3147 4638 autem
3174 4574 3290 4654 (95)

1722 4754 1909 4826 Agitur
1934 4758 1985 4810 in
2016 4771 2076 4810 ea
2097 4755 2162 4826 de
2190 4771 2319 4810 voce
2344 4756 2626 4826 ὁμοούσιος
2646 4798 2660 4820 ,
2692 4766 2743 4810 et
2779 4757 2848 4809 ita
2874 4747 3060 4826 incipit
3092 4771 3106 4808 :
3145 4754 3288 4808 Ἐδε-

1720 4823 1895 4914 ξᾷμην
1919 4826 1980 4914 τδ
2011 4825 2294 4914 γνωρισμοι
2325 4823 2424 4914 Eii;
2463 4825 2715 4914 πίστεως.
2741 4823 3088 4914 Concludjtur
3110 4835 3285 4914 aptent

1721 4894 1803 4948 his
1832 4894 2044 4965 verbis:
2075 4894 2185 4965 Ούχ
2221 4894 2297 4958 ὡς
2334 4894 2518 4965 ἕτερον
2552 4897 2609 4946 ὲν
2641 4895 2718 4964 τῷ
2760 4894 2946 4965 κοινῷ,
2967 4895 3288 4964 δεχομένους

1718 4964 1981 5028 ἐνοειδῶς,
2026 4963 2264 5017 οὕτεὲν
2287 4963 2365 5034 τῷ
2421 4963 2533 5033 ἰδίῳ
2567 4963 2706 5017 κατὰ
2756 4965 2847 5016 τὸν
2890 4963 3052 5017 αὐτὸν
3083 4963 3286 5034 τρόπον

1719 5034 1798 5103 (ού
1831 5035 1937 5120 γὰρ
1968 5034 2354 5134 ἐμπεριέχεταέ
2385 5034 2459 5117 τῇ)
2492 5034 2656 5134 nam?
2710 5034 2770 5087 τὸ
2803 5033 3130 5134 afﬂuat}:
3155 5036 3285 5088 ὲκὰ-

1716 5121 1873 5175 τερον
1904 5104 1979 5168 ὡς
2095 5103 2158 5156 ὲκ
2189 5103 2287 5183 τῇς
2317 5103 2489 5175 ἀρχῆς
2518 5105 2819 5174 ἐκπέφηνεν
2852 5106 2880 5157 ὁ
2901 5103 3032 5186 εξεὸς
3059 5105 3249 5188 Λόγος,

1723 5243 1731 5245 _
1789 5175 1899 5245 (92‘
1924 5175 2125 5245 pluma.
2179 5171 2308 5225 Vide
2364 5183 2628 5245 postrema
2665 5178 2829 5245 verba
2870 5190 3026 5244 prtmt
3084 5189 3281 5245 captus

1720 5243 1889 5314 huius
1919 5244 2142 5314 libri,et
2178 5243 2396 5314 secundi
2428 5243 2618 5314 capitis
2652 5243 2846 5314 prima.

1789 5310 1900 5382 (95)
1946 5310 2164 5366 Paulus.
2192 5310 2348 5382 Boni.
2377 5327 2412 5372 I.
2443 5310 2554 5365 1-1.

1790 5381 1900 5450 (94)
1941 5382 2010 5435 Ut
2048 5383 2162 5450 ﬁat.
2198 5381 2352 5435 Rom.
2379 5398 2468 5443 xv,
2501 5383 2586 5436 16.

1791 5451 1903 5521 (95)
1946 5450 2058 5506 Nos
2103 5460 2298 5504 autent.
2333 5450 2375 5503 ll
2418 5451 2602 5506 Thess.
2637 5469 2705 5516 ιι,
2755 5454 2841 5506 15.
2885 5451 3071 5508 Graeca
3121 5454 3287 5507 editio

1721 5536 1860 5575 nunc
1899 5536 1994 5590 pro
2033 5522 2306 5591 ἀπαρχήν,
2355 5523 2404 5574 itl
2445 5533 2526 5576 est
2566 5540 2583 5572 ι
2616 5524 2899 5588 primitias,
2923 5541 2940 5573 ι
2989 5524 3148 5576 habet
3187 5524 3282 5575 ἀπ’

125 5582 688 5670 [ῃῖωιιερὶειοξλευεείιίἱ
719 5595 791 5670 ad
820 5582 1226 5663 Apollinarium,
1249 5594 1612 5670 et_A_pollina-
1645 5599 1688 5654 Ι)
1718 5582 1912 5670 ἀρχῇς,
1948 5591 2000 5644 id
2037 5582 2285 5670 est'i'a'b
2315 5592 2538 5670 initio.»
2584 5582 2843 5670 Nimirum
2889 5582 3009 5670 eum
3052 5608 3148 5670 pro
3187 5593 3281 5644 ἀπ’

127 5653 174 5702 rii
195 5656 249 5733 ad
277 5653 518 5714 Basiliam
551 5665 667 5717 ideo
710 5653 998 5719 edita'uon
1043 5672 1146 5727 est,
1180 5653 1322 5733 quod
1349 5653 1464 5731 eius
1494 5678 1614 5730 apo-

127 5726 482 5803 gmphum__nou
517 5733 854 5796 invenerint;
887 5735 979 5786 sed
1003 5726 1178 5786 inveni
1199 5726 1307 5803 'ego
1330 5726 1392 5787 in'
1426 5726 1614 5800 perve-

130 5801 243 5846 testo
269 5798 432 5854 codice
477 5816 601 5857 saec.
639 5819 670 5856 χ
714 5804 944 5868 circiter,
981 5818 1041 5859 ac
1093 5798 1267 5872 penes
1309 5819 1393 5859 me
1426 5798 1614 5859 habeo.

1722 5660 1896 5732 ἀρχῆς
1947 5661 2211 5732 scribatur
2257 5661 2415 5732 etiam
2479 5662 2766 5731 ἀπαρχῆς,
2820 5671 2876 5732 ut
2911 5660 3182 5731 ἐξαρχῆς,
3228 5672 3280 5715 et

1725 5729 2031 5810 καταρχὰς,
2063 5729 2485 5810 ἰάοἰζοογίιςίιὶε
2508 5729 2606 5810 fuit
2633 5729 2876 5810 imitatio
2917 5729 3060 5784 vocis
3100 5732 3280 5810 ἀπαρ-

1727 5803 1826 5872 χήν
1859 5799 2122 5857 invocem
2161 5800 2433 5871 ἀπαρχῆς.
2461 5803 2528 5856 At
2557 5799 2814 5871 Vulg-atus
2842 5801 3106 5872 interpres
3133 5799 3288 5871 legit,
