3688 6312
364 307 461 362 Ml

1600 303 1838 362 DIDYMI
1876 303 2344 360 ALEXANDRINI

3516 308 3603 363 4'12

366 421 574 492 psalmo
599 430 676 475 ait
700 435 714 474 :
737 419 902 487 tQuia
924 420 1034 493 (29)
1055 429 1262 476 rectum
1281 428 1364 476 est
1380 419 1614 476 Verbum
1638 421 1822 477 Domin

2196 419 2373 473 πάντα
2418 422 2487 473 τὰ
2544 422 2678 493 ἔργα
2732 418 2899 474 αὐτοῦ
2957 420 3015 473 ἐν
3064 420 3281 473 πίστει·
3336 438 3356 472 ι
3409 421 3498 474 καὶ
3540 427 3601 496 τῷ

366 519 545 566 omnia
559 527 720 581 opera
739 512 920 580 ejusin
942 512 1083 575 ﬁde;
1110 531 1128 563 ι
1158 521 1268 566 ιιιιιι
1297 513 1507 583 Moyses
1532 510 1710 579 inquit
1739 526 1754 563 :
1783 530 1801 563 ι
1842 510 1949 566 Re-

366 615 487 657 ctus
518 602 632 673 (30)
660 604 917 659 Dominus
936 602 1074 658 Deus
1096 614 1304 670 noster,
1327 614 1378 657 et
1398 619 1500 658 non
1519 613 1600 657 est
1624 603 1877 672 iniquitas
1896 604 1949 658 in

366 712 452 747 eo.
489 713 508 746 ι
548 692 787 763 Spiritus
816 695 1021 764 gratiae,
1055 694 1197 750 sicut
1225 693 1518 763 Apostolus
1547 691 1793 748 Hebraeis
1813 694 1945 748 seri.

368 784 445 838 ιιι-ι
481 802 495 838 :
528 803 547 836 ι
580 784 680 850 Qui
707 783 818 856 (51)
846 784 1041 839 Filium
1073 786 1162 840 Dei
1183 786 1605 850 conculcaverit,
1641 792 1695 841 et
1723 783 1948 856 Spiritui

367 877 555 945 gratiae
595 878 978 933 contumeliam
1015 879 1222 934 fecerit.
1263 899 1281 931 ι
1322 879 1487 949 Atqui
1534 879 1675 933 idem
1726 876 1947 949 apoSto-

376 1056 392 1082 ι
428 1036 743 1105 principale.
768 1056 803 1108 »ί
828 1047 881 1089 ιιι
905 1037 1014 1105 jam
1046 1039 1177 1092 dixi.
1202 1038 1279 1091 Ita
1309 1038 1450 1105 apud
1485 1037 1741 1092 lrenzeum
1776 1039 1947 1108 ipsum

372 1107 466 1159 lib.
492 1123 584 1171 ιιι,
634 1123 752 1175 cap.
783 1107 888 1171 11,
935 1110 1021 1162 ubi
1078 1120 1231 1161 vetus
1288 1109 1553 1177 interpres
1606 1109 1792 1171 habet,
1848 1120 1949 1165 ret

375 1178 687 1245 principale,
716 1188 771 1229 et
805 1179 1000 1243 regale,
1025 1199 1043 1231 ι
1074 1179 1295 1231 Graecus
1341 1180 1519 1232 lreuaei
1558 1188 1733 1232 textus
1779 1180 1948 1235 habet

373 1249 463 1300 καὶ
501 1248 844 1316 ἡγεμονικὸν,
886 1250 979 1301 καὶ
1026 1248 1320 1319 βασιλικόν.
1366 1248 1432 1302 Ει
1488 1250 1643 1318 paulo
1690 1262 1810 1317 post
1858 1252 1944 1303 ubi

375 1319 564 1391 legitur
595 1318 1062 1391 Lprincipalem,»
1102 1321 1288 1391 Cra-ce
1314 1319 1555 1391 glreuacus
1588 1319 1717 1371 dixit
1745 1322 1947 1391 ἡγεμο-

370 1385 543 1459 νιᾶςήν,
595 1385 723 1441 Utra
768 1399 944 1441 autem
995 1390 1172 1453 lectio,
1222 1389 1520 1459 ὑπέρτερον
1564 1385 1864 1459 πρωτεῖόνξ
1895 1392 1945 1443 id

371 1469 453 1531 est
488 1476 506 1508 ι
533 1459 863 1531 superiorem
899 1460 1213 1531 primatum,
1242 1479 1259 1509 ι
1308 1476 1374 1511 an
1414 1460 1718 1531 ὑπερτέραν
1734 1462 1948 1531 ἠγεμο-

373 1528 511 1593 νὶαν,
550 1529 877 1596 probabilior
911 1530 1000 1592 sit,
1042 1542 1096 1584 et
1133 1529 1339 1584 Graecis
1382 1528 1948 1586 auribus‘meli’usso-

377 1610 486 1663 net,
522 1598 762 1664 judicent
802 1598 894 1667 qui
942 1601 991 1651 in
1027 1600 1229 1654 Graacis
1271 1598 1519 1653 Patribus
1554 1601 1751 1653 versati
1797 1613 1944 1655 sunt.

374 1668 635 1737 Equidem
677 1683 850 1741 neque
891 1669 1189 1741 ὑπέρτερον
1225 1671 1516 1741 πρωτεῖον,
1540 1669 1592 1741 id
1627 1680 1709 1724 est
1743 1689 1761 1721 ι
1791 1687 1947 1739 supe-

376 1740 579 1813 riorem
609 1740 915 1813 primatum
945 1759 962 1790 ι
984 1811 991 1813 _
1013 1740 1241 1813 legerem
1264 1782 1277 1805 ,
1327 1756 1423 1792 nec
1475 1740 1767 1813 ἐξοιίρειιον
1794 1758 1947 1813 πρω-

372 1811 533 1871 τεῖον,
570 1808 620 1879 id
653 1818 733 1862 est
787 1828 805 1859 ι
833 1808 1088 1863 eximium
1136 1811 1446 1879 primatum.
1476 1829 1494 1860 ›
1541 1808 1692 1876 Quod
1727 1812 1770 1864 si
1816 1808 1945 1866 voce

374 1878 668 1949 ἡγεμονίαν
710 1894 838 1933 usus
875 1891 958 1932 est
991 1878 1247 1944 lrenaéus,
1300 1898 1318 1930 ι
1346 1880 1757 1949 principalitatis
1783 1900 1801 1932 ι
1850 1897 1944 1936 vo-

373 1950 620 2002 cabulum
654 1949 726 2002 ibi
759 1965 862 2001 non
902 1951 1187 2017 primatum
1210 1951 1499 2012 duntaxat,
1530 1951 1620 2004 sed
1649 1951 1942 2005 rectionem

374 2019 926 2090 gubernationemque
960 2022 1121 2090 totius
1164 2020 1416 2073 Ecclesiae
1440 2020 1727 2086 signiﬁcat.
1757 2022 1943 2090 Itaque

374 2091 515 2157 quod
551 2089 627 2140 ait
681 2089 867 2161 David,
889 2107 922 2161 _r
955 2088 1205 2161 Spiritus
1230 2090 1563 2161 principalis,
1589 2112 1607 2141 ι
1654 2106 1681 2144 a
1717 2088 1943 2161 Dielyino

375 2162 427 2230 in
470 2170 764 2230 continent.
788 2160 839 2210 in
880 2157 1116 2213 l’sal’mos
1145 2160 1211 2230 ad
1232 2157 1510 2230 versit?)
1552 2161 1741 2230 psalmi
1796 2157 1834 2215 ιζ
1859 2162 1939 2215 di-

372 2229 515 2283 citur
554 2227 718 2298 ἄρχον
770 2230 862 2282 καὶ
901 2229 1253 2301 ⁷ἱῃεμονεῢον,
1294 2229 1350 2301 id
1388 2242 1491 2301 est
1516 2227 1843 2298 (imperans
1889 2240 1943 2285 et

372 2302 743 2367 gubernans.»
795 2300 871 2370 Ac
926 2299 1222 2353 Romanam
1292 2299 1587 2355 Ecclesium
1640 2301 1943 2370 Cyprianus

375 2383 610 2438 quoque,
644 2371 804 2436 epist.
831 2368 920 2433 55,
961 2381 1116 2424 vocat
1156 2389 1174 2420 ι
1200 2370 1492 2424 Ecclesiam
1516 2368 1887 2440 principalem.
1917 2390 1935 2423 ι

374 2440 486 2520 iloc
518 2454 647 2524 ehrgo
679 2440 923 2524 sibivult
951 2440 1185 2524 l'renae'us
1211 2459 1225 2495 :
1264 2457 1283 2491 ι
1314 2441 1393 2524 ad
1422 2441 1726 2524 Romanam
1753 2441 1938 2496 Eccleo

371 2510 503 2563 siam
531 2509 617 2582 διὰ
653 2509 751 2581 τὴν
780 2511 1086 2581 ὑπερτέραν
1102 2510 1419 2581 ἡγεμονίαν,
1456 2530 1473 2562 ι
1499 2510 1549 2565 id
1563 2522 1644 2565 est
1683 2531 1700 2563 ι
1724 2519 1943 2582 propter

372 2579 727 2650 superiorem,
762 2597 864 2649 qua
894 2579 1585 2650 potitur,gubernationem
1629 2579 1936 2636 necessario

372 2648 660 2703 convenire
695 2648 909 2703 deliere'
955 2648 1170 2705 omnem
1223 2650 1586 2705 Ecclesiatn.»
1630 2651 1940 2706 Lectionem

376 2719 987 2789 interpretationemque
1045 2736 1220 2774 meam
1274 2721 1422 2788 parvi
1474 2721 1697 2774 forsitan
1748 2720 1938 2787 facies,

371 2788 581 2861 .lusline
608 2789 835 2844 Febroni
867 2788 1022 2860 :iquo
1053 2791 1197 2846 enim
1233 2792 1337 2845 alio
1364 2800 1416 2845 te
1456 2792 1669 2845 nomine
1703 2793 1943 2861 compel-

374 2860 511 2921 lein,
555 2860 760 2922 nescio,
806 2863 905 2913 nisi
962 2876 1025 2916 eo
1058 2862 1200 2930 quod
1246 2862 1475 2930 ipsemet
1523 2860 1936 2917 ementitus’es.

376 2932 440 2981 At
490 2930 622 2983 nihil
681 2945 779 2983 nos
834 2932 949 2998 ejus
1005 2931 1333 2985 clamoribus
1382 2945 1805 2998 commoventur,
1848 2933 1940 2999 qui

374 3000 473 3052 etsi
508 3000 560 3051 in
598 3000 839 3054 Ruinano
883 3001 1139 3070 episcopo
1172 3002 1462 3070 primatum
1506 3016 1785 3069 agnoswt,
1831 3012 1937 3054 tam

375 3070 616 3132 angustis
648 3079 824 3123 tamen
864 3071 1124 3125 limitibus
1154 3072 1535 3125 auctoritatem
1562 3071 1635 3124 illi
1663 3087 1692 3124 a
1721 3071 1939 3126 Christo

375 3140 620 3192 collatam
655 3152 891 3214 coercet,
925 3151 981 3214 ut
1009 3156 1137 3214 eam
1157 3155 1290 3214 pene
1316 3144 1382 3214 ad
1409 3141 1653 3214 nihilum
1672 3141 1938 3214 redigere,
1968 3153 2012 3214 ο

375 3225 439 3262 ac
469 3224 681 3263 omnem
708 3210 821 3263 fere
852 3212 1171 3265 universalis
1217 3210 1469 3265 Ecclesia:
1514 3210 1940 3265 administratio-

379 3295 496 3332 uem
528 3280 575 3332 ei
614 3282 849 3335 adimere
883 3281 1146 3335 videatur.
1174 3279 1275 3345 Qui
1302 3296 1514 3334 summo
1544 3280 1794 3335 Pontiﬁci
1822 3280 1942 3336 Cle-

380 3351 545 3402 menti
582 3349 698 3403 Xlll
736 3351 982 3404 volumen
1030 3352 1351 3415 inscribens,
1375 3368 1392 3401 ι
1420 3351 1648 3418 primum
1691 3354 1746 3405 in
1784 3354 1943 3407 terris

377 3418 577 3473 Christi
631 3421 889 3474 vicarium
920 3440 939 3472 ι
993 3437 1114 3476 eum
1174 3422 1442 3489 appellat,
1493 3422 1646 3489 quasi
1698 3422 1835 3476 alius
1889 3424 1942 3476 in

379 3490 538 3543 terris
574 3490 645 3543 sit
688 3489 890 3545 Christi
945 3491 1180 3546 vicarius
1220 3506 1284 3545 eo
1330 3506 1515 3556 sensu,
1548 3505 1655 3558 quo
1705 3492 1825 3546 talis
1860 3504 1944 3547 est

376 3576 660 3632 successor
692 3561 856 3615 l’ctri.
896 3561 996 3628 Qui
1039 3561 1459 3632 moretniillum,
1496 3576 1603 3628 quo
1648 3578 1787 3616 nunc
1832 3564 1945 3632 epi-

378 3630 548 3699 scopi,
579 3632 659 3684 sui
699 3632 951 3688 nominis.
997 3643 1048 3685 et
1080 3631 1304 3686 honoris
1334 3640 1615 3685 auctorem
1653 3630 1945 3700 agnoscen-

378 3715 478 3764 tes,
516 3701 833 3771 semetipsos
884 3723 899 3752 ι
928 3701 1044 3765 Dei,
1096 3714 1149 3756 et
1225 3701 1534 3770 apostolicae
1582 3702 1726 3757 sedis
1770 3704 1941 3770 gratia

375 3774 697 3839 episcopos»
761 3787 955 3826 vocare
1019 3774 1223 3836 solent,
1272 3792 1290 3823 ι
1320 3772 1515 3826 szeculo
1560 3787 1669 3837 xrv,
1711 3774 1939 3827 necdum

376 3842 677 3895 usitatum)
726 3840 893 3897 fuisse
956 3845 1288 3897 conﬁdenter
1335 3853 1612 3912 asseverat
1675 3858 1797 3912 pag.
1836 3841 1943 3897 257

374 3912 621 3965 set-unda:
651 3913 936 3977 editionis;
969 3914 1214 3979 quamvis
1242 3928 1383 3967 anno
1412 3911 1548 3967 1270
1573 3911 1940 3967 Auximatium

374 3981 656 4050 episcopus
699 3994 920 4037 sanctus
963 3982 1307 4037 Beuvenulus
1352 3984 1505 4051 (tom.
1543 3982 1578 4035 V
1612 3984 1809 4037 Annal.
1840 3982 1943 4037 Ca-

373 4051 618 4115 maldul.,
646 4068 770 4121 pag.
807 4053 912 4107 215
938 4052 1206 4123 Append.)
1241 4067 1306 4106 eo
1336 4068 1395 4107 se
1434 4052 1587 4107 titulo
1625 4053 1940 4121 appellaret,

375 4124 499 4173 dum
534 4123 607 4175 ita
623 4123 1035 4178 exordiebatur;
1061 4143 1077 4175 ι
1107 4124 1448 4177 Benvenutus
1465 4124 1556 4176 Dei
1580 4132 1633 4175 et
1650 4124 1943 4192 apostolica

374 4192 545 4256 gratia
580 4193 911 4247 Auximanus
962 4195 1243 4261 episc0pus
1271 4211 1283 4245 :
1314 4212 1332 4242 ι
1385 4204 1437 4247 et
1486 4208 1609 4246 mox
1675 4196 1939 4248 adderet:

380 4281 395 4307 ι
430 4264 764 4315 Auctoritate
800 4264 912 4327 Dei,
960 4275 1014 4317 et
1063 4263 1369 4331 apostolica:
1410 4264 1575 4327 sedis,
1606 4273 1661 4318 et
1706 4262 1767 4317 Β.
1801 4263 1940 4319 Leo-

376 4332 526 4395 pardi
555 4348 570 4382 :
598 4350 617 4382 ι
656 4332 855 4386 Eodem
893 4344 1073 4387 autem
1103 4334 1298 4387 smculo
1322 4348 1421 4386 ιιιιι
1451 4332 1682 4388 similem
1728 4334 1942 4388 titulum

376 4402 669 4470 sumpserit
701 4401 974 4458 Gerardus
1004 4406 1450 4472 archiepiscopus
1494 4401 1846 4469 Nicosiensis,
1884 4415 1941 4459 ut

376 4471 555 4542 videre
587 4472 868 4527 licet‘tom.
896 4490 962 4527 xv
1002 4473 1376 4527 Conciliorum.
1418 4474 1519 4541 Qui
1545 4489 1665 4542 pag.
1695 4473 1800 4529 258
1842 4476 1942 4542 hac

2050 513 2275 565 Μωῦσεί
2294 510 2503 579 λέγοντι
2526 530 2539 541 ·
2577 531 2596 564 ι
2644 511 2823 581 Εὐθὴς
2855 509 3057 580 Κύριος
3082 511 3111 562 ὁ
3138 509 3273 573 Θεὸς
3314 509 3489 580 ἡμῶν,
3526 518 3603 569 καὶ

2050 604 2149 655 οὑκ
2181 601 2326 655 ἐστιν
2365 599 2549 656 ἀδικία
2580 602 2638 654 ἐν
2668 599 2835 672 αὐτῷ.
2880 618 2899 650 ι
2932 597 3157 668 Πνεῦμα
3195 598 3449 670 χάριτος,
3483 604 3603 657 καοὰ

2050 698 2078 747 ὁ
2124 694 2444 759 Ἀπόστολος
2484 693 2757 765 Ἑϐραίοις
2811 690 3114 745 ἐπιστέλλει
3141 708 3155 721 ·
3203 711 3222 743 ι
3274 692 3334 745 '0
3383 693 3472 745 τὸν
3498 694 3603 748 liba

2048 787 2141 840 τοῦ
2170 786 2303 840 Θεοῦ
2337 788 2749 857 καταπατήσας,
2783 785 2878 839 καὶ
2927 785 2991 838 τὸ
3018 782 3243 853 Πνεῦμα
3278 784 3380 854 τῆς
3409 785 3603 856 χάριτος

2048 880 2357 951 ἐνυϐρίσας.
2398 899 2416 931 ι
2450 878 2561 932 Καὶ
2586 877 2695 949 γὰρ
2732 876 2942 943 ὁαύτὸς
2973 876 3203 948 ἔγραψε,
3254 879 3383 949 περὶ
3407 878 3500 947 μὲν
3524 879 3601 933 τοῦ

2057 1049 2084 1085 a
2137 1032 2318 1086 Leone
2361 1032 2410 1099 l,
2450 1052 2468 1083 ι
2497 1032 2599 1086 sub
2647 1030 3074 1086 conlirmationis
3146 1029 3312 1084 verbo
3360 1030 3598 1085 ratiltahi-

2057 1104 2257 1157 tionem
2303 1118 2516 1170 eorum,
2553 1118 2673 1172 quae
2705 1112 2892 1155 contra
2946 1102 3278 1155 voluntatem
3327 1099 3599 1172 legatorum

2048 1184 2165 1226 acta
2216 1174 2458 1236 fuerant;
2491 1194 2509 1225 ι
2563 1171 2626 1227 ac
2675 1184 2884 1226 sextam
2931 1172 3195 1241 synodum
3249 1174 3300 1223 in
3359 1171 3599 1240 synodica

2049 1243 2277 1309 epistola
2304 1243 2572 1313 Agathoni
2604 1244 2841 1310 pontilici
2882 1244 2995 1296 haec
3031 1241 3315 1313 scripsisse
3346 1258 3359 1293 :
3405 1259 3422 1291 ι
3451 1241 3599 1307 Quam

2048 1312 2407 1383 (doctrinam)
2461 1326 2519 1368 ut
2570 1313 2766 1366 iterum
2824 1329 2919 1382 per
2967 1312 3304 1366 honorabilia
3361 1313 3600 1379 rescripta

2048 1384 2399 1446 conlirmetis,
2451 1396 2683 1438 vestram
2735 1399 2987 1449 rOgamus
3041 1390 3322 1452 paternam
3360 1385 3599 1436 sanctita-

2048 1465 2177 1507 tem.
2211 1473 2230 1506 ι
2267 1453 2366 1519 Qui
2399 1469 2520 1524 pag.
2546 1454 2674 1517 251,
2708 1454 2783 1506 ait
2820 1451 3192 1524 lniiocentium
3221 1451 3328 1524 lll,
3353 1470 3371 1501 ι
3402 1467 3600 1524 exper-

2050 1526 2305 1579 suasione
2351 1522 2624 1579 contraria
2656 1539 2827 1578 sacrae
2868 1522 3196 1591 Scripturae,
3237 1523 3333 1575 toti
3382 1522 3600 1588 antiqui-

2049 1595 2184 1660 tati,
2247 1595 2599 1649 conciliorum
2658 1592 3093 1654 delinitionibus,
3149 1602 3206 1646 et
3258 1593 3603 1648 observantia

2048 1664 2365 1718 universalis
2396 1665 2649 1719 Ecclesia:
2678 1683 2698 1715 ι
2740 1665 3024 1732 scripsisse
3070 1664 3183 1717 haec
3212 1664 3376 1716 verba
3408 1680 3420 1715 :
3462 1680 3479 1712 ι
3504 1660 3602 1713 Ma-

2043 1735 2192 1803 jores
2235 1734 2493 1789 Ecclesire
2538 1750 2762 1795 causas,
2809 1733 3110 1803 prmsertim
3175 1732 3437 1786 articulos
3492 1732 3600 1785 ﬁdei

1978 1794 2446 1873 Bcontingetites,
2490 1806 2556 1858 ad
2612 1794 2757 1857 Petri
2809 1794 2994 1859 sedem
3052 1803 3390 1864 referendas,
3420 1821 3439 1854 ι
3473 1812 3598 1867 etc.;

2048 1875 2299 1945 quamvis
2334 1876 2513 1930 multis
2560 1887 2686 1929 ante
2719 1876 2935 1929 saeculis
2963 1874 3030 1928 ad
3064 1875 3223 1945 Afros
3253 1875 3314 1928 S.
3347 1873 3600 1945 innoceo-

2048 1942 2156 1999 tius
2199 1943 2249 2011 Ι,
2292 1949 2660 2015 rescripsisset
2692 1945 2748 1999 in
2803 1946 2943 1999 hunc
2980 1944 3246 1997 modum:
3290 1963 3308 1994 ι
3346 1942 3414 1998 Ut
3458 1943 3603 2015 quid-

2045 2017 2173 2083 quid
2208 2012 2479 2084 quamvis'
2503 2017 2570 2069 de
2613 2016 2902 2085 disjunctis
2935 2014 3271 2082 remotisque
3325 2012 3605 2085 provinciis

2046 2097 2326 2155 ageretur,
2374 2101 2479 2139 non
2522 2084 2988 2153 prius’ducerent
3040 2084 3358 2155 ﬁniendum,
3396 2084 3497 2155 nisi
3541 2086 3603 2136 ad

2046 2154 2207 2226 hujus
2239 2157 2455 2226 (nempe
2486 2156 2765 2224 Romanis)
2807 2157 2952 2209 sedis
2986 2154 3231 2226 notitiam
3281 2154 3602 2226 perveniret,

2047 2224 2257 2280 ut'tota
2288 2225 2446 2294 hujus
2478 2227 2798 2280 auctoritate
2828 2242 2947 2295 quae
2980 2225 3141 2278 fuerit
3169 2224 3316 2292 justa
3346 2224 3603 2295 sententia

2047 2297 2415 2350 ﬁrmaretur.»
2462 2296 2598 2362 Qui,
2645 2311 2765 2350 cum
2813 2293 3113 2366 Cyprianus
3163 2293 3604 2366 nonnullosﬂo-

2045 2381 2190 2420 mam
2252 2366 2637 2434 navigaturos,
2698 2363 2980 2435 p05lqiiam
3048 2383 3065 2415 ι
3102 2366 3153 2417 in
3201 2363 3346 2418 Urbe
3400 2364 3486 2434 (id
3528 2371 3606 2417 est

2046 2436 2253 2508 Itaque)
2305 2437 2540 2508 schisma
2593 2439 2790 2490 factum
2823 2446 3012 2508 erat,»
3063 2436 3307 2508 hortatus
3360 2435 3467 2499 sit,
3504 2450 3522 2482 ι
3552 2444 3607 2486 ιιι

2044 2505 2299 2561 Ecclesia:
2335 2506 2617 2561 catholica:
2676 2506 2955 2560 matricem
2994 2516 3049 2559 et
3088 2505 3326 2558 radicem
3358 2518 3605 2575 agnosce-

2044 2587 2189 2639 rent,
2234 2593 2295 2631 ac
2347 2585 2613 2641 tenerent,
2636 2597 2656 2629 ι
2699 2577 2927 2630 ﬁdenter
2966 2575 3195 2629 allirmat
3224 2591 3349 2644 pag.
3383 2574 3483 2627 185
3507 2588 3607 2626 nou

2044 2648 2118 2700 ita
2174 2646 2509 2717 Cyprianum
2556 2647 2965 2709 intelligendum
3009 2660 3167 2717 esse,
3214 2656 3268 2698 ut
3314 2644 3607 2717 Romanam

2041 2716 2340 2772 Ecclesiam
2384 2727 2543 2772 vocet
2578 2736 2597 2769 ι
2625 2716 2882 2772 Ecclesia:
2926 2716 3209 2770 catholicze
3254 2716 3529 2767 matricem
3556 2724 3608 2768 et

2045 2789 2315 2850 radicem,
2345 2805 2365 2840 ι
2424 2788 2570 2843 sicut
2626 2788 2950 2856 interpretes
3000 2785 3250 2840 arbitrati
3306 2794 3473 2849 sunt,
3518 2785 3608 2856 sed

2049 2875 2069 2908 ς
2098 2856 2358 2913 Ecclesia:
2390 2858 2670 2912 catholica:
2709 2854 2991 2911 matricem
3030 2866 3086 2908 et
3139 2858 3375 2910 radicem
3406 2872 3426 2905 ι
3481 2854 3609 2909 nihil

2041 2927 2187 2981 aliud
2236 2942 2388 2993 esse,
2437 2942 2599 2996 quam
2650 2926 2914 2980 unitatem
2973 2926 3323 2988 catholicam,
3373 2938 3439 2979 eo
3471 2926 3608 2995 quod

2041 2998 2169 3052 alibi
2210 2996 2510 3052 Ecclesiatn
2544 2998 2868 3052 catholicam
2906 3004 3063 3050 vocet
3098 3015 3115 3047 ι
3144 2996 3425 3048 matricem
3452 3016 3470 3046 ι
3510 2996 3611 3064 Cy-

2041 3067 2267 3138 prianus
2298 3090 2309 3123 :
2350 3069 2505 3137 quasi
2554 3083 2684 3138 vero
2728 3077 2821 3120 aut
2856 3067 2994 3121 idem
3031 3066 3101 3138 sit
3142 3084 3161 3116 ι
3191 3066 3392 3138 matrix
3416 3083 3435 3115 ι
3486 3065 3613 3119 sim-

2044 3136 2276 3208 pliciter,
2307 3136 2469 3207 atque
2518 3157 2536 3189 ι
2566 3137 2821 3192 Ecclesiae
2866 3136 3145 3208 catholicae
3192 3136 3479 3208 matrixet
3522 3152 3611 3189 ra-

2044 3204 2167 3274 dix;
2202 3218 2232 3258 ι’
2268 3204 2865 3275 ιιυιέιιροινιιοιιιιθιιιιι
2910 3223 3016 3261 non
3062 3207 3226 3260 fuerit
3274 3204 3614 3260 Christianos

2045 3277 2293 3332 homines
2354 3280 2591 3344 hortari,
2641 3289 2696 3332 ut
2744 3279 3003 3331 unitatem
3051 3275 3402 3341 catholicam,
3451 3291 3613 3343 quam

2044 3365 2113 3402 ex
2162 3348 2422 3419 Symbolo
2466 3349 2675 3419 jamdiu
2736 3357 2961 3419 norant,
2999 3366 3019 3399 ι
3043 3355 3435 3418 agnoscerent;
3468 3364 3488 3398 ›
3526 3358 3617 3419 aut

2044 3416 2219 3487 quasi
2252 3420 2303 3471 iu
2351 3416 2491 3473 libro
2522 3418 2598 3472 De
2629 3421 2834 3472 unitate
2876 3416 3127 3472 Ecclesiae
3159 3428 3347 3487 aperte
3379 3431 3488 3470 non
3520 3416 3615 3470 do-

2044 3486 2219 3543 cuerit
2248 3490 2598 3560 ‘Cyprianus,
2638 3507 2656 3538 ι
2689 3489 2910 3542 unitatis
2958 3486 3213 3560 ejusdem"
3251 3488 3519 3554 originem
3549 3486 3616 3560 ab

2046 3576 2152 3612 uno
2176 3580 2193 3611 ι
2242 3558 2401 3613 Petro
2439 3578 2457 3610 ι
2490 3560 2756 3628 incipere,
2791 3573 2856 3613 ac
2887 3574 3049 3627 super
3090 3558 3240 3611 illum
3283 3572 3453 3610 unum
3482 3558 3615 3611 rdi-

2046 3630 2259 3682 licatam
2292 3644 2412 3683 esse
2452 3629 2771 3683 Eoi-,lesiam.
2801 3648 2820 3681 ι
2856 3631 2955 3695 Qui
2985 3629 3223 3693 demum,
3249 3642 3372 3683 cum
3417 3629 3536 3681 lite
3564 3628 3617 3681 iu

2044 3714 2144 3754 suo
2182 3720 2201 3751 ι
2231 3700 2491 3768 singulari
2526 3700 2665 3753 libro
2688 3718 2708 3750 ›
2748 3701 3059 3768 scripserit,
3091 3708 3150 3753 ut
3192 3699 3297 3751 alia
3338 3699 3614 3763 omittam,

2044 3769 2263 3823 sibimet
2310 3785 2427 3836 ipse
2482 3769 2779 3833 blanditur,
2825 3785 2890 3823 ac
2936 3768 3281 3836 bibliopolam
3330 3768 3494 3821 initio
3539 3770 3620 3822 sic

2044 3839 2351 3908 loquentem
2385 3840 2631 3894 inducit:
2664 3858 2682 3890 ι
2706 3840 2997 3908 Postquam
3031 3840 3202 3907 prima
3234 3836 3394 3904 hujus
3421 3840 3617 3907 Operis

2044 3911 2211 3964 editio
2242 3910 2455 3963 insolita
2505 3910 2784 3964 celeritate
2810 3910 3075 3964 exhausta
3106 3921 3271 3975 esset,
3295 3931 3313 3960 ι
3350 3919 3462 3962 etc.
3512 3910 3617 3963 Sed

2044 3977 2302 4035 inﬂantur
2330 3991 2384 4034 et
2414 3981 2568 4049 pueri
2611 3980 2810 4035 calceis
2858 3979 3042 4039 novis,
3078 3990 3137 4031 ut
3169 3980 3259 4033 ille
3299 3980 3618 4049 ait;7nemo

2043 4062 2225 4104 autem
2268 4048 2514 4121 ignorat,
2558 4060 2743 4104 nostro
2790 4049 2987 4104 smculo
3032 4050 3187 4121 (proh
3232 4048 3449 4120 dolor!)
3496 4065 3621 4118 per-

2045 4135 2231 4175 versos
2258 4120 2421 4190 atque
2455 4126 2591 4177 adeo
2623 4121 3038 4175 exitiosissimos
3090 4120 3258 4174 libros
3286 4121 3434 4173 brevi
3482 4131 3620 4174 tem-

2044 4206 2177 4261 pore
2226 4192 2447 4261 iterum,
2486 4208 2550 4246 ac
2586 4193 2764 4255 tertio,
2795 4201 2883 4244 aut
2918 4190 3114 4257 saepius
3149 4193 3291 4261 typis
3320 4191 3616 4244 mandari:

2044 4272 2104 4315 ut
2156 4263 2207 4332 in
2256 4260 2482 4332 Helvetii
2530 4278 2712 4332 opere,
2768 4273 2823 4315 et
2862 4261 3215 4332 ilmdissimis,
3270 4263 3621 4330 maximeque

2046 4331 2225 4400 impiis
2264 4331 2481 4397 libellis,
2511 4331 2600 4402 qui
2634 4331 2873 4402 Voltairii
2906 4332 3123 4385 nomine
3160 4332 3299 4386 clam
3330 4332 3622 4385 Venditau-

2049 4415 2157 4467 tur,
2198 4403 2493 4473 contigisse
2533 4401 2722 4471 nuper
2772 4401 3037 4473 vidimus,
3086 4403 3209 4455 dum
3264 4402 3481 4455 interitu
3545 4411 3622 4457 tot

2045 4484 2355 4527 sanctorum
2409 4473 2664 4531 Patrum.
2715 4482 2790 4526 tot
2843 4472 3282 4526 doctissimorum
3330 4473 3620 4542 theologo-

378 4544 487 4610 ipsa
528 4541 781 4608 formula,
817 4563 835 4594 ι
864 4545 988 4609 Del,
1024 4554 1077 4597 et
1112 4556 1312 4598 sanctm
1352 4535 1495 4600 sedis
1545 4535 1739 4613 gratia,
1764 4564 1784 4597 ι
1825 4540 1937 4613 pri-
1974 4535 2015 4588 Ι)
2046 4559 2198 4607 rum,
2243 4544 2754 4613 jurisconsultorum
2813 4558 2876 4595 ac
2948 4543 3390 4612 philosophorum
3448 4535 3619 4612 OpEra

377 4628 492 4667 mos
527 4614 579 4666 in
607 4613 778 4668 Gallia
820 4616 978 4669 annis
1009 4614 1141 4669 l35l
1171 4624 1223 4668 et
1258 4615 1397 4669 1565
1450 4630 1574 4669 usos
1600 4629 1720 4669 esse
1759 4618 1937 4671 archi-

372 4683 657 4754 episcopos
709 4684 817 4749 ait,
862 4688 931 4739 ob
965 4703 985 4735 ι
1011 4700 1072 4738 ea
1121 4686 1242 4753 jura
1269 4724 1284 4749 ,
1317 4700 1439 4754 quae
1488 4685 1937 4754 archiepiscopali

372 4752 539 4807 Pallio
562 4752 868 4824 annectere
900 4752 1241 4823 pontilicibus
1272 4752 1442 4809 visum
1477 4767 1559 4811 est
1587 4775 1600 4810 :
1631 4774 1650 4806 ι
1680 4752 1937 4824 quamvis

373 4840 472 4878 nec
500 4824 559 4879 S.
586 4818 953 4890 Benvenutds,
998 4842 1097 4880 nec
1140 4826 1289 4880 urbis
1323 4836 1520 4879 nostrae
1554 4818 1822 4882 Febronio
1854 4828 1937 4879 in-

374 4897 497 4947 visa:
530 4895 753 4950 antistes
786 4912 929 4952 anno
972 4897 1109 4950 1545
1163 4896 1601 4965 archiepiscOpus
1632 4894 1794 4961 l'oret,
1839 4898 1934 4952 sed

370 4965 681 5034 episcopus,
709 4982 772 5019 ac
798 4966 1163 5022 Beltratninus
1202 4976 1382 5019 tamen
1409 4982 1474 5020 eo
1502 4981 1647 5019 anno
1685 4984 1704 5016 ι
1734 4967 1852 5031 Dei,
1881 4976 1937 5022 et

372 5036 682 5102 apostolica:
710 5038 855 5092 sedis
885 5039 1052 5107 gratia
1080 5039 1367 5106 episcopus
1400 5034 1754 5107 Bononiensis
1782 5056 1801 5088 ι
1842 5053 1936 5092 vo-

370 5117 523 5177 cetur
550 5107 601 5177 in
628 5118 993 5177 monumento,
1025 5111 1165 5175 quod
1202 5116 1382 5162 exsmt
1410 5122 1531 5177 pag.
1593 5106 1697 5161 587
1725 5108 1936 5177 Appen-

372 5175 507 5228 dicis
536 5176 602 5246 ad
629 5174 827 5230 librum
874 5174 1128 5231 Bononia:
1174 5174 1516 5245 impressum,
1552 5181 1642 5246 qui
1682 5174 1933 5233 inscribi-

373 5257 499 5298 tur:
530 5244 780 5298 Memorie
809 5249 1054 5300 istoriche
1098 5244 1429 5301 conce’rnenti
1477 5250 1524 5300 le
1568 5244 1672 5302 due
1704 5247 1935 5301 Canoni-

372 5315 461 5366 rlie
488 5318 539 5367 di
590 5313 648 5368 S.
678 5314 853 5369 Maria
895 5318 948 5370 di
997 5316 1137 5371 lieno
1182 5334 1210 5371 e
1247 5319 1303 5370 di
1352 5316 1409 5371 S.
1441 5317 1727 5372 Saluatore.
1772 5318 1839 5372 Et
1875 5320 1931 5372 in

367 5389 507 5454 App.
557 5385 763 5459 tom._V
808 5387 1002 5459 Annal.
1056 5387 1334 5459 Camald.,
1383 5405 1502 5459 pag.
1535 5389 1662 5443 5l5.
1696 5386 1933 5443 Thomas

368 5458 654 5528 episcopus
683 5455 1008 5528 Forolivien.
1039 5474 1128 5511 an.
1158 5458 1294 5512 1555
1327 5455 1513 5513 eodem
1556 5461 1716 5514 modo
1746 5461 1931 5528 loqua-

371 5537 479 5582 tur.
508 5526 609 5593 Qui
640 5542 762 5597 pag.
792 5526 898 5582 205
936 5543 1000 5582 ex
1037 5528 1238 5582 Pii/tceo
1278 5530 1489 5596 statuit,
1525 5548 1545 5581 ι
1574 5539 1698 5584 octo
1741 5526 1931 5598 primis

372 5598 586 5670 saeculis
622 5600 817 5652 nullius
867 5599 1056 5670 synodi
1104 5606 1158 5653 et
1199 5601 1537 5654 decretorum
1586 5601 1701 5670 ejus
1733 5600 1929 5654 conﬁr-

376 5669 666 5740 mationem
706 5684 734 5721 a
769 5667 909 5723 sede
932 5667 1176 5724 Romana
1226 5671 1528 5740 postulasse
1551 5689 1571 5721 ι
1608 5667 1925 5740 episcopos;

373 5738 561 5805 pagina
600 5754 728 5794 vero
777 5740 881 5795 588
934 5738 1479 5809 sontentiai—ipsemet
1527 5738 1657 5796 suae,
1689 5738 1923 5796 circ—um-

370 5810 601 5877 seriptor
646 5815 909 5881 synodum
959 5810 1451 5867 Chalcedonensem
1494 5831 1512 5864 ι
1543 5814 1761 5879 petiisse
1786 5814 1821 5862 ι’
1852 5814 1927 5867 ait

2046 4613 2128 4664 vix
2162 4614 2327 4667 semel
2368 4630 2476 4668 uno
2509 4612 2706 4667 saeculo
2740 4614 3145 4678 imprimuntur.
3190 4613 3256 4667 Ut
3285 4613 3431 4667 enim
3474 4624 3622 4668 recte

2041 4683 2215 4754 inquit
2249 4684 2631 4754 Hieronymus,
2670 4703 2688 4734 ι
2722 4685 2886 4736 multo
2914 4698 3040 4754 pars
3073 4683 3242 4750 major
3264 4691 3349 4737 est
3374 4683 3620 4737 Milesias

2040 4753 2252 4809 fabulas
2284 4752 2697 4818 revolventiuin,
2733 4769 2894 4822 quam
2943 4752 3183 4808 Platonis
3217 4754 3411 4807 libros.
3439 4772 3459 4803 ι
3512 4755 3620 4808 Sed

2032 4824 2143 4891 jam
2188 4825 2255 4878 ad
2310 4823 2710 4892 ἀπροσδιόνυσα
2747 4825 3021 4891 digressus
3070 4840 3211 4885 sum.
3254 4835 3310 4877 et
3353 4835 3618 4877 currente

2040 4905 2175 4957 rota,
2214 4896 2339 4947 dum
2377 4910 2597 4949 urceum
2645 4899 2826 4947 lacere
2860 4897 3059 4962 c0gito,
3095 4896 3414 4963 amphoram
3462 4897 3621 4949 ﬁnxrt

2037 4981 2249 5018 manus.
2286 4964 2415 5018 Vide
2452 4975 2606 5018 notas
2633 4968 2697 5016 ad
2729 4979 2878 5032 segni
2909 4965 2976 5016 78
3001 4965 3051 5016 ὺ.

2074 5035 2219 5155 ’ἔξω
2261 5034 2418 5099 Quia.
2451 5034 2785 5099 Psal.xxxn,
2835 5050 2976 5087 vers.
3004 5038 3059 5090 4.
3096 5033 3368 5103 Complut.
3419 5035 3613 5097 editio,

2074 5124 2094 5155 υ
2135 5123 2215 5155 υς.

2035 5121 2215 5167 ευυυς.

2105 5175 2217 5245 (50)
2265 5174 2474 5229 Rectus.
2522 5176 2676 5231 Deut.
2708 5189 2881 5240 xxx",
2916 5175 2972 5237 4,
3010 5175 3203 5245 legitur
3226 5174 3361 5238 Θεὸς
3395 5178 3615 5240 πιστὸς.

2034 5245 2128 5316 καὶ
2154 5247 2255 5298 οὐκ
2295 5246 2440 5298 ἔστιν
2484 5245 2669 5299 ἀδικία
2700 5248 2758 5299 ὲν
2790 5245 2966 5316 αὐτῷ’
3007 5246 3213 5310 δίκαιος
3260 5246 3355 5299 καὶ
3397 5248 3551 5311 ὅσιος
3590 5250 3619 5302 ὁ

2032 5315 2257 5386 Κύριος.
2297 5317 2420 5370 Haec
2453 5319 2669 5371 tametsi
2704 5319 2768 5370 iis
2796 5315 2992 5371 similia
3027 5317 3135 5370 sint
3180 5334 3296 5386 qua:
3340 5316 3620 5387 Didymus

2034 5387 2218 5450 all'ert,
2262 5403 2365 5441 uou
2423 5399 2547 5442 sunt
2598 5399 2773 5441 tamen
2832 5388 2990 5455 plane
3035 5390 3243 5440 eadem.
3291 5388 3363 5440 At
3419 5391 3619 5444 eadem

2033 5457 2192 5525 plane
2227 5458 2470 5512 invenies
2503 5460 2554 5512 in
2589 5458 2796 5527 psalmo
2821 5472 2929 5522 xei,
2959 5474 3102 5512 vers.
3131 5457 3215 5511 15.

2103 5527 2214 5596 (51)
2258 5527 2381 5590 Qui.
2422 5529 2583 5582 llebr.
2612 5543 2666 5594 ι,
2693 5527 2785 5582 29.
2820 5529 2978 5581 l’lura
3012 5529 3215 5582 omittit
3257 5530 3618 5585 intermedia.

2031 5597 2089 5651 ln
2130 5599 2222 5652 lib.
2256 5600 2332 5653 De
2380 5598 2585 5665 Spiritu
2607 5614 2810 5660 somno,
2846 5616 2993 5653 num.
3019 5600 3075 5663 4,
3108 5600 3175 5654 {ti
3204 5610 3258 5652 et
3303 5599 3397 5663 63,
3445 5601 3619 5654 simili

2033 5672 2193 5724 modo
2242 5671 2439 5739 accipit
2485 5669 2635 5723 Pauli
2674 5670 2865 5737 verba;
2915 5686 3038 5724 nam
3080 5686 3230 5723 num.
3264 5670 3297 5723 4
3328 5673 3465 5739 haec
3520 5673 3621 5725 ha-

2031 5741 2122 5795 bet
2162 5760 2177 5795 :
2220 5762 2239 5792 ι
2282 5738 2521 5808 Denique
2568 5740 2660 5810 qui
2710 5742 3093 5794 communione
3140 5740 3257 5806 ejus
3318 5738 3608 5806 fruuntur,

2032 5813 2320 5882 participes
2355 5816 2601 5867 dicuntur
2635 5811 2865 5880 Spiritus
2896 5814 3091 5875 sancti,
3129 5813 3457 5866 sanctilicati
3506 5814 3616 5865 uti-
