3688 6332
1551 315 1781 370 Ῑ)ιιιιιδιε

321 321 425 375 475

1850 325 2290 370 ....ι..λι.ιιλιιιιηι

3445 321 3531 375 4⁸76

382 431 485 499 Qui
511 445 640 485 vero
657 430 954 486 Macedonii
973 431 1163 502 dogma
1187 429 1471 500 proﬁtentu
1481 445 1526 494 r,
1545 430 1612 484 de
1630 446 1724 486 sua
1748 433 1890 500 ipso-
1919 465 1930 495 λ

2079 431 2138 482 Οἱ
2191 430 2247 482 δὲ
2285 429 2346 481 τὸ
2392 429 2724 486 Μακεδονίου
2775 428 3167 500 πρεσϐεύοντες
3221 432 3410 503 δόγμα,
3449 435 3531 503 τῆς

326 538 441 575 rum
509 521 698 575 haeresi
752 522 920 590 magis
962 537 1122 590 quam
1163 521 1229 574 de
1272 520 1499 576 veritate
1543 520 1657 589 (48)
1689 522 1891 576 sollici-

328 613 388 674 ti,
419 612 550 665 nihil
574 612 774 676 vident,
799 613 940 681 quod
971 613 1055 666 his
1087 621 1506 668 consentaneum
1537 614 1630 676 sit,
1675 628 1794 680 quin
1821 612 1896 666 di-

326 705 450 756 vina
480 703 676 756 docent
701 704 940 757 oracula.
966 703 1100 758 Nam
1133 703 1216 758 his
1255 705 1385 772 ipsis
1408 703 1583 758 verbis
1611 704 1722 773 (49)
1751 721 1897 759 sum-

332 793 514 844 malim
549 792 660 862 (50)
696 793 1001 848 blaterones
1041 796 1128 852 isti
1187 804 1474 864 nugantur.
1530 795 1895 849 Attendendas

331 900 433 936 non
457 898 576 938 esse
625 883 776 937 aiunt
818 885 1208 955 homonymias,
1251 896 1344 937 aut
1383 886 1751 956 synonymias,
1804 895 1897 939 aut

331 971 656 1024 locutionum
686 973 1062 1027 similitudines
1105 975 1238 1044 (5i).
1274 973 1372 1028 Ubi
1428 974 1570 1028 enim
1626 973 1756 1037 Deo,
1817 977 1897 1027 in-

331 1064 545 1132 quiunt,
570 1064 844 1132 Scriptura
883 1065 1070 1118 tribuit
1092 1080 1285 1119 nomen
1345 1066 1446 1119 hoc
1475 1085 1493 1116 ι
1524 1065 1722 1130 Bonus,
1754 1085 1772 1118 ι
1827 1066 1895 1119 ibi

331 1157 513 1209 statim
549 1156 785 1221 additur,
822 1175 840 1205 ι
873 1173 1009 1211 unus
1037 1158 1177 1212 Dens
1217 1158 1348 1228 (Βῆ).
1388 1177 1406 1209 ι
1437 1159 1505 1211 At
1539 1174 1666 1213 vero
1715 1161 1802 1214 ubi
1835 1161 1900 1215 de

339 1245 541 1312 Spiritu
567 1253 755 1300 sancto
786 1261 1089 1300 sermonem
1116 1248 1300 1311 habet,
1360 1249 1560 1302 nomini
1595 1267 1615 1300 ι
1663 1249 1841 1304 Bonus
1875 1268 1894 1301 ι

339 1351 442 1389 non
474 1336 718 1406 adjungit
741 1352 802 1390 ea
838 1337 1022 1400 verba,
1057 1359 1075 1390 ι
1113 1355 1249 1394 unus
1277 1340 1438 1394 Deus.
1478 1360 1496 1392 ›
1530 1341 1902 1396 [³τιειετειιὺο-

339 1442 463 1490 nus,
497 1427 768 1496 inquiunt,
805 1429 983 1483 dictus
1013 1440 1095 1484 est
1122 1432 1282 1485 etiam
1318 1433 1477 1486 homo
1522 1447 1551 1486 a
1601 1432 1898 1502 Scriptura,

339 1526 397 1568 ut
451 1532 570 1570 cum
615 1519 690 1571 ait
720 1534 734 1570 :
769 1537 785 1568 ι
814 1518 1041 1574 Benelac
1077 1520 1213 1591 (55),
1247 1522 1490 1588 Domine,
1522 1523 1719 1587 bonis;
1751 1543 1770 1574 ι
1805 1533 1900 1579 et:

344 1625 360 1656 ι
401 1606 578 1661 Bonus
599 1609 710 1678 (5i)
746 1612 904 1664 homo
930 1613 994 1665 de
1017 1613 1156 1666 bono
1181 1614 1435 1669 thesauro
1460 1614 1662 1684 profert
1690 1617 1847 1672 bona.
1876 1635 1896 1668 ι

341 1698 600 1753 Similiter
622 1709 800 1753 autem
828 1699 989 1764 bona,
1013 1703 1281 1772 inquiunt,
1310 1706 1632 1775 homonyme
1651 1707 1902 1760 dicuntur

1991 522 2262 591 αἱρήσεως
2284 520 2461 573 αὐτῶν
2492 521 2689 591 μᾶλλον
2718 521 2750 591 ἢ
2776 521 3041 590 τάληθοῦς
3072 523 3373 593 γινόμενοι,
3405 527 3533 579 οὐδέν

1991 629 2044 664 τι
2072 611 2369 680 συμϐαῖνον
2408 615 2522 674 τοῖς
2576 613 2683 665 τῶν
2718 611 2913 679 λογίων
2941 613 3245 682 βλέπουσιν.
3285 616 3536 686 Συναρπαο

1995 700 2198 764 κτικῶς
2227 700 2337 771 γὰρ
2368 700 2689 770 μυθεύονται
2724 703 2959 771 ῥήμασιν
2989 703 3166 764 αὐτοῖς
3188 745 3202 767 ,
3231 703 3302 766 ὡς
3326 704 3395 756 Οὔ
3445 709 3534 778 χρὴ

2019 792 2360 863 ὁμωνυμίαις
2386 833 2400 857 ,
2427 793 2459 863 ἢ
2510 793 2872 864 συνωνυμίαις
2892 834 2906 856 ,
2940 793 2972 862 ἢ
3003 793 3357 863 ὁμοιολεξίαις
3391 812 3536 866 προσο

1995 883 2158 953 ἐχειν.
2215 883 2318 936 Τοῦ
2392 884 2500 954 γὰρ
2559 883 2716 945 Θεοῦ,
2777 884 2978 953 φησὶν,
3045 884 3104 937 τὸ
3163 902 3183 935 ι
3253 884 3469 952 Ἀγαθος
3517 906 3531 937 ι

1995 976 2184 1046 ὄνομα.
2241 975 2318 1045 τῷ
2345 995 2363 1027 ι
2400 972 2479 1040 εἷς
2525 975 2654 1038 Θεὸς
2708 997 2729 1028 υ
2764 975 3201 1046 συμπέπλεκται·
3234 976 3325 1027 ἐπὶ
3384 976 3436 1028 δὲ
3474 977 3542 1047 τῷ

1996 1069 2135 1138 ἁγίῳ
2153 1067 2424 1138 Πνεύματι
2466 1067 2542 1139 τῷ
2563 1088 2580 1119 ι
2604 1067 2831 1136 Ἀγαθὸς
2850 1087 2867 1118 ι
2892 1068 3111 1138 ὀνόματι
3137 1068 3197 1120 οὐ
3218 1067 3540 1131 συνέζευκται

1996 1157 2058 1210 τὸ
2091 1178 2108 1208 ι
2149 1156 2228 1221 εἷς
2257 1159 2406 1221 Θεὸς.
2428 1179 2444 1210 ι
2482 1160 2591 1212 Καὶ
2620 1159 2803 1213 πάλινο
2830 1159 3076 1228 Ἀγαθὸς,
3106 1161 3270 1230 φησιν
3297 1202 3310 1225 ,
3349 1162 3541 1233 ἐγράφη

1999 1243 2138 1300 εἶναι
2171 1249 2264 1300 καὶ¹
2286 1248 2589 1318 ἄνθρωπος,
2620 1248 2694 1311 ὡς
2732 1248 2895 1318 ἡνίκα
2933 1247 3080 1316 λέγει
3101 1265 3114 1279 ·
3157 1266 3176 1298 ι
3233 1249 3540 1317 Ἀγάθυνον,

1999 1337 2190 1408 Κύριε,
2221 1341 2333 1401 τοῖς
2359 1338 2580 1406 ἀγαθοῖς
2601 1354 2616 1368 ο
2659 1359 2677 1390 ι
2713 1340 2839 1403 καὶ,
2875 1358 2892 1389 ι
2918 1340 2974 1392 '0
3021 1338 3223 1407 ἀγαθὸς
3287 1340 3544 1409 ἄνθρωπος

2001 1429 2064 1481 ἐκ
2085 1427 2174 1481 τοῦ
2205 1428 2408 1496 ἀγαθοῦ
2443 1431 2716 1501 θησαυροῦ
2759 1430 3006 1483 ἐκϐάλλει
3058 1429 3256 1499 ἀγαθά.
3292 1451 3308 1482 ι
3339 1431 3544 1499 Ὁμοίως

1999 1521 2076 1584 δὲ,
2108 1520 2194 1591 [57
2249 1521 2299 1592 bj
2339 1521 2534 1592 φησὶν,
2578 1521 2754 1590 ἀγαθὰ
2812 1520 3116 1591 ὁμωνύμως
3191 1521 3284 1574 καὶ
3356 1521 3542 1591 ἄψυχα·

2001 1611 2077 1674 ὡς
2113 1613 2238 1664 ὅταν
2264 1611 2609 1683 προᾳητεύῃ·
2660 1632 2677 1662 ι
2727 1611 2850 1665 Ἐὰν
2877 1611 3142 1681 θελήσητε
3203 1617 3300 1664 καὶ
3338 1613 3545 1683 ἀκούση-

2000 1704 2060 1756 τέ
2087 1721 2206 1774 μου,
2241 1703 2308 1756 τὰ
2341 1703 2519 1768 ἀγαθὰ
2545 1707 2642 1774 τῆς
2677 1705 2779 1773 γῆς
2809 1703 3065 1773 φάγεσθε.
3096 1723 3113 1753 ι
3158 1703 3320 1756 Ἀλλὰ
3359 1704 3447 1755 καὶ
3474 1705 3548 1756 ἐπὶ

339 1790 500 1843 etiam
545 1789 835 1845 inanimato
872 1812 885 1846 :
912 1802 970 1846 ut
999 1810 1119 1848 cum
1172 1795 1248 1848 ait
1279 1796 1536 1864 propheta
1566 1813 1582 1852 :
1613 1815 1630 1848 ι
1657 1795 1714 1850 Si
1748 1797 1897 1850 volu-

2079 1793 2386 1846 δποστάτων
2427 1793 2586 1862 δῆθεν
2624 1796 2962 1864 πραγμάτων
3008 1795 3252 1864 εἴρηται·
3301 1813 3317 1842 ι
3359 1794 3552 1860 Ἀγαθὸν

344 1882 496 1935 eritis
523 1881 632 1952 (55)
661 1884 820 1953 129
852 1896 904 1938 et
934 1886 1216 1941 audieritis
1242 1903 1345 1952 me,
1371 1888 1509 1942 bona
1537 1896 1694 1942 terrzr
1720 1903 1903 1944 come—

354 1971 512 2026 detis.
558 1991 576 2024 ι
609 1972 746 2038 Quin
774 1974 936 2027 etiam
964 1975 1030 2028 de
1054 1979 1216 2029 rebus
1241 1992 1346 2030 non
1379 1977 1800 2032 subsistentibus
1825 1979 1905 2031 di-

351 2073 494 2116 ctum
532 2074 614 2118 est
640 2104 654 2127 ,
691 2079 783 2118 eas
814 2080 934 2120 esse
972 2067 1177 2133 bonas;
1203 2076 1260 2120 ut
1294 2069 1346 2120 in
1388 2068 1453 2122 iis
1480 2069 1699 2122 verbis:
1743 2087 1760 2119 ι
1805 2070 1905 2122 Bo-

353 2171 480 2206 tnnn
514 2153 625 2224 (56)
645 2165 726 2209 est
747 2159 991 2212 conﬁteri
1030 2159 1280 2213 Domino.
1325 2178 1341 2210 ι
1373 2159 1634 2214 Similiter
1663 2173 1907 2223 sanctus,

352 2247 621 2314 inquiunt,
653 2258 880 2301 vocatur
912 2248 1074 2302 etiam
1111 2251 1292 2304 homo.
1319 2252 1396 2305 Ac
1422 2253 1658 2318 potentia
1691 2253 1800 2314 Dei,
1829 2255 1912 2306 in-

351 2341 565 2408 quiunt,
621 2342 818 2395 vermis
842 2382 856 2404 ,
897 2357 1114 2412 quoque
1145 2345 1322 2397 dictus
1366 2344 1466 2397 fuit
1493 2359 1507 2396 :
1539 2360 1642 2413 qua
1698 2347 1910 2400 ratione

349 2433 532 2486 scribit
566 2430 706 2497 Joel,
763 2451 781 2484 ι
820 2432 990 2487 Eruca
1024 2435 1136 2506 (57)
1170 2436 1406 2503 potentia
1442 2453 1557 2490 mea
1608 2453 1818 2508 magna.
1886 2458 1904 2490 ι

352 2521 600 2577 Salvator
627 2533 852 2578 autem:
896 2542 915 2576 ι
958 2524 1258 2581 Potestates
1299 2527 1410 2597 (58)
1455 2528 1711 2583 εωῐοτιιιιι
1763 2546 1911 2583 com-

352 2615 732 2667 movebuntur.
773 2633 791 2666 ›
824 2615 893 2669 At
922 2616 1024 2669 hoc
1047 2616 1264 2685 quidem
1300 2619 1462 2687 (quod
1497 2634 1688 2687 nempe
1720 2620 1910 2672 homo-

353 2706 564 2776 nymias
607 2715 660 2760 ct
699 2707 1031 2761 locutionum
1079 2707 1459 2763 similitudines
1490 2711 1768 2764 attendere
1807 2728 1912 2763 non

352 2800 616 2865 oporteat)
657 2797 906 2864 quamvis
943 2797 998 2856 in
1033 2798 1099 2852 iis
1128 2799 1324 2862 valeat,
1356 2815 1588 2869 quorum
1622 2801 1724 2854 alia
1781 2801 1918 2856 alte-

357 2887 473 2940 rius
501 2888 718 2956 gencris
747 2897 871 2943 sunt
895 2928 908 2951 ,
939 2890 1269 2959 alteriusque
1299 2893 1614 2946 substantia:
1639 2910 1652 2958 ;
1685 2907 1791 2945 non
1821 2908 1915 2944 va-

365 2979 437 3032 let
473 2989 650 3032 tamcn
681 2979 733 3033 in
765 2978 969 3048 Spiritu
1009 2993 1218 3046 sancto,
1252 2995 1350 3036 nec
1383 2984 1434 3035 in
1469 2983 1592 3046 illo,
1623 2983 1781 3048 cujus
1806 2985 1918 3052 ipse

356 3079 438 3124 est
491 3070 746 3138 Spiritus,
803 3087 867 3126 ac
912 3087 981 3126 ne
1030 3072 1082 3125 in
1137 3071 1272 3126 Filio
1331 3073 1570 3142 quidem.
1633 3074 1913 3142 Scriptura

2003 1885 2064 1937 τὸ
2092 1884 2524 1954 ἐξομολογεῖσθαι
2566 1885 2643 1954 τῷ
2674 1885 2876 1955 Κυρίῳ.
2895 1904 2916 1936 ι
2943 1885 3174 1955 Ὁμοίως
3204 1886 3231 1936 ὁ
3264 1884 3433 1951 ἆγιος,
3464 1901 3551 1952 φη-

2007 1979 2077 2033 σὶ.
2114 1977 2352 2030 καλεῖται
2393 1978 2490 2031 καὶ
2527 1977 2828 2049 ἄνθρωπος.
2873 1976 3110 2046 Δύναμίς
3139 1993 3196 2028 τε
3232 1974 3389 2038 Θεοῦ,
3419 1975 3550 2044 φησὶ,

2006 2071 2100 2124 καὶ
2133 2069 2368 2138 σκώληξ,
2478 2069 2712 2139 γράφει·
2752 2087 2771 2119 ι
2807 2069 2869 2120 Ἡ
2900 2068 3114 2137 κάμπη,
3154 2069 3186 2136 ἡ
3217 2066 3442 2135 δύναμίς
3469 2083 3556 2136 μου

2008 2165 2040 2233 ἡ
2070 2162 2342 2232 μεγάλησι
2377 2162 2470 2214 καὶ
2503 2162 2531 2213 ὁ
2574 2160 2763 2231 Σωτὴρ
2803 2159 2891 2213 δέ’
2935 2178 2951 2208 ι
2973 2161 3036 2210 Δί
3065 2159 3330 2229 δυνάμεις
3365 2158 3464 2210 τῶν
3483 2158 3556 2212 οὑ-

2013 2251 2186 2322 ρανῶν
2238 2249 2723 2320 σαλευθήσονται)
2761 2250 2852 2302 καὶ
2897 2248 3053 2301 τοῦτο
3081 2249 3177 2319 μὲν
3215 2250 3381 2319 (φημὶ
3425 2249 3476 2302 δὲ
3506 2250 3553 2301 τὸ

2015 2343 2087 2414 μὴ
2131 2343 2413 2414 προσέχειν
2453 2343 2789 2414 ὁμωνυμίαις
2839 2341 2930 2394 καὶ
2974 2340 3363 2412 ὁμοιολεξίαις)
3426 2340 3556 2409 λόγον

2012 2437 2122 2506 ἔχει
2150 2437 2241 2488 ἐπὶ
2270 2438 2377 2498 τοῖς
2404 2435 2753 2505 ἐτεροειδέσιν
2783 2434 2875 2487 καὶ
2901 2433 3281 2503 ὲτεροουσίοις,
3315 2433 3374 2484 οὐ
3402 2433 3557 2503 μέντοι

2013 2531 2105 2581 ἐπὶ
2129 2528 2224 2581 τοῦ
2259 2527 2414 2595 ἁγίου
2459 2525 2811 2594 Πνεῦματος,
2862 2525 2955 2578 καὶ
2999 2523 3207 2576 ἐκείνου
3255 2516 3321 2576 οῦ
3364 2521 3560 2592 Πνεῦμά

2014 2623 2182 2683 ἐστιν,
2236 2618 2314 2670 ἔτι
2361 2619 2467 2688 μὴν
2511 2617 2606 2670 καὶ
2648 2616 2738 2669 τοῦ
2783 2616 2932 2670 Υἱοῦ.
2989 2615 3351 2687 Προστιθεῖσα
3391 2614 3488 2686 γὰρ
3530 2616 3556 2684 ἡ

2015 2709 2203 2780 Γραφὴ
2230 2710 2326 2780 τὴν
2350 2709 2456 2762 ἀπὸ
2487 2707 2682 2776 ἑαυτῆς
2713 2705 3011 2775 ἀσφάλειαν
3040 2709 3158 2770 ταῖς
3184 2703 3559 2776 ὁμωνυμίαιςῆ

2019 2800 2380 2871 συνωνυμίαις
2408 2796 2717 2870 συμφράζει
2745 2798 2842 2868 τὴν
2874 2816 2892 2848 ι
2923 2797 3020 2867 μοῦ
3047 2817 3064 2847 ι
3103 2797 3134 2866 ἢ
3174 2815 3192 2848 ι
3215 2795 3344 2848 σοῦ’
3384 2795 3552 2848 συλλα-

2017 2892 2139 2961 ϐὴν,
2169 2891 2201 2960 ἢ
2232 2890 2328 2960 τὴν
2366 2909 2383 2939 ι
2409 2888 2561 2956 ἅγιος
2584 2907 2600 2938 ι
2633 2888 2666 2956 ἢ
2718 2907 2734 2937 ι
2757 2886 2958 2955 ἀγαθὸς
2983 2906 2998 2938 ι
3038 2885 3179 2949 λέξιν
3200 2900 3212 2914 ο
3244 2883 3390 2936 τοῦτ’
3419 2882 3561 2944 ἔστιν,

2019 2984 2148 3053 ἢὼς
2182 2981 2290 3034 ἀπὸ
2334 2980 2426 3033 τοῦ
2462 2979 2596 3033 Θεοῦ
2638 2980 2808 3048 λέγει,
2846 2998 2863 3027 ι
2890 2978 2962 3029 Τὸ
2996 2977 3210 3046 πνεῦμά
3251 2990 3419 3046 μου·ι
3450 2973 3570 3044 ἢὼς

2023 3075 2131 3126 ἀπὸ
2171 3073 2264 3125 τοῦ
2297 3071 2457 3126 Δαυῒδ
2493 3072 2587 3124 καὶ
2615 3071 2802 3142 ἡμῶν·
2844 3089 2862 3119 ι
2889 3069 2961 3121 Τὸ
2991 3067 3214 3138 Πνεῦμά
3239 3083 3337 3119 σου
3367 3065 3423 3117 τὸ
3448 3065 3564 3132 ἀγα-

359 3163 500 3216 enim
555 3165 771 3232 quando
834 3166 1193 3235 homonymiis
1258 3177 1348 3219 aut
1386 3167 1720 3236 synonymiis
1771 3167 1919 3221 hisce

2079 3184 2118 3218 ιν
2145 3165 2398 3236 ὁδηγήσει
2433 3181 2519 3235 με.
2548 3183 2566 3216 ›
2615 3136 2899 3237 Πείθεσθαι
2934 3157 3027 3214 οὖν
3060 3136 3149 3212 δεῖή
3172 3155 3252 3221 οἷς
3301 3156 3470 3227 πολλῷ
3493 3157 3569 3208 λυ-

365 3256 568 3318 utitur,
598 3271 756 3310 voces
795 3274 814 3307 ι
851 3272 1000 3312 meus
1026 3297 1042 3323 ,
1077 3277 1095 3307 ι
1131 3266 1222 3310 aut
1253 3274 1272 3308 ι
1312 3267 1431 3311 tntis
1458 3297 1472 3319 ,
1530 3277 1548 3308 ι
1603 3270 1693 3312 aut
1725 3277 1744 3308 ι
1794 3274 1920 3312 san-

361 3356 498 3409 ctus,
540 3365 558 3398 ι
583 3355 678 3401 aut
711 3366 729 3398 ι
765 3349 960 3414 bonus,
1013 3367 1032 3399 ι
1069 3347 1229 3404 simul
1254 3349 1514 3417 adjungit,
1549 3358 1605 3402 ut
1633 3351 1922 3417 genuinum

362 3453 578 3490 suarum
611 3438 936 3492 locutionum
965 3454 1178 3495 sensum
1213 3441 1261 3492 in
1295 3449 1407 3494 tuto
1444 3450 1626 3508 ponat.
1659 3440 1921 3493 Nimirum

363 3538 454 3582 aut
501 3544 565 3583 ex
606 3545 831 3598 persona
889 3529 977 3584 Dei
1010 3529 1160 3595 dicit,
1209 3549 1226 3582 t
1269 3529 1503 3600 Spiritus
1546 3546 1734 3594 meus,
1776 3549 1795 3582 ›
1830 3540 1925 3584 aut

362 3637 426 3675 ex
457 3637 683 3691 persona
717 3622 950 3686 Davidis,
978 3630 1030 3675 et
1058 3622 1240 3676 nOstra
1277 3645 1287 3676 :
1338 3643 1355 3672 ι
1397 3621 1627 3690 Spiritus
1656 3622 1766 3691 (59)
1801 3631 1922 3676 tuus

368 3716 538 3770 bomts
590 3715 816 3769 deducet
876 3729 980 3768 me.
1020 3732 1038 3765 ι
1093 3713 1197 3769 Sed
1263 3715 1329 3768 iis
1382 3717 1604 3768 credere
1670 3724 1922 3784 oportet,

363 3807 556 3875 quibus
590 3807 757 3859 multo
787 3807 968 3861 utilius
1010 3808 1266 3870 creditur,
1299 3807 1731 3860 commemoratis
1780 3820 1929 3859 nem-

365 3915 430 3969 pe
490 3899 779 3969 Scripturte
832 3899 1152 3956 testimoniis
1210 3919 1223 3955 :
1279 3913 1342 3954 ac
1408 3898 1532 3952 illud
1584 3913 1738 3953 nosse
1795 3914 1934 3966 opus

439 4101 549 4169 (58)
592 4099 667 4154 De
705 4101 938 4153 veritate.
964 4099 1019 4152 In
1051 4100 1238 4154 Graeco
1272 4099 1559 4170 τάληθοῦς,
1589 4100 1727 4168 quod
1755 4114 1929 4168 gram-

371 4172 584 4224 maticis
611 4185 796 4236 parum
825 4171 1103 4223 arridebit.
1134 4173 1201 4222 At
1231 4170 1479 4224 Clemens
1508 4185 1722 4236 quoque
1746 4170 1836 4222 lib.
1866 4184 1925 4220 ιιι

376 4241 674 4311 l‘wdagogi,
714 4255 832 4308 pag.
880 4240 985 4292 253
1015 4241 1142 4311 edit.
1183 4241 1379 4293 Potteri
1412 4241 1546 4293 dixit
1571 4239 1823 4311 τανδρός·
1852 4250 1926 4303 ει,

369 4313 511 4379 quod
539 4309 715 4380 magis
745 4312 938 4363 mirere
967 4309 1276 4380 τὰλήθειαν.
1312 4311 1362 4362 ἰιι
1399 4313 1568 4377 primo
1603 4309 1929 4362 Strumatum

370 4397 488 4448 pag.
518 4379 659 4432 592:
703 4381 842 4448 quod
880 4390 1055 4432 tamen
1087 4379 1220 4432 adeo
1255 4381 1563 4433 inusitatum
1592 4391 1694 4443 est,
1728 4391 1785 4432 ut
1825 4395 1927 4432 non

371 4453 641 4506 immerito
676 4451 939 4516 suspicari
967 4451 1031 4501 de
1065 4451 1256 4503 mendo
1289 4450 1460 4502 liceat.

2032 3257 2415 3326 σιτελέστερον,
2455 3257 2572 3317 ταῖς
2619 3251 3102 3324 μνημονευθείσαις
3132 3251 3430 3321 γραφικαῖς
3457 3264 3570 3318 μαρ-

2028 3349 2240 3419 τυρίαις
2279 3348 2440 3415 λέγω,
2473 3345 2566 3399 καὶ
2589 3345 2808 3404 εἰδέναι,
2841 3344 2918 3405 ὡς
2947 3342 3007 3394 τὸ
3051 3342 3203 3409 ἆγιον
3248 3339 3470 3410 Πνεῦμα
3490 3338 3570 3406 τὴν

2028 3441 2341 3512 ὁμωνυμίαν
2371 3439 2403 3508 ἢ
2447 3437 2786 3507 συνωνυμίαν
2827 3435 2920 3488 καὶ
2960 3434 3060 3496 τὰς
3093 3431 3428 3503 ὁμοιολεξίας
3458 3429 3571 3500 πρὸς

2029 3533 2120 3586 τὸν
2147 3531 2277 3584 Θεὸν
2325 3529 2456 3600 ἔχει,
2501 3529 2595 3582 καὶ
2631 3528 2720 3579 τὸν
2763 3523 3026 3595 μονογενῆ
3075 3521 3237 3576 αὐτοῦ
3290 3522 3432 3584 Υἱὺν,
3468 3519 3574 3581 τοὺς

2028 3626 2138 3686 τοῖς
2183 3623 2387 3692 ὁμοίοις
2435 3621 2690 3689 ὀνόμασιν
2737 3615 3094 3687 ὑμνηθέντας,
3128 3615 3188 3676 οὐ
3230 3612 3370 3683 πρὸς
3396 3611 3458 3663 τὰ
3481 3608 3576 3661 κτί-

2036 3731 2209 3784 σματι
2257 3713 2341 3764 διὰ
2387 3711 2482 3781 τὴν
2533 3708 2922 3780 εὑρισκομένην
2980 3706 3089 3758 ἔσθ’
3129 3706 3218 3758 ὅτε
3271 3706 3332 3757 ὲν
3376 3701 3577 3764 ἐκείνοις

2036 3807 2370 3878 ὁμωνυμίαν.
2411 3804 2594 3856 Ταῦτα
2632 3803 2760 3874 γὰρ,
2798 3803 2845 3853 εἰ
2875 3802 2967 3854 κει)¹
2996 3801 3216 3870 δοίημεν
3239 3798 3461 3868 ὀνόματί
3490 3815 3577 3848 τινι

2039 3899 2072 3968 ἢ
2100 3897 2239 3960 λέξει
2269 3895 2386 3965 Θεῷ
2415 3895 2708 3959 κοινωνεῖν,
2748 3891 2859 3944 ἀλλ’
2898 3891 2999 3942 οὐκ
3023 3889 3177 3959 οὐσίᾳ
3202 3887 3326 3941 οὐδὲ
3357 3886 3581 3958 ἐνεργείᾳ

2037 4099 2298 4166 liguntur.
2342 4095 2524 4149 Primo
2580 4109 2740 4147 sensu
2797 4107 2898 4166 vox
2963 4087 3421 4166 συναρπακτικῶς
3462 4086 3582 4166 verti

2037 4157 2200 4221 etiam
2237 4168 2324 4220 hic
2359 4175 2558 4233 posset,
2596 4182 2615 4214 ι
2644 4178 2738 4230 per
2780 4157 3144 4233 obreptionet'n
3161 4177 3199 4233 ε-
3223 4178 3242 4210 ι
3294 4175 3399 4227 quo
3446 4157 3582 4211 modo

2035 4229 2478 4290 ΑιιιυτοεὶυεΊὶι).
2507 4251 2535 4286 v
2572 4229 2653 4286 De,
2680 4234 2804 4300 fide,
2841 4245 2958 4298 cap.
2987 4230 3131 4300 13,}
3159 4229 3355 4282 'l‘otum
3393 4237 3584 4300 aposto-

2038 4309 2202 4362 licum
2239 4315 2398 4374 caput
2429 4297 2830 4362 recenseamus,
2870 4297 2927 4352 ut
2969 4298 3098 4352 nihil
3134 4299 3390 4374 videatur
3420 4297 3585 4374 fraude

2039 4365 2392 4437 subtractum,
2441 4383 2532 4426 aut
2575 4373 2891 4444 obreptjone
2933 4369 3374 4444 praesttjctumq
3424 4365 3585 4444 Altero

2038 4461 2196 4502 sensu
2247 4445 2477 4499 Basilius
2520 4446 2678 4512 epist.
2715 4438 2850 4512 255,
2899 4441 2974 4491 ait
3012 4439 3146 4512 :_'_l‘ﬁ
3200 4438 3462 4512 ἐρωτήσει
3506 4438 3588 4486 τοῦ

442 4494 554 4589 (
568 4494 579 4501 Π
653 4494 700 4574 t';
863 4494 1479 4593 i
1507 4519 1732 4593 alicujus
1763 4520 1923 4593 verba

2530 4494 3001 4593 ’συναρπάζρυσιη
3041 4508 3090 4593 id
3121 4494 3205 4561 cst
3233 4494 3264 4558 ἰ
3305 4494 3585 4574 litiermga-

373 4588 557 4654 alfert,
602 4605 704 4642 non
740 4605 866 4643 vero
911 4588 1188 4652 Eunomii,
1238 4599 1323 4643 aut
1382 4589 1697 4643 Eunomiani
1746 4589 1926 4657 cujus-

371 4665 536 4733 piatn,
566 4669 630 4733 ut
655 4669 800 4727 patet
825 4675 890 4733 ex
927 4659 1008 4733 his
1031 4676 1147 4733 quae
1181 4669 1496 4728 sequuntur.

441 4731 552 4803 (50)
575 4729 924 4803 _Summatim.
971 4728 1024 4803 l_n
1066 4729 1252 4783 Graeco
1301 4729 1786 4803 σμναρπακτικῶςο
1824 4745 1932 4799 quo

373 4799 624 4857 adverbio
673 4803 869 4854 iterum
915 4800 1081 4854 utitur
1127 4815 1294 4869 segm.
1325 4801 1387 4852 77
1417 4802 1467 4852 b.
1511 4801 1763 4867 Quaenam
1805 4815 1933 4853 vero

377 4874 460 4927 hic
495 4873 564 4925 sit
592 4882 739 4926 certa
778 4871 918 4923 illius
954 4870 1295 4938 signiﬁcatio,
1326 4885 1433 4923 non
1475 4872 1643 4924 ausim
1686 4871 1929 4923 delinire.

379 4943 634 5010 Didymus
663 4940 876 5009 quidem
911 4939 964 4993 in
1002 4942 1139 4993 libro
1175 4942 1293 4992 adv.
1324 4938 1667 5001 Munia/mtas,
1701 4939 1934 5010 ἀσυνάρ-

376 5009 601 5075 πακτος,
636 5011 826 5081 inquit,
867 5011 901 5080 ἡ
951 5011 1117 5081 ἀρετὴ
1157 5012 1222 5080 τῇ
1271 5009 1473 5080 κακίᾳ·
1509 5026 1626 5077 (piae
1674 5009 1937 5081 interpres

377 5085 455 5136 sic
483 5083 644 5134 vertit
671 5099 684 5134 :
713 5077 740 5130 ⁷ι
771 5077 955 5133 Virtus
987 5077 1116 5132 cum
1141 5077 1271 5133 vitio
1299 5077 1425 5132 non'
1447 5090 1621 5148 potest
1656 5079 1814 5133 simul
1851 5095 1939 5132 ar-

385 5172 402 5202 ι
440 5150 634 5218 ripi.ln
667 5149 1033 5217 Scriptorihtts
1060 5162 1237 5204 autem
1267 5150 1470 5219 Didymi
1502 5149 1614 5202 fere
1646 5149 1939 5217 mqualihus

382 5223 468 5275 ubi
497 5223 733 5273 occurrit
765 5223 878 5273 haec
915 5219 1161 5282 formula,
1191 5220 1333 5272 κατὰ
1363 5220 1736 5290 συναρπαγήν,
1775 5222 1941 5290 inter-

383 5302 560 5360 pretes
591 5291 746 5360 modo
784 5299 1018 5360 vertunt,
1055 5308 1073 5340 ι
1107 5291 1322 5358 raptim,
1365 5288 1745 5360 festinanter,»
1785 5288 1941 5360 modo

385 5357 477 5430 per
512 5378 529 5410 ι
561 5359 845 5428 impulsum
871 5379 890 5410 ι
944 5357 1184 5430 alterius.
1221 5360 1444 5430 Demnm
1489 5361 1626 5425 apud
1671 5357 1944 5430 Theophi-

385 5428 488 5483 ltttn
525 5432 935 5483 Antecessorem
973 5429 1111 5483 libro
1158 5445 1209 5481 tv
1243 5428 1658 5490 lnstitutiunum,
1691 5429 1776 5483 tit.
1812 5443 1941 5490 χιιι,

381 5512 434 5554 ει
465 5501 604 5567 apud
643 5500 780 5553 alios
821 5497 1261 5564 jurisconsultos,
1290 5510 1340 5551 et
1376 5500 1426 5551 in
1462 5500 1703 5552 Basilicis
1739 5514 1939 5567 συναρ-

383 5571 531 5640 παγή
587 5580 671 5623 est
727 5587 746 5619 ι
787 5569 1088 5636 subreptio,
1115 5587 1132 5619 ι
1188 5579 1307 5640 aut
1342 5569 1519 5636 potius
1570 5586 1590 5619 ι
1625 5569 1889 5634 ohreptio.
1922 5585 1940 5617 ι

385 5638 528 5706 Qua!
560 5656 678 5694 cmn
737 5641 807 5692 ita
850 5653 910 5692 se
947 5641 1213 5701 habeant,
1263 5638 1473 5691 videtur
1519 5655 1616 5692 vox
1666 5651 1946 5707 συναρπα-

387 5709 590 5772 κτικῶς
627 5720 753 5764 ιυιιε
794 5709 1059 5772 adhiberi,
1107 5724 1227 5764 cum
1274 5709 1474 5777 aliquid
1506 5709 1820 5778 subripitur,
1859 5716 1949 5778 aut

389 5795 511 5835 cum
543 5795 725 5835 secum
759 5780 923 5836 trahit
957 5778 1123 5848 aliud,
1173 5788 1261 5833 aut
1304 5795 1424 5834 cum
1463 5778 1610 5846 plura
1653 5777 1810 5833 Simul
1840 5777 1948 5832 col-

2035 4599 2181 4642 tione
2207 4585 2442 4654 generali
2475 4585 2658 4636 omnia
2686 4577 2846 4654 simul
2879 4577 3327 4654 complectuntur:
3360 4595 3378 4626 ι
3477 4642 3496 4654 .
3573 4643 3585 4653 1

2105 4642 2236 4726 (51)’
2273 4654 2680 4726 Similitudines.
2749 4650 2909 4726 Lego.
2954 4642 3017 4718 ἢ’
3055 4646 3437 4726 ὁμοιολεξίαις.
3477 4642 3587 4726 Legi

2105 4663 2216 4726 (51)
2273 4663 2680 4709 Similitudines.
2749 4663 2892 4717 Lego
2954 4663 2987 4718 η
3055 4663 3437 4768 ομοιολεςιαις.
3477 4663 3586 4708 negt

2034 4729 2195 4780 etiam
2259 4734 2437 4790 potest
2489 4723 2584 4776 καὶ
2643 4716 3024 4791 ὁμοιολεξίαις.
3130 4717 3358 4791 ocabttlo
3417 4724 3586 4791 autem

2034 4786 2338 4866 ὁμοιολεξία
2373 4808 2502 4848 usus
2526 4801 2608 4846 est
2641 4786 2968 4844 Athanasius
2996 4797 3128 4840 tom.
3160 4787 3224 4849 ll,
3262 4801 3381 4853 pag.
3412 4786 3495 4838 66.

2109 4866 2222 4931 (52)
2265 4863 2408 4918 Unus
2471 4863 2636 4931 Deus.
2700 4859 2940 4924 Respicit
2998 4856 3124 4931 illud
3196 4857 3399 4931 Christi
3467 4849 3588 4922 apud

2314 4882 2408 4917 nus
2471 4882 2628 4915 ueus.

2109 4866 2222 4936 (52)
2265 4866 2408 4918 Unus
2471 4866 2628 4915 Deus.
2701 4866 2940 4924 Respicit
2998 4866 3124 4910 illud
3196 4866 3399 4909 Uhrlsll
3467 4868 3526 4922 ap

2042 4935 2276 4989 Marcum
2309 4949 2362 4996 ι,
2393 4933 2459 4987 l8
2491 4950 2502 4985 :
2548 4950 2566 4982 ι
2598 4929 2766 4983 Nemo
2799 4931 2991 4996 bonus,
3022 4927 3120 4979 nisi
3159 4941 3296 4979 unus
3328 4924 3484 4978 Deus.
3510 4942 3526 4971 ι

2109 5005 2222 5073 (55)
2262 4995 2677 5073 Benefac.__l’sal.
2701 5013 2884 5060 cxxtv,

2266 5061 2462 5129 Bonus.
2501 5070 2690 5143 Matth.
2743 5065 2995 5143 x_tt,_§_5.
3047 5063 3230 5143 Grzrca
3274 5070 3363 5143 fit.
3405 5061 3589 5143 habet“:

2040 5129 2325 5214 Θησαυροῦ
2369 5144 2465 5211 τῆς
2505 5135 3016 5214 καρδίας-ἐκϐάλλει
3049 5136 3118 5214 τὲι
3161 5133 3360 5214 ἀγαθά.
3392 5134 3458 5214 At
3489 5129 3592 5214 Vult

2043 5207 2197 5282 gntus
2235 5207 2334 5266 int.
2384 5207 2531 5279 legit,
2567 5207 2624 5261 tit
2663 5207 3060 5282 Didymus‘hoc
3097 5207 3156 5282 in
3209 5207 3360 5257 loco:
3396 5212 3592 5282 uterque

2043 5273 2184 5334 enim
2215 5273 2639 5337 omittit'notnen
2811 5274 3063 5346 καρδίας,
3097 5275 3148 5329 id
3185 5283 3266 5328 est
3301 5291 3319 5323 ι
3353 5273 3544 5328 cordis.
3575 5285 3591 5318 ι

2046 5352 2180 5405 Vtile
2214 5364 2390 5406 tamen
2419 5366 2590 5419 segni.
2613 5348 2684 5400 τε
2710 5349 2760 5400 b.

2119 5423 2229 5492 (55)
2258 5420 2328 5492 δε
2367 5407 2652 5492 υγοίιιιὲνιιὶε.
2693 5419 2794 5472 lsa.
2823 5432 2864 5482 ι,
2898 5415 2985 5471 l9.
3023 5413 3293 5483 Complut.
3337 5412 3424 5468 ed.
3454 5407 3596 5465 habet

2047 5491 2406 5562 εἰσακούσητέ
2439 5506 2561 5562 μου.

2120 5563 2230 5633 (56)
2270 5556 2668 5633 [Edmund-kal.
2695 5556 2879 5633 XCILL

2121 5625 2230 5700 (57)
2272 5629 2469 5684 Eruca.
2503 5628 2724 5700 Joelatt,
2752 5625 2841 5700 {25.

2125 5691 2234 5771 (58)
2277 5701 2598 5771 Potestates.
2624 5698 2810 5771 Matth.
2840 5691 3105 5771 xstv._29.

2127 5765 2240 5841 (59)
2284 5771 2530 5839 Spiritus.
2571 5768 2708 5824 Psal.
2738 5779 2905 5830 cxut,
2941 5765 3023 5818 l0.
