3688 6298
156 294 209 351 77
1251 321 1613 357 ιὶιιυιιιιιιῖι
1651 332 1683 355 ιι

1899 296 2282 355 SECUNDUS.

3231 301 3339 360 ινδ

118 408 370 479 δυνάμεως
394 408 488 463 καὶ
515 409 814 483 ἁγιασμοῦ.
852 410 987 467 Οὐδὲ
1016 412 1123 485 γὰρ
1171 416 1330 483 φύσει
1358 420 1531 473 ταῦτα
1554 439 1625 473 κα
1648 456 1681 481 ..

1857 460 1871 481 ,
1924 433 2043 487 qua:
2095 417 2417 486 homonyme
2484 424 2577 471 aut
2641 430 2956 486 synonyme,
3009 426 3066 471 et
3112 432 3211 488 per
3256 419 3340 476 lo-

117 501 242 565 ἆπαξ
284 502 619 572 ὑπάρχουσιε
664 502 807 557 κατὰ
848 506 1134 574 σύγκρισιν
1177 507 1231 559 δὲ
1270 509 1361 561 τοῦ
1404 511 1572 565 κακοῦ
1609 510 1671 565 τὸ

114 592 310 661 ἀγαθὸν,
344 593 437 645 καὶ
465 593 559 645 τοῦ
588 595 1004 666 ἁμαρτήματος,
1039 599 1201 668 ἧτουν
1227 600 1319 652 τοῦ
1350 600 1577 663 πάθους,
1606 602 1668 653 τὸ

116 686 247 752 Ξγιον
282 685 571 737 τέτακται·
606 686 666 738 τὸ
694 687 802 757 γὰρ
845 686 919 758 μὴ
950 688 1068 741 λίαν
1094 691 1261 742 κακὸν
1291 692 1382 743 καὶ
1408 692 1667 763 ἁμαρτω-

112 777 204 837 λδν,
233 777 389 845 ῆτουν
426 777 691 845 ἐμπαθὲς,
723 778 922 845 ἀγαθὸν
949 781 1041 831 καὶ
1093 780 1245 848 ἅγιον
1274 781 1457 834 ἐνθάδε
1496 799 1663 853 προσ-

112 867 321 936 εἱρηται.
366 865 455 928 Ὡς
508 867 618 938 γὰρ
661 869 829 921 κακία
878 868 971 920 καὶ
1018 869 1284 940 ἁμαρτία,
1314 872 1473 940 ἧτουν
1502 870 1671 934 πάθος

114 958 191 1008 καὶ
219 956 486 1025 ἀδυναμία
533 956 625 1028 [58
646 956 732 1028 a],
767 960 823 1011 ἐν
863 958 939 1027 τῷ
972 960 1051 1010 ἑνὶ
1086 959 1226 1029 ἁγίῳ
1270 958 1544 1030 Πνεῦματι
1574 961 1671 1030 οὐχ

112 1048 423 1118 εἰρίσκεται,
466 1048 559 1101 ἆτε
593 1048 876 1119 ἀγενήτῳ·
912 1048 1085 1113 οὕτως
1135 1052 1191 1103 ἐν
1237 1051 1411 1105 οὐδενὶ
1440 1053 1547 1104 τῶν
1574 1069 1669 1120 γε-

112 1142 283 1210 νητῶν,
312 1142 371 1193 τὸ
399 1142 606 1209 ἀγαθὸν
635 1143 729 1195 καὶ
763 1143 915 1211 ἅγιον
943 1143 1037 1194 καὶ
1064 1142 1287 1196 δυνατὸν
1320 1143 1457 1196 κατὰ
1490 1144 1549 1196 τὸ
1576 1143 1667 1196 τέ-

114 1234 251 1293 λεῖον,
289 1230 424 1283 ἀλλὰ
467 1232 609 1284 κατὰ
638 1232 926 1301 μετουσίαν
949 1252 959 1262 ο
986 1234 1119 1285 ὅπου
1157 1233 1213 1285 δὲ
1237 1232 1472 1303 οὐδαμοῦ
1496 1234 1667 1287 ταῦτα

119 1322 239 1373 κατὰ
280 1321 337 1372 τὸ
380 1321 604 1385 τέλειον,
650 1322 883 1392 οὐδαμοῦ
926 1323 986 1375 τὸ
1024 1323 1305 1395 ἀγένητον.
1353 1324 1518 1377 Ἔνθα
1563 1325 1669 1395 γὰρ

124 1414 303 1475 πάτος,
332 1413 573 1483 οὐδαμοῦ
600 1413 661 1465 τὸ
692 1414 805 1481 φῶς
826 1432 837 1442 ”
864 1415 958 1468 καὶ
996 1434 1013 1466 ι
1044 1416 1177 1467 ὅπου
1202 1414 1318 1480 νὺξ,
1347 1415 1444 1485 οὐχ
1464 1416 1668 1488 ἡμέρα.

122 1507 257 1558 Ὅθεν
281 1525 297 1555 ι
330 1507 571 1575 (εἴρηται
618 1506 711 1558 καὶ
754 1507 831 1576 τῷ
870 1506 1043 1577 Ἐρμῇ
1074 1506 1152 1575 τῷ
1179 1506 1406 1577 ἐπίκλην
1433 1508 1671 1579 Τρισμε-

120 1600 306 1669 γίστῳ)
367 1599 672 1651 «ἀδύνατον
732 1601 790 1651 ἐν
846 1601 1054 1666 γενέσει
1099 1596 1236 1652 εἶναι
1286 1600 1562 1666 τάγαθὸν,
1615 1604 1671 1654 ἐν

119 1694 248 1761 μόνῳ
285 1693 340 1743 δὲ
382 1691 459 1760 τῷ
500 1693 768 1762 ἀγενήτῳ.
814 1692 1024 1762 Ὥσπερ
1066 1692 1121 1743 δὲ
1155 1694 1413 1761 μετουσία
1453 1694 1670 1745 πάντων

1771 510 2045 565 cutionum
2095 509 2473 564 similitudines
2514 508 2624 562 Deo
2676 507 2818 561 Patri
2874 509 3218 577 conveniunt,
3284 518 3341 566 et

1779 603 2059 671 unigenito
2089 599 2208 668 ejus
2240 599 2396 665 Filio,
2435 600 2525 667 qui
2566 599 2834 653 similibus
2872 600 3176 655 nominibus
3210 615 3342 654 con-

1773 693 2160 756 celebrantur,
2211 692 2399 745 eadem
2453 691 2642 745 eodem
2696 690 2855 744 modo
2906 692 3067 745 etiam
3116 691 3341 761 Spiritui

1774 795 1965 839 sancto
1998 784 2288 838 convenire
2318 801 2331 836 :
2379 798 2499 852 qua:
2530 799 2655 839 vero
2682 785 2747 839 de
2777 784 3037 838 creaturis
3068 783 3341 848 dicuntur,

1771 888 1834 929 ea
1869 876 1921 929 in
1963 874 2223 944 Spiritum
2262 886 2509 930 sanctum
2541 876 2730 930 eodem
2772 879 2930 929 modo
2960 889 3063 929 non
3096 874 3330 944 quadra-

1772 980 1849 1030 re,
1905 966 2007 1019 etsi
2052 965 2307 1019 nonnulla
2337 966 2627 1035 aliquando
2657 967 2719 1019 de
2761 966 3029 1020 creaturis
3069 965 3202 1034 ipsis
3253 965 3333 1019 di-

1772 1066 1855 1111 cta
1913 1056 2273 1123 inveniamus,
2309 1072 2429 1127 quae
2476 1060 2815 1126 bomonyme,
2866 1058 2968 1112 hoc
3024 1066 3126 1123 est,
3176 1071 3339 1112 sensu

1774 1145 1934 1215 plane
1960 1146 2194 1212 diverso,
2232 1147 2298 1201 de
2343 1147 2547 1215 Spiritu
2601 1158 2788 1202 sancto
2820 1148 3005 1202 itidem
3050 1147 3340 1202 enuntian-

1774 1246 1880 1293 tur.
1919 1238 2030 1292 Etsi
2074 1239 2216 1293 enim
2259 1254 2354 1294 eas
2382 1255 2572 1294 nomen
2606 1240 2823 1311 aliquod
2870 1251 2960 1295 aut
3019 1240 3341 1295 vocabulum

1772 1344 1896 1384 cum
1956 1331 2065 1385 Deo
2116 1346 2402 1386 commune
2461 1333 2670 1387 habere
2735 1336 3136 1395 concedamus,
3197 1348 3344 1388 com-

1778 1437 1993 1476 munem
2052 1433 2229 1477 tamen
2280 1439 2401 1478 cum
2474 1424 2593 1494 ipso
2643 1441 2747 1480 non
2804 1426 3004 1480 habent
3061 1424 3345 1494 potestatis

1773 1524 1826 1569 et
1865 1515 2320 1570 sanctiﬁcationis
2374 1517 2664 1571 essentiam
2743 1525 2904 1583 atque
2956 1517 3350 1587 Operationem.

1773 1602 1904 1671 Ipsa:
1925 1606 2066 1658 enim
2110 1620 2177 1659 ne
2225 1614 2351 1660 sunt
2385 1608 2600 1676 quidem
2653 1622 2719 1661 ex
2749 1621 2933 1660 earum
2968 1618 3159 1660 natura
3190 1607 3349 1661 abso-

1774 1696 1886 1749 lute
1930 1696 2061 1767 (60),
2096 1698 2189 1751 sed
2219 1700 2582 1766 comparative
2627 1700 2880 1753 dicuntur
2920 1700 3073 1754 bona:
3111 1709 3164 1752 et
3225 1713 3349 1751 san-

115 1781 219 1833 ἐστὶ
276 1784 338 1851 τῇ
404 1781 504 1850 ῦλῃ
556 1781 836 1850 δεδομένη,
891 1780 1035 1833 οῦτω
1102 1782 1195 1832 καὶ
1244 1779 1337 1833 τοῦ
1389 1781 1664 1848 ἀγαθοῦ.»

1857 1803 1872 1840 2
1900 1805 1912 1839 :
1942 1788 2191 1842 nimirum
2229 1798 2470 1858 spectato
2496 1790 2662 1854 malo,
2691 1790 2847 1843 dicta:
2898 1801 3024 1844 sunt
3055 1790 3245 1852 bona;
3286 1801 3351 1842 ac

116 1875 305 1926 ratione
360 1872 539 1926 habita
586 1873 789 1939 peccati
818 1873 929 1927 sive
968 1874 1252 1941 passionis,

1323 1886 1522 1928 vocatae
1560 1886 1685 1929 sunt
1732 1888 1930 1933 saneta:
1981 1897 1994 1933 :
2041 1883 2181 1949 quod
2230 1882 2373 1935 enim
2409 1882 2561 1935 valde
2597 1880 2790 1934 malum
2835 1896 2940 1934 non
2973 1890 3073 1940 est.
3105 1894 3203 1933 nec
3227 1892 3352 1948 pee-

116 1960 235 2018 ‘atis
266 1964 635 2031 inquinatum,
700 1972 792 2017 aut
851 1963 1189 2032 passionibus
1237 1964 1470 2017 deditum
1518 1966 1651 2035 (6|),
1702 1968 1749 2021 id
1799 1969 1994 2023 bonum
2048 1981 2102 2024 et
2170 1982 2411 2025 sanetum
2459 1972 2510 2024 in
2547 1970 2718 2025 allatis
2748 1970 2879 2025 locis
2929 1969 3086 2039 130
3112 1969 3353 2023 denomi-

117 2062 279 2105 uatum
304 2052 449 2105 fuit:
488 2069 607 2106 nam
671 2053 1067 2121 sicutnequitia
1125 2064 1179 2108 et
1237 2066 1537 2122 peccatum,
1594 2059 1710 2112 sive
1756 2061 1934 2127 passio
2003 2070 2057 2114 et
2111 2061 2418 2130 impotentia
2476 2064 2528 2116 in
2585 2062 2675 2117 illo
2726 2060 2927 2129 Spiritu
2980 2068 3200 2123 sancto,
3260 2057 3354 2127 qui

116 2163 239 2198 unus
270 2155 369 2209 est,
411 2148 855 2214 non‘reperitur,
898 2155 1081 2215 υιροιε
1131 2147 1406 2201 increato:
1460 2148 1538 2202 sic
1589 2148 1642 2202 in
1681 2150 1821 2204 nulla
1862 2168 1928 2205 ex
1996 2156 2155 2208 rebus
2209 2154 2406 2208 creatis
2456 2155 2700 2218 bonitas,
2773 2162 2865 2207 aut
2913 2151 3213 2217 sanctitas,
3263 2156 3359 2204 aut

116 2241 330 2303 polentia
382 2241 652 2295 invenitur
680 2239 917 2311 perfecto
964 2242 1160 2308 modo,
1196 2242 1288 2296 sed
1333 2251 1537 2297 tantum
1586 2259 1650 2297 ex
1698 2247 2124 2316 participatione.
2175 2248 2273 2303 Ubi
2325 2258 2502 2303 autem
2552 2249 2665 2303 haec
2718 2262 3054 2317 nequaquam
3088 2245 3355 2299 exsistunt

116 2331 334 2397 perfecto
370 2335 548 2396 modo,
584 2332 654 2386 ibi
686 2347 1024 2401 nequaquam
1078 2342 1162 2387 est
1210 2334 1507 2386 increatum
1547 2351 1559 2385 :
1604 2335 1691 2388 ubi
1729 2336 1870 2390 enim
1900 2349 2022 2391 sunt
2052 2332 2307 2403 tenebrae,
2363 2340 2434 2393 ibi
2491 2340 2801 2408 neutiquam
2851 2347 2933 2394 est
2962 2338 3053 2391 lux
3080 2353 3095 2401 ;
3123 2346 3177 2391 et
3215 2352 3233 2386 ι
3264 2332 3355 2388 ubi

114 2438 181 2478 νει
237 2441 357 2488 nox,
393 2424 463 2479 ibi
497 2442 599 2479 non
656 2437 736 2480 cst
797 2426 931 2480 dies.
964 2426 1301 2496 Quapropter
1337 2446 1354 2479 ι
1385 2427 1581 2497 (inquit
1626 2431 1708 2484 vel
1779 2432 1892 2500 ipse
1936 2433 2159 2488 Hermes
2200 2436 2311 2504 (62)
2359 2444 2715 2504 cognomento
2754 2430 3156 2502 Trismegistus)
3189 2448 3207 2480 ι
3237 2426 3355 2482 ﬁeri

116 2520 286 2589 nequit
336 2528 393 2572 ut
438 2520 495 2573 in
534 2521 871 2588 generatione
915 2520 984 2573 sit
1033 2522 1265 2586 bonum;
1322 2521 1416 2575 sed
1462 2523 1511 2576 in
1560 2524 1675 2577 solo
1729 2526 1967 2583 increato
2004 2544 2124 2584 esse
2160 2540 2353 2599 potest.
2416 2529 2564 2585 Sicut
2610 2539 2786 2584 autem
2834 2529 3072 2584 omnium
3130 2523 3354 2597 partici-

120 2614 248 2677 patio
271 2622 346 2664 est
377 2615 616 2666 materia:
640 2614 783 2675 data,
822 2614 898 2665 sic
926 2622 979 2665 et
1022 2613 1169 2666 boni.
1214 2633 1232 2665 ι

164 2708 382 2776 Ὅμοιον
414 2707 597 2759 τοίνυν
627 2710 720 2760 καὶ
753 2709 865 2760 ἴσον
892 2709 950 2760 τὸ
976 2708 1125 2775 ἆγιον
1170 2708 1392 2777 Πνεῦμα
1446 2709 1540 2779 τῆς
1578 2708 1672 2762 τοῦ

117 2798 309 2866 III-:96;
344 2798 435 2849 καὶ
492 2797 584 2849 τοῦ
634 2799 968 2867 Μονογενοῦς
1012 2801 1292 2870 θεότητος·
1328 2803 1417 2853 κοιλ¹
1458 2802 1521 2854 ἐκ
1578 2802 1675 2873 τῆς

116 2889 205 2937 τὼν
260 2889 511 2941 τοιούτων
569 2890 842 2942 δείκνυται
902 2892 1155 2962 κρίσεως,
1216 2893 1347 2945 αὐτὸ
1396 2897 1462 2963 τῇ
1516 2894 1675 2963 φύσει

117 2972 339 3043 ἁγιότης,
378 2975 473 3029 καὶ
526 2976 818 3048 ἀγαθότης,
866 2981 957 3032 καὶ
1000 2980 1227 3051 δύναμις
1279 2982 1541 3051 ὑπάρχον,
1584 2985 1677 3037 ἆτε

1832 2708 2012 2775 Itaque
2030 2708 2289 2777 Spiritum
2308 2716 2555 2762 sanctum
2575 2707 2771 2762 deitate
2790 2707 3019 2762 similem
3044 2722 3187 2771 esse.
3205 2720 3257 2765 et
3280 2724 3355 2764 aa-

1774 2801 1984 2869 qualem
2006 2800 2169 2865 Patri,
2186 2809 2345 2869 atque
2363 2796 2670 2869 Unigenito,
2688 2813 2753 2852 ex
2781 2799 2966 2853 talium
2980 2800 3356 2867 etiamjudicio

1775 2893 2104 2957 ostenditur,
2130 2907 2251 2945 cum
2279 2892 2392 2960 ipse
2421 2906 2484 2946 ex
2508 2902 2699 2945 natura
2723 2907 2816 2946 sua
2840 2892 2911 2945 sit
2928 2901 2979 2944 et
2997 2894 3278 2957 sanctitas,
3300 2902 3356 2950 et

1779 2987 2019 3049 bonitas,
2054 2993 2108 3038 et
2139 2983 2395 3053 potentia,
2444 2984 2640 3053 quippe
2678 2983 2767 3052 qui
2816 2992 2897 3037 est
2926 2999 3066 3037 unus
3109 2998 3174 3037 ex
3221 2998 3348 3039 uno.

193 3064 247 3115 ὅν
278 3067 341 3117 ἐκ
383 3065 478 3118 τοῦ
519 3068 656 3129 ἑνὸς.
707 3069 858 3121 Ἐπεὶ
896 3070 1027 3139 πρὸς
1066 3070 1165 3141 τὴν
1200 3072 1421 3123 ἐκείνων
1458 3070 1672 3145 ὲρίσχε-

1857 3076 2033 3145 ioquin
2092 3088 2160 3129 ne
2204 3074 2319 3145 ipse
2348 3074 2561 3141 quidem
2594 3084 2783 3127 natura
2812 3072 3044 3142 optimus
3075 3083 3130 3127 et
3174 3074 3355 3142 propi-

116 3152 215 3206 λίαν
246 3154 371 3207 οὔτε
398 3158 430 3208 6
460 3156 811 3223 ἀγαθώτατος
843 3159 934 3210 καὶ
967 3159 1091 3212 ἵλεω
1121 3159 1217 3229 τὴν
1253 3160 1412 3228 φύσιν
1440 3152 1566 3223 Υἱδς
1592 3162 1671 3213 ἔτι

1863 3183 1887 3222 s
1910 3168 2021 3237 (65)
2058 3166 2224 3221 Filius
2276 3165 2447 3219 bonus
2476 3166 2598 3229 erit,
2634 3165 2677 3219 si
2729 3164 2943 3218 illorum
2977 3164 3349 3218 ratiocinatio-

123 3245 301 3310 ἀγαθὸς
337 3247 526 3300 ἔσται·
558 3249 747 3319 ἐπειδὴ
782 3250 855 3319 μὴ
891 3252 1265 3320 συνηνωμένον
1295 3252 1406 3321 ἔχει
1435 3253 1514 3313 τὸ,
1537 3274 1553 3302 ι
1582 3247 1675 3315 Εἷς

117 3338 232 3399 Θεὸς
251 3356 262 3365 ·
289 3359 307 3389 ι
342 3339 467 3392 οῦτε
511 3341 615 3411 μὴν
645 3344 673 3394 ὁ
709 3341 1216 3412 φιλανθρωπότατος
1241 3346 1334 3397 καὶ
1365 3344 1484 3408 ὂλος
1523 3345 1679 3407 ἵλεως

118 3428 285 3499 Πατὴρ
313 3431 407 3482 καὶ
434 3434 463 3483 ὀ
496 3432 617 3493 Υἱὸς
643 3432 854 3497 ἕξουσιν
878 3433 1120 3504 ἐπίσημα
1148 3436 1215 3487 τὰ
1244 3436 1679 3506 μνημονευθέντα

96 3512 334 3593 ’ὀνόματα
384 3524 488 3593 ’ᾖς
531 3524 812 3595 θεότητος·
859 3528 995 3579 ἀλλὰ
1038 3530 1128 3580 καὶ
1160 3529 1226 3581 δι’
1271 3529 1449 3581 αὐτῶν
1484 3530 1675 3581 ὑποϐι-

115 3616 462 3685 6αςθήσονται
491 3610 620 3678 οἷον,
651 3616 725 3681 ὡς
755 3618 871 3682 ἔθος
893 3617 1071 3673 λαλεῖν
1097 3622 1411 3691 αἱρετικοίς,
1446 3624 1523 3683 εἰς
1551 3623 1673 3683 τοὺς

115 3710 419 3779 ὁμωνύμους
474 3713 641 3781 ἡμᾶς.
688 3711 860 3764 ’Ἱλαθι
910 3713 987 3777 δὲ,
1045 3714 1175 3782 ἁγία
1236 3714 1424 3784 Τριάς.
1478 3715 1617 3766 Ἀλλ’
1650 3716 1677 3767 6

118 3800 243 3863 Υἱὸς,
272 3804 460 3871 φησιν,
496 3803 997 3873 συναπογεννηθεὶς,
1032 3804 1268 3873 ἔμφυτον
1292 3804 1403 3874 ἔχει
1427 3804 1523 3875 τὴν
1548 3807 1679 3873 ἀγα-

118 3891 316 3961 (ὶότητα,
376 3896 472 3945 καὶ
514 3894 583 3946 τὰ
629 3894 763 3947 ἄλλα
809 3897 909 3949 ὃσα
957 3899 983 3948 6
1028 3898 1235 3968 Πατήρ.
1284 3896 1443 3949 Ἀλλὰ
1483 3898 1575 3949 καὶ
1620 3897 1679 3949 τὸ

118 3984 256 4049 Ξγιον
313 3984 546 4055 Πνεῦμα
604 3987 1052 4056 συνεκπορευθὲν,
1108 3987 1247 4040 κατὰ
1298 3988 1460 4055 φύσιν
1520 3989 1668 4041 ἐστὶν

120 4073 321 4137 ἀγαθὸν,
353 4075 450 4126 καὶ
502 4076 606 4127 ὅσα
642 4076 670 4126 ὁ
707 4075 839 4137 Θεὸς
891 4077 1099 4145 Πατήρ.
1136 4078 1197 4129 Ei
1249 4078 1346 4147 μὲν
1400 4074 1491 4131 οὖν
1546 4079 1674 4149 περὶ

119 4165 209 4215 τῶν
247 4167 523 4235 τυχόντων
558 4168 590 4236 ἢ
634 4166 900 4235 βιωτικῶν
945 4169 1285 4238 πραγμάτων
1326 4165 1392 4240 ἦν
1427 4169 1606 4231 αὐτοῖς
1643 4172 1675 4239 ἡ

119 4256 355 4321 διαλεξις,
385 4259 567 4321 καλῶς
589 4258 651 4311 ἂν
681 4260 859 4321 αὐτοῖς
889 4259 999 4312 ἔσθ’
1026 4261 1113 4313 ὅτε
1143 4262 1298 4331 χρεία
1321 4262 1528 4327 ἐγίνετο
1551 4277 1681 4329 συμ-

121 4349 367 4401 πλαςσειν
398 4350 606 4421 μύθους
632 4351 807 4414 τινὰς,
832 4352 925 4403 καὶ
960 4353 1360 4421 Ἀριστοτελικῇ
1388 4352 1545 4422 δῆθεν
1567 4352 1679 4404 δει-

120 4445 280 4512 νότητι
300 4446 394 4497 καὶ
417 4448 487 4515 τῇ
513 4447 569 4496 ἐν
589 4445 765 4512 λόγοις
790 4446 972 4517 τέχνῃ,
997 4445 1071 4509 ὡς
1091 4446 1369 4515 Εὑνὸμιος,
1398 4447 1679 4517 περιστρέ-

1782 3255 2271 3323 nemcavillatiouis
2324 3253 2435 3322 (Gri)
2463 3263 2517 3307 et
2539 3252 2856 3321 pervicacia:
2878 3250 3087 3319 plenam
3115 3248 3358 3303 attenda-

1783 3364 1900 3401 mus
1939 3367 1951 3401 :
1983 3348 2233 3415 quoniam
2261 3346 2602 3416 conjunctum
2639 3360 2741 3398 non
2778 3343 2940 3396 habet
2968 3342 3117 3408 illud,
3152 3360 3171 3393 ‹
3203 3341 3357 3398 Unus

1781 3438 1938 3491 Deus.
1978 3456 1995 3487 ι
2035 3436 2172 3502 Quin
2208 3437 2314 3489 imo
2359 3434 2774 3504 benignissimus
2827 3447 2951 3501 erga
2988 3432 3235 3485 homines
3276 3440 3357 3485 to-

1784 3539 1973 3597 tusque
2001 3528 2262 3596 propitius
2282 3526 2443 3581 Pater
2470 3542 2531 3579 ac
2571 3524 2740 3577 Filius
2763 3538 2829 3577 ne
2864 3524 3207 3577 characteres
3238 3521 3358 3590 qui-

1792 3621 1911 3673 dem
1954 3619 2072 3672 illos
2114 3618 2386 3672 habebunt
2430 3627 2590 3684 atque
2625 3614 2852 3683 insignia
2901 3613 3138 3677 deitatis,
3172 3611 3359 3681 qualia

1779 3718 1903 3762 sunt
1952 3709 2168 3761 nomina
2209 3722 2329 3777 quae
2377 3706 2962 3760 commemoravimus:
3002 3704 3093 3757 sed
3126 3718 3221 3771 per
3268 3718 3360 3756 ea-

1781 3801 1901 3854 dem
1950 3800 2166 3852 uomina
2207 3797 2575 3867 deprimentur
2601 3795 2797 3858 veluti,
2840 3804 2899 3847 ut
2944 3794 3359 3864 loqui;consue-

1781 3901 1976 3946 verunt
1999 3890 2255 3955 haeretici,
2284 3890 2349 3943 ad
2384 3899 2618 3943 nostram
2669 3887 2984 3951 hominum,
3020 3885 3111 3955 qui
3152 3885 3231 3939 eis
3257 3884 3358 3938 ho-

1781 3985 2018 4056 monymi
2060 3999 2267 4046 sumus,
2313 3983 2416 4036 hoc
2443 3992 2549 4045 est,
2614 3981 2797 4033 eadem
2828 3996 2948 4032 cum
2986 3979 3113 4048 ipsis
3146 3978 3361 4031 nomina

1782 4079 2060 4143 habemus,
2095 4076 2473 4129 conditionem.
2526 4072 2651 4125 Mihi
2694 4087 2824 4126 vero
2850 4072 2927 4126 sic
2972 4070 3209 4139 loquenti
3240 4085 3364 4138 pro-

1782 4171 1909 4240 pitia
1931 4180 2047 4223 esto
2085 4176 2265 4222 sancta
2297 4166 2552 4219 Trinitas.
2597 4166 2662 4215 At
2692 4181 2792 4215 non
2832 4163 3017 4216 eodem
3046 4163 3206 4216 modo
3237 4161 3360 4214 boui

1782 4278 1882 4316 nos
1909 4261 2161 4324 dicimur,
2198 4274 2304 4327 quo
2345 4259 2516 4312 bonus
2549 4267 2632 4311 est
2677 4255 2865 4319 Filius,
2890 4265 2944 4310 et
2975 4254 3207 4324 Spiritus
3231 4268 3360 4307 san-

1783 4364 1900 4407 ctus
1935 4352 2068 4423 (65).
2109 4350 2276 4404 Filius
2303 4351 2445 4403 enim
2489 4366 2608 4402 cum
2646 4349 2719 4402 ita
2758 4348 2827 4402 sit
2859 4348 3089 4417 genitus,
3112 4342 3183 4400 ‘ut
3237 4361 3361 4399 eum

1780 4444 2032 4514 genitore
2051 4444 2293 4504 exsistat,
2317 4442 2475 4494 habet
2509 4456 2571 4494 ex
2603 4441 2714 4510 ipsa
2744 4449 2952 4503 natura,
2973 4440 3084 4493 sive
3104 4438 3361 4501 essentia,

120 4551 223 4597 ςειν
262 4537 321 4590 τὸ
364 4539 624 4607 πρᾶγμα,
665 4538 757 4590 καὶ
785 4538 1093 4601 συσκιάζειν
1135 4537 1232 4607 τὴν
1260 4537 1517 4607 ἀλήθειαν
1541 4556 1553 4567 ·
1585 4538 1679 4591 νῦν

1858 4538 2102 4599 nitatem,
2137 4542 2193 4587 et
2227 4534 2327 4587 alia
2356 4548 2684 4603 qumcunque
2720 4532 2880 4585 habet
2911 4530 3092 4583 Pater.
3127 4528 3203 4582 Ae
3242 4526 3363 4595 Spi—

180 4668 287 4738 (60)
330 4670 606 4723 Absoluta.
658 4670 845 4725 Grmce
898 4670 1018 4725 καθ’
1068 4672 1242 4737 ἆπαξ·
1294 4674 1437 4741 quod
1501 4674 1689 4725 eodem

123 4754 282 4792 sensu
315 4744 518 4806 sa'pius
551 4742 682 4793 dit-it
719 4742 973 4806 Didymus
1007 4744 1163 4795 inlih.
1195 4744 1315 4796 adv.
1346 4742 1685 4796 Manio/imos.

182 4812 287 4877 (6|)
329 4809 681 4863 Passionibus
735 4813 987 4864 deditum.
1043 4813 1096 4864 In
1151 4812 1361 4874 Grmco,
1407 4812 1684 4881 ἐμπαθές·

127 4893 214 4943 qua
248 4891 381 4951 voce
416 4881 804 4951 eodemsensu
850 4897 976 4934 usus
1006 4891 1088 4934 est
1128 4883 1385 4951 Didymus
1434 4886 1483 4935 in
1530 4898 1681 4935 com-

130 4950 389 5021 mentariis
415 4950 472 5000 in
508 4946 748 5002 Psalmos
781 4952 845 5002 ad
884 4966 1022 5005 vers.
1050 4952 1084 5004 5
1134 4946 1326 5019 psaittti
1354 4967 1448 5015 CII,
1474 4952 1559 5005 ubi
1589 4953 1688 5021 ἐμ-

128 5018 254 5086 παθῆ
309 5020 675 5089 ζωήνᾼιόεει
731 5040 748 5070 ι
778 5022 939 5074 vitam
978 5018 1319 5088 passiOnihus
1372 5018 1633 5084 deditam,
1662 5041 1680 5071 ι

131 5103 320 5161 nempe,
339 5087 423 5161 uti
445 5087 584 5141 alias
613 5089 876 5161 loquitur,
904 5092 1003 5145 οὐκ
1033 5092 1238 5161 ἀπαθῆ.

186 5160 288 5227 (62)
330 5157 871 5231 HermesaLoquilur
903 5161 1158 5231 Didymus
1191 5157 1257 5215 ex
1286 5161 1573 5231 communi
1593 5176 1687 5228 per

129 5243 179 5277 ra
222 5238 465 5296 tempora
518 5230 807 5295 opinione,
853 5242 909 5283 ιιι
947 5230 1035 5284 alii
1091 5233 1251 5284 etiam
1308 5230 1515 5283 Patres.
1559 5230 1687 5284 Vide

136 5307 269 5350 notas
292 5301 358 5351 ad
402 5314 579 5366 segm.
614 5299 714 5351 159
743 5301 792 5352 b.
827 5300 994 5353 Verba
1029 5316 1209 5367 porro,
1239 5317 1355 5369 qua:
1391 5300 1475 5353 hic
1506 5299 1682 5358 aﬂert.

134 5376 322 5420 ustant
358 5368 458 5421 lib.
487 5383 564 5428 γι,
599 5384 717 5437 pag.
752 5369 818 5421 M
866 5372 1119 5423 editionis
1161 5368 1527 5422 Ferrariensis
1556 5386 1569 5422 :
1603 5380 1685 5421 ast

136 5438 193 5486 tbi
225 5452 315 5504 pro
342 5439 604 5509 ἀγενήτῳ
635 5440 828 5508 legitur
866 5440 1162 5509 ἀγεννήτῳ,
1211 5451 1263 5493 ει
1314 5456 1407 5507 pro
1435 5438 1691 5509 δεδομένη

141 5509 307 5579 legitur
360 5508 664 5579 δεδεμένησ
720 5524 840 5575 quae
893 5508 1159 5579 postrema
1214 5509 1466 5579 editionis
1535 5508 1695 5563 lectio

142 5578 250 5651 nubi
300 5578 734 5651 quidetn__nttnus
771 5579 991 5651 arridet.
1023 5578 1189 5651 Totus
1240 5583 1417 5651 itaque
1450 5578 1598 5651 locus
1641 5579 1693 5631 in

141 5641 713 5719 Ferrariensieditione
745 5648 822 5719 sic
845 5664 907 5719 se
934 5649 1090 5701 habet
1116 5667 1128 5702 :
1154 5641 1465 5719 ’Ὁπουγὰρ
1488 5650 1689 5718 ἡμέρα,

144 5715 354 5788 ’ᾐδαμοῦ
388 5715 522 5780 νύξ·
557 5718 690 5771 ὅπου
738 5718 794 5788 δξ
829 5718 955 5783 νὺξ,
1003 5719 1235 5788 οὐδαμοῦ
1294 5715 1692 5788 ἡμέρα-Ὅθεν

150 5783 382 5839 ἀδύνατον
410 5789 474 5841 ὲν
506 5789 713 5855 γενέσει
743 5783 883 5841 εἶναι
912 5788 970 5841 τὸ
1000 5783 1218 5855 ἁγαυδν,
1252 5783 1495 5857 ἐν”μνᾷνῳ
1524 5790 1575 5841 δὲ
1617 5788 1693 5856 τῷ

1798 4670 2095 4739 ἁγεννήτῳ.
2126 4669 2333 4739 Ὠσπερ
2364 4668 2419 4720 δὲ
2476 4666 2733 4739 μετοςασία
2773 4666 2995 4739 παντων
3042 4664 3157 4739 ἐστὶ
3198 4664 3254 4715 ὲν
3296 4664 3361 4732 τῇ

1798 4686 2095 4739 αγεννητῳ.
2151 4686 2333 4738 ιισττερ
2364 4686 2419 4720 οε
2517 4686 2733 4719 ετουσια
2780 4686 2995 4718 ’παντων
3042 4686 3157 4716 εστι
3198 4686 3254 4715 εν
3296 4686 3361 4732 τῃ

1798 4738 1898 4809 ῦλῃ
1927 4739 2207 4809 δεδεμένη,
2236 4738 2377 4809 οὕτω
2404 4686 2514 4789 καῖ.
2530 4736 2622 4809 τοῦ
2655 4736 2881 4809 ἀγαθοῦ,
2921 4734 3048 4799 Quae
3082 4737 3161 4787 sic
3194 4743 3365 4809 trans-

1802 4802 1922 4863 tulit
1974 4802 2296 4863 Franciseus
2346 4807 2612 4859 Patricius
2660 4802 2739 4858 τῆς
2778 4805 2877 4859 Ubi
2931 4817 3159 4868 namque
3226 4802 3359 4866 dies,

1802 4880 1987 4933 nullibi
2026 4894 2150 4932 nox.
2198 4876 2297 4932 Ubi
2335 4892 2462 4931 vero
2503 4891 2628 4938 uox,
2671 4876 2856 4927 nullibi
2896 4872 3031 4926 dies.
3069 4871 3223 4927 Unde
3258 4872 3361 4923 im-

1797 4948 2051 5017 possibile
2097 4958 2181 5001 est
2227 4948 2278 5000 in
2324 4946 2665 5015 generatione
2712 4959 2832 5017 esse
2878 4941 3252 5017 bnnum,_sed
3308 4941 3361 4994 in

1795 5012 1908 5072 solo
1959 5021 2215 5087 ingenito.
2261 5012 2411 5069 Sicut
2446 5032 2571 5069 vero
2602 5012 2958 5087 participatio
2992 5012 3231 5066 omnium
3278 5019 3364 5066 est

1794 5088 1847 5141 it)
1891 5084 2109 5140 materia
2148 5089 2368 5155 illigata,
2397 5087 2473 5138 sic
2510 5097 2562 5137 et
2602 5084 2746 5155 boni.
2773 5102 2793 5134 ι

1864 5158 1976 5223 ('65)
2026 5152 2313 5224 Propitius.
2350 5156 2476 5208 Vide
2508 5164 2619 5224 not.
2650 5154 2701 5212 5.
2733 5168 2852 5221 pag.
2879 5152 2969 5224 89.

1863 5221 1974 5298 (64)
2016 5221 2399 5298 (Ῐηυὶιζαιὶιηιὶς.
2449 5225 2500 5276 1η
2532 5223 2720 5276 Grmco
2753 5221 3078 5298 ἑρισχελίαν,
3108 5236 3362 5298 qttzevox

1798 5294 1971 5351 Attica
2014 5308 2114 5349 est.
2166 5296 2449 5365 Disputant
2481 5295 2853 5365 grammatici,
2902 5305 3079 5365 utrum
3121 5294 3365 5365 scriben-

1793 5372 1916 5420 dum
1958 5364 2379 5439 siti-ipscxsitia,
2422 5361 2505 5439 ani
2538 5362 3010 5439 ver0_§.pe;quiu,
3063 5380 3129 5439 an
3186 5361 3365 5429 potius

1801 5433 2108 5508 ὲρισχηλίαζ
2147 5433 2225 5489 εὴ
2249 5438 2459 5488 demum
2490 5433 2785 5504 ὲρισχελία.
2818 5433 2935 5508 lego
2958 5434 3365 5508 lectionettt_co-

1804 5500 2187 5570 d'icis'retinui,
2220 5500 2644 5560 controversiam
2681 5508 2817 5557 hanc
2850 5504 2971 5558 aliis
3008 5500 3362 5570 dirimendum

1806 5578 2138 5642 relinquens,
2176 5566 2354 5643 neque
2408 5576 2569 5628 ullam
2602 5590 2668 5627 ex
2721 5583 2949 5642 quatuor
3007 5570 3112 5624 illis
3170 5566 3364 5622 [omnis

1804 5661 2055 5712 tespuere
2089 5649 2309 5699 audens.

1876 5708 1988 5785 (ὒὸ)
2029 5717 2092 5768 At
2144 5733 2246 5769 non
2296 5716 2468 5788 eodem
2495 5754 2506 5768 .
2537 5753 2549 5766 .
2573 5752 2585 5764 .
2621 5712 2849 5780 Spiritus
2903 5718 3133 5764 sanctus.
3157 5708 3361 5788 _I_Jtrtttn

1802 5778 2001 5857 aliquid
2038 5788 2087 5841 in
2132 5788 2318 5842 Graeco
2357 5778 2687 5841 desideretur
2760 5793 2878 5851 post
2926 5798 3104 5835 vetent
3156 5778 3365 5850 Τριὰξ,
