3766 6310
352 309 458 367 4⁸79

1584 319 1820 374 υιυγιιι
1861 323 2328 378 ALEXANDRINI
2402 313 2417 330 '

3494 339 3591 396 480

349 426 484 479 ritus
522 435 739 481 sanctus
762 427 940 483 itidem
969 444 1090 485 cum
1124 431 1193 486 ita
1223 435 1496 502 procedat,
1539 444 1598 491 ut
1630 437 1679 492 ei
1717 440 1897 495 coexsi

2027 442 2084 495 δὲ
2148 441 2386 495 διδάσκει
2465 443 2707 505 Παῦλοςο
2745 462 2763 496 ι
2802 445 2929 500 Ἐὰν
2963 447 3037 518 μὴ
3075 449 3434 521 πιστεύσητε,
3488 456 3590 509 οὐδ’

342 528 490 573 stens
511 521 602 582 sit,
639 533 668 572 a
691 535 799 589 quo
827 524 1083 590 procedit,
1111 537 1299 580 natura
1331 527 1505 584 bonus
1539 530 1692 600 131
1729 539 1831 597 est,
1865 541 1924 588 et

341 617 422 662 est
471 610 649 663 omnia
703 627 822 680 quae
849 623 932 667 est
972 612 1113 669 Deus
1156 615 1338 672 Pater.
1380 617 1548 674 Porro
1592 622 1726 676 side
1763 622 1922 677 rebus

340 697 799 768 qualibuscunquc
826 742 840 765 ,
881 716 944 755 ac
980 705 1130 772 parvi
1175 707 1472 772 momenti,
1528 717 1622 764 aut
1675 710 1742 764 de
1767 726 1920 765 mun-

340 791 492 842 danis
514 789 623 861 (66)
667 793 892 861 negotiis
915 794 1260 863 dissererent,
1297 796 1506 853 fabulas
1541 799 1750 870 aliquas
1801 815 1918 870 pos-

341 886 460 930 sent
518 880 787 935 interdum
847 882 985 938 belle
1040 885 1386 958 contingere,
1457 900 1619 960 atque
1684 894 1918 949 Aristote

338 969 443 1023 lico
505 971 619 1042 (67)
683 976 966 1043 acumine,
1029 988 1084 1033 et
1157 979 1367 1035 dicendi
1422 993 1585 1048 arte,
1637 993 1694 1038 ut
1742 984 1920 1041 Euno-

339 1063 477 1117 niius
550 1065 662 1136 (68)
711 1067 859 1135 fecit,
928 1086 1040 1125 rem
1115 1084 1447 1140 pervertere,
1505 1091 1569 1130 ac
1627 1078 1912 1134 veritatem

336 1153 646 1210 obscurare.
676 1157 746 1210 At
773 1174 903 1214 vero
941 1161 1030 1215 hic
1056 1177 1160 1216 non
1197 1163 1266 1217 ita
1298 1179 1357 1218 se
1388 1180 1471 1220 res
1496 1167 1683 1233 habet;
1719 1166 1917 1224 Paulus

337 1244 479 1297 enirn
515 1260 613 1301 nos
650 1249 803 1303 docet
843 1269 858 1306 :
901 1270 921 1303 ‹
958 1251 1015 1306 Si
1045 1269 1148 1307 non
1184 1256 1522 1314 credideritis
1563 1259 1698 1330 (69),
1728 1275 1796 1315 ne
1834 1262 1914 1316 in-

338 1333 586 1405 telligetis
619 1338 831 1406 quidem
863 1357 878 1406 ;
919 1361 938 1394 ι
979 1355 1072 1399 et:
1105 1362 1124 1394 ι
1163 1343 1434 1414 Sapientia
1477 1348 1588 1421 (70)
1638 1351 1912 1407 hominum

334 1425 558 1481 stultitia
600 1439 684 1483 est
720 1434 858 1500 apud
888 1433 1075 1491 Deum.
1115 1456 1133 1488 ι
1167 1437 1353 1508 Neque
1386 1455 1515 1498 vero
1548 1443 1728 1498 divina
1789 1460 1914 1499 ora-

335 1515 474 1582 cula,
537 1535 655 1588 quae
697 1523 763 1575 de
798 1525 997 1595 inclyto
1051 1525 1252 1596 Spiritu
1299 1531 1608 1602 loquuntur,
1651 1545 1706 1589 et
1750 1551 1912 1605 supra

339 1609 600 1665 humanas
661 1615 1098 1674 ratiocinationes
1137 1630 1278 1686 sunt,
1313 1624 1565 1692 captiosis
1612 1627 1913 1697 sOphisma-

339 1699 482 1755 tibus
545 1702 760 1759 eludere
792 1705 874 1761 fas
919 1719 1006 1762 est
1041 1732 1051 1764 :
1085 1726 1207 1765 nam
1252 1726 1441 1770 sancto
1472 1719 1683 1784 quidem
1740 1719 1912 1789 Spiri-

2026 535 2086 587 οὐ
2114 533 2186 604 μὴ
2212 533 2304 605 [58
2344 533 2396 607 ὁ]
2441 537 2633 607 συνῆτε
2655 554 2669 568 ο
2722 557 2738 589 i
2771 538 2886 605 καὶ,
2922 558 2939 590 ι
2973 541 3037 592 Ἦ
3066 541 3225 610 σοφία
3246 543 3354 596 τῶν
3381 545 3590 616 ἀνθρώ-

2021 643 2138 679 πων
2169 628 2348 698 μωρία
2401 628 2550 700 παρὰ
2581 629 2658 699 τῷ
2686 629 2822 700 Θεῷ.
2847 651 2865 682 i
2911 631 3018 684 Kal.
3041 631 3100 684 οὐ
3129 635 3233 704 χρὴ
3258 634 3327 687 τὰ
3352 638 3479 706 περὶ
3501 639 3590 693 τοῦ

2021 716 2231 782 ἐνδόξου
2281 718 2594 790 Πνεύματος
2633 719 2810 788 λόγια,
2844 721 2914 775 τὰ
2946 723 3166 792 μείζονα
3193 724 3472 796 λογισμῶν
3499 730 3590 781 ἀν-

2021 807 2332 880 θρωπίνων,
2378 810 2856 879 κατασοφίζεσθαι.
2901 814 2975 865 Οὐ
3017 814 3126 886 γὰρ
3167 813 3395 884 βλάπτει
3428 818 3588 889 ψόγος

2018 902 2078 955 τὸ
2109 903 2259 971 ἆγιον
2290 901 2510 972 Πνεῦμα
2529 919 2542 934 ³
2569 902 2690 954 οὐδὲ
2723 903 3032 974 περαιτέρω
3059 906 3156 976 τῆς
3193 908 3362 979 ἀκοῆς
3393 910 3587 980 προέρ-

2018 1011 2199 1064 χονται
2226 995 2274 1047 οἱ
2303 993 2594 1065 ὀνειδισμοὶ
2648 995 2740 1046 καὶ
2786 994 2857 1047 τὰ
2904 995 3208 1066 σκώμματα
3243 998 3352 1051 τῶν
3380 1000 3585 1070 αἱρετι-

2018 1086 2149 1152 κῶν,
2195 1081 2274 1150 οἷς
2309 1085 2509 1157 ἐπῆλθε
2559 1086 2619 1138 τὸ
2658 1085 2876 1155 φαύλως
2919 1091 3172 1157 φρονεῖν·
3217 1091 3404 1145 ἀλλ’οἱ
3441 1094 3582 1164 χρώ-

2020 1195 2170 1248 μενοι
2191 1176 2472 1240 τοιούτοις,
2501 1176 2782 1246 ἀπέραντα
2822 1180 3136 1249 πονήσουσι,
3177 1183 3271 1234 καὶ
3319 1184 3584 1254 πράξουσι

2017 1269 2374 1340 παραπλήσιά
2409 1284 2525 1331 πως
2551 1271 2661 1332 τοῖς
2693 1269 3059 1338 ἐπιχειροῦσιν
3087 1272 3478 1328 ἀποσκώπτειν
3506 1277 3584 1340 είς

2013 1359 2169 1414 τοῦτο
2191 1359 2253 1412 τὸ
2285 1361 2421 1428 φῶς,
2464 1359 2524 1412 τὸ
2562 1361 2626 1412 ἐκ
2665 1358 2758 1411 τοῦ
2785 1361 3078 1431 ἀπροσίτου
3105 1365 3278 1431 φωτὸς
3305 1367 3404 1438 τὴν
3435 1368 3582 1437 ἰσχὺν

2014 1446 2155 1516 ἔχον,
2184 1447 2278 1499 καὶ
2305 1448 2538 1516 μιαίνειν
2559 1450 2673 1510 τοῖς
2701 1447 2882 1517 λόγοις
2918 1451 3068 1504 αὐτό.
3093 1454 3376 1508 Πιστεύειν
3418 1457 3476 1509 δὲ
3507 1458 3585 1510 δεῖ

2011 1539 2110 1608 τὴν
2156 1539 2219 1592 ὲκ
2251 1538 2358 1591 τῶν
2385 1539 2554 1607 ἁγίων
2596 1539 2960 1606 διδασκαλίαν,
3000 1544 3096 1614 τῆς
3127 1547 3257 1616 παρ’
3279 1546 3580 1618 ἀνθρώπων

2013 1631 2231 1684 πλείονα
2273 1629 2533 1682 δύνασθαι
2575 1629 2673 1700 τὴν
2717 1629 2873 1695 δόξαν
2903 1635 3172 1703 ἐμποιεῖν.
3213 1637 3372 1707 Ἡμῖν
3405 1639 3578 1691 τοίνυν

2014 1721 2240 1794 ἁρμόζει
2266 1721 2490 1784 ἐκείνοις
2517 1721 2941 1792 ἐπιμέμφεσθαι,
2967 1725 3060 1777 τοῦ
3088 1727 3161 1796 μὴ
3185 1727 3252 1780 δι’
3274 1729 3577 1800 ὑπερϐολὴν

338 1791 410 1844 ιιιί
472 1795 791 1865 vituperatio
825 1814 928 1854 non
969 1814 1144 1867 nocet,
1183 1821 1353 1875 neque
1376 1808 1749 1864 haereticorum
1782 1825 1897 1879 per.

2019 1810 2246 1874 εὐνοίας,
2272 1809 2373 1880 τῆς
2415 1810 2542 1880 περὶ
2574 1810 2671 1881 τὴν
2714 1811 2916 1864 οἰκείαν
2954 1812 3185 1884 αἵρεσιν,
3213 1814 3502 1869 καθέλκειν
3522 1817 3580 1868 τό

337 1896 518 1950 peram
564 1888 908 1944 sentientium
958 1895 1196 1950 convicia
1227 1897 1340 1969 (71)
1373 1906 1428 1952 et
1495 1909 1787 1954 scommata
1824 1901 1907 1954 ul-

340 1988 419 2028 tra
465 1977 577 2047 (72)
620 1995 778 2037 aures
838 1987 1253 2055 progrediuntur
1302 2007 1316 2043 :
1359 1991 1449 2060 qui
1497 2006 1625 2046 vero
1651 2007 1715 2048 ea
1748 2008 1906 2047 usur-

337 2079 465 2135 pant
490 2109 506 2135 ,
539 2073 918 2141 sempiternum
947 2080 1330 2135 crticiabuntur
1369 2083 1478 2155 (75)
1504 2124 1519 2148 ,
1565 2094 1619 2139 et
1662 2085 1909 2144 similiter

335 2161 726 2226 quodammodo
773 2164 999 2232 faciunt,
1057 2186 1121 2226 ac
1190 2173 1234 2226 si
1283 2176 1404 2243 quis
1433 2177 1485 2228 in
1531 2176 1668 2230 hanc
1710 2177 1906 2246 lucem,

2014 1919 2076 1971 γε
2101 1903 2189 1954 ἐπ’
2212 1901 2395 1964 αὐτοῖς
2419 1901 2478 1954 τὺ
2506 1900 2647 1954 θεῖον
2684 1903 2765 1964 είς
2793 1901 2860 1955 τὰ
2888 1903 2997 1955 τῶν
3035 1906 3343 1976 κτισμάτων
3384 1907 3580 1960 ¹ἀποτε-

2014 1992 2257 2064 λέσματα
2295 1993 2417 2055 ταῖς
2458 1992 2809 2060 σοφιστείαις,
2861 1994 2952 2046 καὶ
2995 1994 3081 2047 διὰ
3138 1995 3341 2049 τούτων
3377 1996 3580 2049 τίκτειν

2015 2083 2290 2146 ἀπωλείας
2321 2083 2497 2154 ἔρωτα
2520 2086 2630 2148 τοῖς
2655 2084 3036 2157 ἁπλουστέροις
3061 2089 3153 2139 καὶ
3177 2087 3577 2158 ἁπειροτέροις,

2016 2177 2108 2230 καὶ
2141 2175 2400 2246 προάγειν
2425 2176 2504 2238 είς
2527 2175 2817 2244 ἐπιθυμίαν
2862 2176 3266 2248 ἁμαρτημάτων
3293 2177 3574 2248 μειζόνων.

334 2265 454 2318 quae
482 2266 546 2304 ex
590 2255 703 2307 luce
773 2257 1122 2315 inaccessibili
1152 2265 1256 2318 vim
1300 2265 1479 2332 habet,
1519 2278 1811 2322 scummata
1841 2269 2086 2340 jaculari,
2141 2285 2205 2323 ac
2243 2284 2360 2321 eam
2389 2268 2725 2322 sermonibus
2769 2268 3051 2336 inquinare
3074 2271 3430 2340 aggrediatur.
3474 2270 3575 2325 Sed

335 2345 590 2414 majorem
662 2348 714 2401 in
754 2361 850 2400 nos
901 2350 1123 2419 gloriam
1166 2369 1234 2408 ex
1287 2357 1528 2412 doctrina
1577 2375 1606 2412 a
1648 2359 1849 2415 sanctis
1901 2361 2211 2430 deprompta
2265 2357 2496 2412 derivari
2536 2357 2860 2412 credendum
2892 2368 2991 2423 est,
3025 2375 3181 2430 quam
3225 2377 3288 2416 ex
3331 2378 3394 2416 ea
3461 2379 3579 2432 qua

335 2443 539 2496 raditur
595 2447 662 2498 ab
726 2447 1053 2505 hominibus.
1085 2449 1208 2505 Illos
1251 2467 1377 2522 ergo
1429 2468 1458 2506 a
1514 2454 1670 2510 nobis
1727 2456 1972 2526 redargui
2001 2455 2272 2517 convenit,
2307 2468 2374 2507 ne
2436 2452 2504 2508 ob
2567 2453 2955 2524 nimium,quo
2995 2455 3263 2523 prepriam
3324 2456 3572 2513 haeresim

336 2550 750 2609 prosequuntur,
791 2557 1027 2600 amorem
1096 2546 1408 2614 sophisticis
1475 2553 1588 2604 suis
1647 2551 2148 2606 ratiocinationibus
2205 2549 2574 2613 divinitatem,
2625 2557 2884 2618 quantum
2917 2550 3130 2620 quidem
3179 2551 3232 2606 in
3297 2552 3430 2620 ipsis
3467 2565 3574 2618 est,

333 2631 396 2682 ad
413 2643 780 2689 creaturarum
809 2638 966 2708 J32
994 2641 1347 2708 proprietates
1373 2653 1425 2696 et
1447 2645 1806 2700 conditionem
1837 2646 2136 2705 detrahant.
2163 2653 2323 2714 atque
2346 2648 2448 2700 hac
2477 2644 2685 2698 ratione
2711 2644 2860 2700 exitii
2884 2658 3120 2698 amorem
3161 2644 3575 2716 simplicioribus

342 2723 571 2795 inusque
629 2741 864 2798 expertis
890 2745 1226 2803 ingenerent,
1255 2750 1320 2791 ac
1343 2736 1460 2791 illos
1496 2739 1562 2792 ad
1586 2740 1848 2809 majorum
1883 2739 2180 2794 facinorum
2208 2748 2263 2794 et
2291 2737 2550 2793 scelerum
2585 2736 2907 2792 desiderium
2944 2736 3215 2793 inducant.

976 2825 1127 2882 CAP.
1175 2825 1265 2883 IV.

336 2911 413 2964 De
463 2912 724 2987 licerelicis
766 2915 854 2987 qui
893 2915 1044 2987 aiunt
1078 2932 1098 2970 :
1141 2916 1375 2986 Spiritus
1423 2926 1506 2973 est
1545 2918 1719 2987 Deus;
1762 2935 1896 2987 quo-

403 2983 564 3061 modo
589 2983 1045 3061 a_u_tem’_Spirit.ns
1081 2983 1301 3061 sanctus
1328 2997 1504 3057 potest
1550 3003 1670 3046 esse
1707 2983 1898 3061 Spiri-

403 3061 489 3106 tus
530 3051 798 3122 Spiritus?
828 3066 876 3107 et
912 3055 1149 3126 reliqua.‘

401 3143 603 3198 Verum
651 3145 752 3216 ipsi
791 3162 878 3212 ea,
907 3163 1025 3216 quae
1055 3149 1340 3218 simplicia,
1377 3160 1432 3206 et
1477 3159 1648 3216 recta,
1693 3163 1750 3206 e‘t
1779 3167 1900 3222 per-
1925 3159 1968 3217 (ε

335 3234 474 3290 tecta
514 3246 658 3302 sunt,
724 3239 1050 3308 rejicientes,
1099 3255 1164 3296 ac
1220 3256 1496 3297 sacrorum
1544 3242 1891 3298 oraculorum

333 3354 530 3430 quidve
571 3357 786 3430 proprie
816 3357 917 3430 sibi
955 3358 1455 3430 velitilludcpnciv,
1486 3359 1627 3430 quod
1664 3375 1784 3413 mox
1819 3374 1901 3414 se-

334 3425 540 3498 quitur,
594 3425 798 3494 jndicet
847 3429 1036 3484 lector.
1095 3425 1353 3498 Equidem
1417 3425 1690 3484 ne’locus
1739 3430 1901 3484 nimis

336 3495 628 3568 perplexius
677 3507 837 3567 atque
885 3495 1170 3554 obscurus
1216 3497 1394 3562 foret,
1445 3498 1622 3568 aliqua
1673 3499 1741 3555 de
1780 3515 1902 3556 meo

336 3566 536 3619 addere
571 3568 622 3619 in
659 3566 1012 3622 translatione
1046 3578 1266 3623 coactus
1293 3583 1436 3621 sum.

407 3634 518 3709 (66)
563 3636 865 3709 Mandatus.
899 3639 956 3693 In
990 3637 1179 3693 Grzeco
1228 3637 1518 3707 βιωτικῶν.
1547 3639 1773 3709 Didymo
1801 3653 1900 3693 au-

339 3717 441 3777 tem
488 3705 741 3776 βιωτικός
783 3723 925 3777 saepe
965 3718 1046 3763 est
1086 3725 1104 3757 ι
1133 3705 1460 3777 mundanus,
1489 3727 1506 3759 ι
1544 3705 1663 3762 aut'
1687 3727 1706 3759 ι
1737 3724 1904 3765 διεω-

335 3775 530 3840 laris,»
567 3787 624 3831 ut
671 3778 725 3830 in
763 3775 1168 3832 commentariis
1206 3780 1262 3831 in
1291 3776 1534 3833 Psalmos
1559 3779 1624 3832 ad
1668 3794 1806 3832 vers.
1869 3778 1902 3833 5

335 3844 522 3930 psalmi
568 3848 864 3930 unanimi
892 3849 1181 3930 ,μερίμνας
1229 3848 1485 3930 βιωτικὰς
1521 3849 1652 3930 dicit
1693 3867 1711 3898 ι
1739 3863 1901 3930 curas

338 3916 654 3971 mundanas.
683 3937 701 3968 ι
743 3918 808 3970 Ει
857 3916 996 3972 ³ιὶὺῖ
1029 3916 1479 3984 ἀοι-ιιιιιέοτὶιιιει,
1518 3920 1606 3986 qui
1642 3918 1902 3973 ecclesia-

337 3986 461 4059 stici
509 3989 800 4057 scriptores
835 4002 939 4059 non
973 3998 1131 4050 sunt,
1172 3997 1332 4042 vocat
1374 3987 1632 4059 βιωτικὰς
1665 4004 1904 4059 συγγρα-

335 4057 461 4125 φάς,
492 4059 549 4128 id
573 4056 655 4112 est
693 4077 712 4108 ι
743 4056 1028 4128 saecularcs
1053 4056 1429 4128 scriptiones.»
1463 4058 1594 4113 Vide
1621 4067 1675 4112 et
1703 4056 1900 4112 librum

336 4128 456 4182 adv.
494 4127 751 4196 Manich.,
788 4143 908 4196 pag.
934 4126 1060 4182 207.

409 4195 520 4265 (67)
560 4196 912 4249 Aristotelico.
965 4198 1234 4261 Quantum
1297 4197 1686 4256 Aristotelicas,
1741 4210 1902 4266 quam

337 4266 670 4330 cxcolucrat,
709 4266 1056 4336 philosoiihite
1107 4268 1389 4336 principiis
1435 4269 1754 4320 inniteretur
1798 4266 1905 4319 Eu-

337 4337 570 4399 nomius,
606 4344 817 4390 constat
861 4335 930 4390 ex’
963 4335 1205 4406 Gregbrii
1243 4336 1468 4406 Nyssmti
1492 4405 1495 4406 ν
1518 4337 1652 4390 libro
1682 4352 1730 4390 vn
1775 4350 1906 4388 con-

339 4416 419 4458 tra
464 4406 609 4476 illum
645 4407 868 4474 scripto,
901 4405 1113 4460 constat
1141 4423 1206 4460 ex
1241 4405 1422 4476 cyma
1459 4405 1744 4470 Thesauro,
1775 4420 1904 4460 con-

337 4485 444 4528 stat
474 4491 538 4529 ex
585 4475 864 4544 AuguStini
917 4476 1054 4530 libro
1101 4476 1179 4530 De
1225 4475 1533 4540 liceresibus,
1567 4484 1781 4528 constat
1812 4476 1902 4544 def

339 4561 519 4611 mum,
571 4558 628 4599 ut.
675 4543 745 4600 de
796 4547 915 4601 aliis
949 4547 1199 4599 l’atribns
1253 4548 1478 4610 sileam,
1533 4561 1596 4598 ex
1651 4543 1897 4598 Eunomii

339 4614 505 4681 ipsius
558 4615 693 4669 libro
739 4616 1094 4685 Apologetico.
1151 4616 1287 4682 Quin
1339 4616 1405 4669 de
1441 4618 1692 4668 mninlms
1739 4629 1899 4684 gene-

339 4686 491 4737 ratim
526 4687 759 4751 Arianis,
791 4686 1158 4750 Eunumianis,
1182 4696 1311 4750 etc.,
1335 4695 1732 4754 conqueruntnr
1762 4685 1900 4737 illius

337 4756 516 4808 s:eculi
554 4755 762 4820 Patres,
809 4761 948 4824 quod
1001 4756 1316 4810 dialecticas
1345 4757 1585 4823 argutias
1621 4770 1764 4808 sana:
1813 4763 1896 4806 at-

337 4841 442 4890 que
487 4826 798 4880 orthodoxae
841 4827 1142 4880 divinorum
1191 4826 1534 4880 oraculorum
1576 4825 1900 4893 interpreta-

341 4895 468 4949 tioni
518 4897 869 4950 anteferrent.
911 4913 930 4946 ι
961 4896 1185 4948 Omnem
1223 4896 1363 4947 enim
1413 4896 1519 4947 vim
1567 4908 1894 4947 venenorum

337 4980 554 5018 suorum
587 4966 683 5032 (ait
710 4965 1024 5018 Ambrosius
1053 4965 1144 5018 lib.
1171 4980 1187 5018 1
1216 4963 1290 5017 De
1319 4964 1440 5029 ﬁde,
1467 4979 1584 5032 cap.
1613 4963 1667 5030 5)
1700 4963 1754 5016 in
1785 4963 1901 5016 dia-

339 5032 524 5087 lectica
577 5035 940 5103 disputatione
994 5035 1348 5100 constituunt,
1396 5051 1515 5102 qua:
1559 5032 1901 5102 phil030pho-

339 5118 455 5156 rum
507 5105 776 5158 sententia
831 5105 1086 5158 delinitur
1136 5121 1238 5158 non
1303 5105 1576 5158 astruendi
1637 5104 1744 5156 vim
1802 5103 1900 5154 ha-

338 5173 480 5242 bere,
507 5177 605 5242 sed
627 5175 860 5227 studium
885 5175 1212 5230 destruendi.
1239 5192 1258 5225 ›
1285 5175 1414 5229 Vide
1431 5185 1541 5229 not.
1561 5173 1650 5237 65,
1671 5188 1789 5242 pag.
1806 5172 1895 5225 39.

407 5240 519 5313 (68)
563 5241 873 5297 Eunomius.
917 5246 970 5298 In
1007 5243 1144 5299 vivis
1173 5245 1350 5298 adhuc
1386 5254 1502 5298 erat
1532 5240 1760 5298 infamis
1799 5243 1900 5295 iste

327 5311 475 5382 'Aetii
500 5311 834 5382 discipulus,
869 5315 992 5368 dum
1031 5315 1143 5367 haec
1181 5315 1514 5369 dictarentur
1553 5331 1582 5368 a
1625 5314 1850 5381 Didymo
1882 5328 1895 5364 :

335 5381 464 5434 nhiit
493 5383 634 5436 enim
662 5381 809 5436 anno
833 5385 1050 5437 circiter
1074 5383 1195 5438 394.

407 5452 519 5523 (69)
561 5450 616 5506 Si
657 5469 758 5504 non
797 5455 1144 5508 credideritis.
1168 5453 1282 5507 Non
1317 5453 1466 5507 Pauli
1497 5463 1619 5506 sunt
1646 5453 1778 5523 ha‘c,
1805 5449 1896 5503 sed

337 5519 523 5577 lsa'iaz':
559 5532 773 5577 exstant
806 5537 980 5576 autem
1014 5540 1130 5591 cap.
1154 5538 1265 5586 vii,
1318 5539 1459 5576 vers.
1489 5525 1545 5583 9,
1589 5523 1675 5576 ubi
1712 5519 1897 5574 erca

340 5594 506 5647 editio
542 5593 700 5646 habet
744 5593 865 5647 οὐδὲ
893 5594 965 5664 μή
1005 5608 1100 5664 pro
1129 5593 1327 5664 esset»
1374 5594 1469 5663 μή.
1505 5591 1898 5664 Coniplntensis

343 5677 470 5717 vero
536 5666 744 5716 συνεῖτε
798 5661 905 5731 pro
947 5661 1162 5731 συνῆτε.
1222 5661 1476 5729 Vulgatns
1533 5662 1628 5714 int.
1683 5661 1891 5712 vertit:

343 5750 360 5781 ι
393 5732 447 5785 Si
491 5749 594 5787 non
644 5733 1004 5796 credideritis,
1048 5749 1154 5786 non
1213 5731 1613 5801 periuaiicliitis.
1647 5749 1666 5780 ›
1717 5732 1898 5795 Augu-

339 5803 512 5858 stinus
561 5816 735 5858 autem
769 5803 818 5857 in
848 5803 1136 5857 Collulionc
1182 5800 1295 5856 cum
1339 5800 1624 5853 Maximino
1676 5801 1892 5863 ,ιιι-ἱαηο,

2672 2830 2810 2882 ΚΕΦ
2831 2830 2904 2882 Δ’.

2005 2919 2150 2990 Περὶ(
2167 2919 2285 2974 τῶν
2304 2921 2601 2990 λεγόντων
2623 2920 2931 2990 αἱρετικῶν
2949 2936 2962 2951 ’
2994 2921 3218 2990 Πνεῦμα
3244 2923 3272 2974 ὁ
3295 2922 3428 2985 Θεός
3443 2940 3459 2955 ·
3483 2924 3572 2976 καὶ

2077 2989 2194 3066 πῶς
2262 2989 2714 3066 τοῦ-Πνεύματος
2757 2991 2978 3062 Πνεῦμα
3033 2991 3091 3044 τὸ
3143 2989 3297 3060 ἅγιον
3349 2993 3573 3066 Πνεῦμα

2077 3065 2254 3126 tactv;
2299 3061 2396 3115 καὶ
2432 3061 2503 3114 τὰ
2531 3065 2734 3115 λοιπά.

2085 3152 2221 3205 Ἀλλ’
2270 3152 2722 3223 ἀποπεμπόμενοι
2773 3169 2870 3223 μεν
2911 3164 2981 3204 τα
3028 3152 3196 3215 ἁπλᾶ,
3252 3154 3348 3206 κα)⁵
3389 3154 3568 3220 εὐθέα,

2001 3246 2095 3299 καὶ
2135 3244 2346 3297 τέλεια·
2394 3244 2490 3296 κα).
2553 3243 3061 3315 ἀνεπιστημοσύνης
3116 3245 3572 3314 ἁναπιμπλῶντες

2001 3373 2121 3429 pag.
2147 3359 2270 3424 676,
2317 3368 2448 3412 tom.
2483 3357 2598 3429 Vlll
2628 3377 2682 3429 :_¢
2712 3356 2775 3412 Et
2799 3358 2939 3429 scis,
2972 3357 3205 3429 iinquit,
3225 3375 3244 3407 ι
3273 3359 3461 3428 utique
3492 3360 3571 3414 di-

2001 3425 2144 3484 iis‘se
2166 3429 2474 3496 prophetam
2503 3445 2519 3482 :
2553 3425 3046 3497 Nisicredideritis,
3071 3443 3174 3480 non
3193 3425 3558 3497 intelligetis.

2073 3499 2183 3568 (70)
2225 3497 2518 3568 Sapientia.
2570 3498 2588 3551 l
2632 3496 2768 3568 _Cor.
2795 3497 3036 3568 _lll,7i9.
3096 3497 3209 3568 Sed
3240 3496 3426 3552 Graeca
3475 3501 3559 3554 ed.
3613 3499 3626 3512 ⁸

2001 3565 2205 3622 habet:
2245 3568 2309 3619 'H
2367 3566 2476 3638 γὰρ
2517 3565 2679 3637 σοφία
2727 3565 2820 3619 τοῦ
2865 3567 3072 3638 κόσμου
3121 3567 3331 3635 τούτου,
3386 3569 3438 3622 id
3489 3578 3571 3625 est

2017 3656 2035 3689 ι
2066 3639 2326 3703 sapientia
2355 3639 2496 3690 enim
2531 3638 2690 3704 hujus
2723 3637 2927 3692 mundi.
2972 3656 2990 3688 ο

2075 3708 2187 3780 (71)
2227 3705 2491 3780 Qquvicig.
2535 3705 2678 3780 Lego
2704 3708 2753 3759 οἱ
2792 3706 3102 3780 ὀνειδισμοί,
3137 3704 3218 3759 vel
3262 3705 3331 3757 τὰ
3372 3706 3569 3780 όνείᾶιιι.

2074 3774 2186 3847 (72)
2232 3775 2406 3848 Ultra.
2433 3774 2947 3848 ςοόοίπερετέρω.
2975 3774 3115 3848 Lego
3166 3776 3500 3848 περαιτέρω.

2075 3845 2638 3918 (73)'Cruciabtmtur.
2669 3845 3008 3918 Accusantur
3051 3845 3370 3918 Origeniani
3397 3845 3440 3918 a_
3479 3845 3568 3902 luo

2002 3915 2240 3972 stiniano
2278 3919 2620 3984 imperatore,
2668 3915 2809 3985 quod
2851 3915 3305 3985 reproborumﬂin
3357 3915 3569 3970 inferno

2003 3987 2262 4056 supplicia
2310 3983 2512 4041 aeterna
2543 3983 2697 4056 iure
2741 3987 3072 4056 negaverint.
3136 4005 3154 4037 ι
3192 3983 3302 4056 lloc
3356 3999 3569 4056 quoque

2001 4055 2421 4125 preprioierrori
2470 4055 2769 4125 adjnngunt
2810 4055 3005 4123 (inquit
3040 4056 3246 4125 ipsein
3292 4055 3433 4108 libro
3471 4055 3566 4108 tid-

2004 4124 2180 4180 versus
2216 4124 2488 4192 Origenem
2541 4124 2605 4178 ad
2667 4124 2932 4188 Mennam,
2983 4125 3047 4178 de
3101 4124 3439 4191 Origenianis
3485 4125 3566 4180 lo-

2005 4196 2196 4264 quens)
2251 4195 2542 4248 ducem"et
2624 4205 2896 4248 auct0rem
2949 4196 3208 4248 habentes
3259 4209 3564 4262 perversam

2002 4265 2118 4332 ejus
2149 4268 2364 4333 (nempe
2397 4264 2664 4333 Origenis)
2707 4264 3066 4332 disciplinam,
3105 4275 3162 4318 ut
3196 4264 3398 4333 dicant,
3446 4279 3561 4318 om-

2005 4332 2164 4388 nium
2185 4335 2469 4400 impiorum
2505 4332 2814 4397 hominum,
2851 4348 2914 4386 ac
2965 4343 3220 4403 praetcrea
3261 4332 3564 4388 daemonum

2005 4419 2218 4473 poenam
2271 4403 2429 4457 tinem
2475 4404 2780 4473 habituram
2829 4417 2969 4456 esse.
3001 4421 3020 4455 ι
3074 4403 3278 4457 Similia
3329 4403 3566 4473 de_0ri-

2005 4471 2138 4542 gene
2171 4473 2462 4541 scripserat
2499 4472 2556 4526 S.
2589 4472 2942 4543 Hieronymus
2977 4473 3029 4526 in
3074 4473 3214 4528 libro
3256 4473 3371 4525 adv.
3399 4471 3560 4543 έοαη.

1933 4528 1976 4583 Ῐ³
2003 4528 2254 4605 deraso!"
2281 4528 2453 4596 'num.
2503 4543 2555 4596 7.
2602 4542 2716 4597 Iino
2759 4528 2812 4596 et
2845 4544 2901 4595 ὃ.
2932 4543 3259 4597 Athanasius
3308 4543 3357 4595 in
3398 4541 3563 4608 Frag-

2001 4615 2197 4667 mentis
2252 4614 2763 4667 commentariorum
2816 4613 2870 4664 in
2919 4610 3248 4678 Matt/urunt,
3301 4627 3425 4680 pag.
3471 4613 3560 4676 38,

1999 4683 2349 4738 Collectionis
2423 4698 2573 4737 novm
2651 4681 3131 4735 Montl'auconianm
3193 4691 3324 4735 tom.
3373 4683 3452 4745 ll,
3507 4692 3564 4736 ut

1999 4756 2134 4808 alios
2169 4756 2356 4808 Patres
2400 4763 2738 4821 praeteream,
2766 4754 2830 4803 ad
2859 4767 2920 4804 ea
2964 4753 3144 4814 verba,
3188 4769 3206 4800 ι
3237 4749 3406 4806 Omne
3441 4766 3564 4820 pec-

2000 4834 2200 4886 catum,
2229 4834 2284 4877 et
2319 4822 2652 4890 blasphemia
2709 4823 3011 4875 remittetur
3061 4822 3384 4890 hominibus,
3415 4839 3433 4872 i
3486 4822 3564 4876 sic

2001 4894 2272 4962 loquitur:
2313 4911 2330 4942 ι
2358 4892 2412 4944 Si
2441 4889 2633 4945 verum
2680 4900 2761 4945 est
2798 4891 2928 4962 illud
2985 4891 3148 4960 (quod
3193 4891 3268 4943 ait
3315 4889 3562 4960 Evange-

2002 4959 2174 5031 linin),
2209 4979 2308 5016 cur
2345 4963 2509 5015 miser
2555 4973 2843 5015 accusatur
2889 4959 3174 5031 Origenes,
3226 4962 3366 5029 quod
3404 4959 3561 5014 linem

1999 5030 2232 5102 aliquem
2265 5046 2542 5100 positarum
2573 5033 2885 5094 constituat,
2918 5047 2978 5084 ac
3012 5030 3241 5102 tandem
3289 5031 3563 5102 remissio-

2003 5099 2124 5156 nem
2177 5099 2414 5155 omnium
2478 5109 2815 5167 peccatorum
2879 5099 3185 5154 hominibus
3235 5101 3438 5167 pariter
3505 5111 3559 5152 et

1999 5171 2333 5226 daemonibus
2367 5187 2393 5223 a
2434 5169 2541 5222 Deo
2571 5172 2963 5223 concedendam
2999 5169 3292 5237 prmdieet?
3320 5187 3338 5219 ι
3371 5171 3560 5223 Utrum

2000 5256 2128 5294 vero
2183 5243 2437 5311 Didymus
2486 5240 2587 5292 hoc
2639 5255 2798 5294 sensu
2850 5240 3205 5311 Origenianus
3241 5237 3430 5311 fuerit,
3460 5253 3559 5311 co-

2001 5321 2221 5379 gnoscet
2269 5309 2440 5365 lector
2481 5325 2584 5361 non
2624 5313 2780 5362 modo
2824 5323 2888 5362 ex
2928 5311 3025 5360 huc
3075 5309 3212 5370 loco,
3255 5309 3562 5379 sed_etia_m

1999 5377 2064 5450 ex
2092 5396 2259 5450 segni.
2287 5381 2356 5433 88
2384 5397 2436 5444 a,
2486 5379 2587 5432 4M
2616 5380 2643 5432 ί)
2675 5389 2726 5431 et
2753 5379 2935 5450 221779,
2973 5380 3216 5450 itemque
3248 5393 3313 5432 et
3365 5377 3460 5450 lib.
3490 5377 3562 5430 De

2001 5448 2206 5518 Spiriiu
2246 5459 2448 5516 sancto,
2494 5467 2641 5503 num.
2666 5450 2732 5502 47
2757 5461 2810 5502 et
2838 5449 2928 5510 59,
2961 5459 3033 5511 ct,
3069 5457 3123 5501 ut
3150 5448 3252 5518 alia
3290 5448 3560 5518 omittam,

2000 5517 2063 5572 cx
2103 5521 2184 5574 his
2207 5522 2579 5594 qu:e_t_l_i_cta_vit
2605 5522 2670 5572 ad
2707 5534 2845 5594 vers.
2887 5520 3110 5594 18_cap.
3137 5532 3192 5570 ix
3227 5517 3560 5594 Proverbia-

2003 5606 2145 5656 rnm,
2175 5586 2297 5659 pag.
2330 5591 2430 5644 155
2472 5591 2684 5645 Catenae
2713 5589 2870 5642 edita:
2895 5603 2924 5640 a
2956 5586 3173 5641 Peltano
3201 5604 3215 5641 :
3247 5586 3398 5659 [Qui
3423 5586 3561 5659 illius

2003 5656 2218 5727 (ueinpe
2247 5656 2576 5730 meretricis)
2623 5659 2866 5712 moribus
2930 5656 3365 5730 atqueAconsiiiis
3405 5656 3560 5730 obse.

2001 5724 2304 5799 qunniur...
2334 5732 2399 5786 ad
2430 5724 2816 5800 sempiternum
2847 5728 3062 5783 tandem
3098 5727 3369 5782 interitum
3397 5724 3560 5779 abdu-

2000 5811 2210 5855 ClllllUl‘.
2235 5819 2252 5850 ι
