3766 6306
386 329 491 384 483

1644 328 1881 385 DIDYMI
1921 329 2385 385 ALEXANDRINI

3519 333 3642 389 484

382 444 643 509 amnibus,
689 442 803 496 sive
835 442 1045 497 saeculis
1078 442 1189 513 (81)
1225 444 1829 513 incomprehensibiles;
1872 447 1941 500 ait

2069 447 2181 515 ιρὸς
2234 447 2331 514 τὴν
2364 444 2620 496 Θεοτόκον
2671 447 2919 515 Μαρίαν,
2960 450 3052 500 καὶ
3108 448 3311 500 εἰπών·
3345 467 3361 498 ‹
3398 448 3643 518 Πνεῦμα

382 533 525 585 enim
550 530 855 601 Scriptura:
877 550 895 582 ι
920 532 1019 597 Qui
1040 532 1166 586 facit
1189 533 1301 603 (82)
1319 534 1534 604 angelos
1559 551 1686 589 suos
1700 537 1942 606 spiritus,

381 627 434 671 et
487 619 763 671 ministros
795 633 923 672 suos
958 619 1133 688 ignem
1186 630 1450 673 urentem.
1495 640 1514 671 ι
1564 622 1639 674 Ac
1683 636 1747 673 ne
1775 636 1939 675 unum

379 710 593 775 quidem
624 724 689 762 ex
718 710 782 762 iis
825 709 1049 776 faciunt,
1085 726 1202 780 qua).
1224 714 1355 766 liunt
1394 728 1421 765 a
1474 712 1675 782 Spiritu
1708 725 1938 780 sancto;

379 800 469 850 sed
490 798 972 861 huicfamulantur,
1001 802 1516 873 sicutarchangelus
1537 802 1753 860 Gabriel
1791 806 1939 872 fecit,

385 905 505 943 cum
540 891 858 961 legationem
907 894 1019 963 (85)
1069 896 1133 949 ad
1186 896 1467 964 Deiparam
1518 898 1676 969 134
1720 896 1943 953 Mariam

380 984 535 1049 obiit,
576 999 640 1039 ac
683 986 861 1039 dixit:
905 1004 924 1037 ι
970 986 1203 1055 Spiritus
1235 987 1347 1055 (84)
1393 998 1612 1042 sanctus
1640 990 1816 1042 veniet
1857 1004 1947 1042 su-

382 1090 479 1142 per
508 1087 579 1129 te.
636 1094 654 1127 ι
691 1075 856 1145 Igitur
906 1093 973 1131 ne
1023 1079 1235 1133 illorum
1290 1081 1506 1147 quidem
1563 1082 1817 1149 templum
1862 1091 1946 1134 est

383 1165 568 1233 homo,
603 1166 741 1220 sicut
788 1176 872 1221 est
899 1167 1018 1231 Dei,
1046 1178 1101 1223 et
1148 1169 1382 1239 Spiritus
1416 1169 1553 1236 ejus,
1600 1181 1653 1224 et
1687 1170 1945 1239 unigeniti

381 1256 521 1311 Filii.
552 1256 665 1310 Non
690 1259 1304 1327 circumprehenduntur
1326 1260 1438 1330 (85)
1472 1262 1631 1315 simul
1656 1278 1777 1315 cum
1811 1260 1939 1316 Deo.

378 1348 494 1407 Non
526 1366 628 1405 una
664 1353 906 1420 quaedam
937 1352 1197 1404 duntaxat
1227 1353 1532 1421 bypostasis
1560 1353 1802 1423 angelica
1844 1371 1943 1407 ex-

382 1442 547 1503 sistit,
580 1441 673 1493 sed
717 1438 1154 1493 innumerabiles.
1191 1440 1423 1507 Spiritus
1477 1452 1655 1495 autem
1703 1451 1941 1508 sanctus,

382 1532 472 1601 qui
517 1532 697 1585 divino
727 1533 884 1585 modo
914 1531 1090 1585 omnia
1140 1530 1444 1596 collustrat,
1482 1548 1547 1585 ex
1609 1532 1859 1587 ineﬂ‘abili
1893 1543 1947 1587 et

382 1619 902 1688 supersubstantiali,
943 1629 997 1673 et
1043 1628 1167 1673 ante
1200 1634 1390 1673 omnes
1443 1620 1772 1674 substantias
1802 1621 1944 1675 exsi-

378 1723 576 1777 stente,
626 1720 677 1765 et
729 1710 1063 1772 universali,
1119 1720 1172 1766 et
1217 1712 1403 1766 forma:
1452 1722 1672 1780 experte
1721 1721 1939 1775 paterna

381 1803 651 1873 hypostasi
685 1818 781 1871 per
810 1802 1145 1856 identitatem
1171 1801 1307 1872 (86),
1334 1803 1706 1871 unitatemque
1738 1813 1942 1858 naturae
1976 1794 2015 1847 Β

382 1896 448 1945 ab
479 1903 677 1945 :t'terno
710 1890 821 1962 (87)
854 1892 1116 1957 processit
1161 1906 1176 1954 ;
1220 1900 1274 1945 et
1326 1892 1638 1945 nominatus
1681 1902 1765 1945 est
1809 1892 1943 1945 divi-

388 1998 527 2046 nus;
568 1992 621 2036 et
651 1998 786 2035 unus
821 1991 925 2045 est,
971 1996 1073 2035 non
1126 1981 1543 2048 multiplicatus;
1579 1982 1774 2043 bonus,
1827 1998 1943 2034 ma-

381 2073 626 2142 gnilicus,
670 2073 995 2138 inaccessus,
1043 2071 1187 2125 nulla
1241 2072 1384 2141 potis
1431 2072 1785 2139 intelligentia
1835 2074 1944 2127 cir-

382 2166 691 2229 cumscribi,
710 2165 913 2219 inﬁnita
942 2165 1175 2233 potentia
1204 2164 1484 2233 prmditus,
1505 2164 1786 2219 ineﬂ‘abilis
1809 2165 1943 2234 (88),

380 2257 642 2327 singulari
690 2258 847 2310 modo
891 2264 945 2310 et
988 2255 1146 2309 unico
1174 2257 1464 2320 exsistens,
1494 2265 1549 2311 et
1595 2265 1785 2311 natura
1817 2273 1937 2312 cum

380 2360 619 2411 sanctus,
664 2356 772 2400 tum
823 2345 1056 2415 Spiritus
1098 2345 1209 2412 Dei,
1260 2354 1315 2400 et
1368 2347 1421 2399 in
1470 2360 1649 2401 rerum
1698 2347 1935 2402 omnium

380 2529 919 2604 ea_esscribere,etsi
978 2532 1237 2604 longiora.
1271 2530 1362 2584 Sic
1412 2544 1539 2597 ergo
1588 2543 1648 2604 se
1696 2528 1931 2604 habent:

387 2614 406 2648 ι
442 2600 557 2669 Ipse
586 2615 709 2653 vero
742 2602 972 2667 Spiritus
998 2600 1237 2665 sanctus,
1289 2604 1330 2654 si
1385 2614 1522 2652 .mns
1568 2600 1633 2651 de
1672 2600 1937 2652 creaturis

381 2668 543 2733 esset,
573 2670 763 2741 saltem
795 2673 1253 2741 circumscriptam
1291 2672 1513 2724 haberet
1560 2668 1936 2741 substantiam,

381 2742 521 2794 sicut
550 2740 816 2803 univerSu,
846 2756 964 2809 quae
997 2737 1134 2796 facta
1162 2750 1317 2805 sunt;
1370 2754 1489 2791 natn
1525 2738 1625 2809 etsi
1676 2751 1779 2790 non
1835 2737 1943 2791 cir-

382 2808 814 2863 cumscribantur
850 2807 987 2877 loco,
1018 2825 1069 2865 et
1104 2813 1297 2865 linibus
1325 2807 1621 2862 invisibiles
1657 2819 1940 2877 creaturas,

383 2884 561 2932 tamen
608 2882 933 2946 proprietate
976 2875 1308 2934 substantia:
1375 2879 1648 2931 liniuntur.
1707 2875 1941 2942 Spiritus

386 2958 566 3001 autem
622 2958 860 3018 sanctus,
917 2964 1037 3003 cum
1078 2953 1128 3003 in
1190 2950 1430 3018 plurilms
1476 2947 1565 3010 sit,
1627 2961 1727 3018 non
1781 2946 1941 3018 habet

384 3017 739 3089 substantiam
769 3014 1262 3089 circumscriptmii;
1314 3019 1527 3089 mittens
1564 3014 1939 3089 quippe-Iesus

384 3088 762 3157 praedicatores
798 3089 1052 3143 doctrinae
1083 3085 1231 3153 suae,
1286 3085 1506 3157 replevit
1549 3100 1647 3157 eos
1691 3085 1932 3157 Spiritu;
1963 3093 2009 3154 ο

384 3153 738 3241 ξιξιιειιωιιιιε
789 3158 839 3209 in
892 3158 1079 3241 faciem
1119 3153 1694 3241 eoruni,;‘r‘Acci_pile,
1745 3154 1934 3241 inquit,

385 3225 644 3297 Spiritum
686 3237 926 3279 sanctum
981 3229 1159 3297 (Joan.
1202 3245 1294 3291 xx,
1325 3226 1450 3293 9.2);
1492 3242 1510 3276 ι
1551 3223 1659 3297 Et:
1697 3242 1714 3274 ι
1746 3223 1942 3297 Enntes

383 3294 572 3349 docete
616 3311 801 3349 omnes
823 3294 1008 3365 gentes
1054 3297 1265 3366 (Matth.
1322 3311 1511 3366 xxviii,
1543 3294 1629 3363 19)
1659 3311 1671 3345 :
1705 3312 1740 3366 Δι
1791 3295 1940 3361 quasi

383 3380 572 3417 omnes
597 3368 802 3419 rimctis
828 3363 1092 3436 gentibus
1116 3370 1370 3420 mitteret.
1411 3364 1595 3431 Neque
1633 3363 1773 3415 enim
1800 3378 1937 3436 _om-

384 3450 481 3489 nes
511 3435 731 3501 apostoli
768 3437 829 3488 ad
846 3430 1051 3490 'omnes
1081 3448 1264 3505 gentes
1293 3430 1517 3505 pariter
1542 3442 1666 3505 sunt
1697 3430 1939 3505 profecti,

384 3506 476 3557 sed
504 3500 717 3573 quidam
749 3506 799 3557 in
829 3509 1031 3568 Asiam,
1065 3500 1305 3575 quiilain'
1330 3507 1381 3558 in
1406 3502 1693 3575 Scythiam
1729 3500 1939 3575 (tolle:

385 3570 557 3645 noster
581 3590 673 3643 pro
706 3576 978 3645 Scythiam
1007 3570 1155 3629 habet
1186 3572 1450 3645 Syriam],
1494 3570 1569 3645 et_
1596 3572 1685 3623 alii
1728 3570 1940 3645 iii_a_lias

385 3641 613 3712 dispersi
658 3641 918 3709 nationes,
952 3641 1243 3699 secundum
1283 3641 1733 3713 dispensationem
1770 3641 1934 3713 illius,

385 3710 542 3782 quem
574 3730 752 3769 secum
783 3717 1055 3769 habebant
1088 3716 1319 3782 Spiritus
1358 3710 1549 3774 sancti,
1596 3710 1863 3782 quomodo
1888 3720 1942 3763 et

386 3781 667 3837 Dominum
691 3785 979 3838 dicentem:
1004 3804 1021 3837 ι
1046 3779 1326 3838 Vobiscum
1345 3798 1461 3835 smn
1487 3784 1737 3833 omnibus
1752 3779 1939 3833 diebus

390 3866 557 3921 usque
586 3855 650 3906 ad
680 3855 1194 3907 consummationem
1227 3852 1407 3907 saeculi
1438 3851 1585 3921 (ibid.
1607 3850 1751 3919 20).»
1774 3848 1867 3903 His
1891 3860 1945 3921 et

387 3920 523 3993 illud
543 3924 787 3993 congruit
813 3942 826 3975 :
858 3943 874 3971 ι
903 3924 1188 3991 Accipietis
1217 3924 1465 3975 virtutem
1510 3920 1941 3993 supervenientis

387 3989 619 4058 Spiritus
646 3989 812 4045 sancti
840 3993 891 4044 in
920 4007 1013 4061 vos
1035 3989 1181 4061 (cod.
1214 4002 1407 4051 noster,
1428 3991 1835 4061 superveniente
1884 3989 1939 4041 in

386 4074 482 4113 vos
513 4060 714 4128 Spiritu
740 4059 983 4131 sancto]:
1011 4059 1065 4115 rt
1112 4060 1263 4114 eritis
1306 4070 1467 4131 testes
1525 4060 1722 4131 mihi...
1771 4072 1941 4123 usque

388 4132 453 4181 ad
489 4143 785 4183 extremum
825 4128 979 4183 terra:
1001 4132 1137 4198 (Act.
1163 4147 1200 4195 ι,
1229 4130 1301 4198 8).
1320 4148 1336 4180 i
1362 4128 1416 4182 Si
1445 4142 1571 4196 ergo
1602 4128 1651 4180 hi
1680 4130 1731 4180 in
1765 4137 1942 4198 extre-

387 4200 492 4251 mis
522 4201 714 4253 tinibus
744 4208 900 4251 terrae
925 4201 992 4251 ob
1010 4196 1387 4253 testimonium
1412 4197 1619 4249 Domini
1641 4196 1934 4260 constituti,

388 4268 660 4321 distabant
692 4270 826 4321 inter
862 4284 917 4321 se
946 4270 1267 4338 longissimis
1310 4268 1514 4338 spatiis,
1545 4266 1731 4317 aderat
1759 4273 1939 4338 autem

386 4338 465 4389 eis
492 4338 817 4391 inliabitator
856 4336 1087 4404 Spiritus
1125 4350 1363 4399 sanctus,
1418 4336 1935 4398 incircumscriptam

387 4405 590 4460 habens
632 4409 1005 4473 substantiam,
1056 4411 1451 4461 demonstratur
1502 4405 1739 4472 angelica
1769 4406 1937 4455 virtus

388 4475 453 4527 ab
487 4477 585 4529 hoc
616 4492 834 4544 prorsus
872 4478 1063 4531 aliena.
1098 4478 1333 4544 Angelus
1356 4476 1572 4545 quippe,
1603 4475 1691 4545 qui
1729 4475 1936 4535 aderat,

388 4546 537 4597 verbi
578 4543 763 4615 gratia,
797 4548 1047 4615 Apostolo
1081 4548 1131 4601 in
1164 4543 1291 4600 Asia
1322 4543 1494 4598 oranti
1540 4543 1724 4614 (codex
1753 4550 1945 4605 noster,

389 4614 664 4687 moranti.)
701 4633 805 4669 non
840 4614 1048 4685 poterat
1077 4617 1234 4671 simul
1262 4617 1447 4669 eodem
1493 4614 1949 4687 temporenadesse

389 4686 507 4739 aliis
543 4687 593 4739 in
619 4682 853 4741 deteris
877 4688 1119 4756 partibus
1150 4687 1329 4738 tnundi
1352 4686 1679 4756 constitutis.
1716 4682 1948 4756 Spiritus

390 4767 565 4808 autem
593 4752 938 4829 sanctusm'in
978 4760 1148 4829 solum
1182 4756 1435 4829 sejunctis
1485 4768 1513 4804 a
1556 4766 1615 4805 se
1646 4752 1948 4829 hominibus

388 4838 581 4890 przcsto
614 4836 714 4890 est,
744 4828 834 4880 sed
870 4838 921 4879 et
952 4827 1172 4895 singulis
1198 4826 1496 4892 quibusque
1541 4824 1766 4895 angelis,
1796 4824 1947 4889 prin-

390 4897 677 4962 cipatibus,
713 4898 938 4959 tbronis,
992 4894 1442 4949 detuinattonibus
1496 4894 1822 4945 inbabitator
1861 4905 1949 4941 as-

389 4977 547 5017 διδιιι.
581 4985 598 5016 ι

459 5036 566 5103 (81)
603 5034 839 5088 chulis.
878 5036 958 5087 An
1016 5049 1247 5097 aaonum,
1284 5031 1429 5103 ipsive
1483 5030 1799 5103 seculorum
1845 5048 1949 5103 Ano-

392 5101 799 5171 minealiquem
842 5106 1151 5173 angelorum
1201 5102 1441 5155 ordinem
1496 5101 1786 5173 intelligit?
1837 5101 1949 5156 Hoc

389 5186 543 5238 Si_'nstt
578 5168 800 5226 fortasse
831 5168 1074 5227 Clciiieus
1106 5174 1156 5224 in
1208 5181 1450 5225 extremo
1486 5168 1782 5238 Pwdugogo
1830 5173 1943 5223 ait:

387 5235 446 5292 οὗ
482 5242 606 5305 δόξα
661 5242 873 5305 αἰῶνες,
904 5245 949 5293 id
984 5255 1066 5295 est
1096 5261 1112 5291 ι
1146 5241 1296 5308 cujus
1324 5243 1487 5311 gloria
1525 5235 1887 5311 suiit'sziwula.
1921 5259 1940 5292 ι

392 5312 465 5362 Ex
496 5313 761 5364 nonnullis
791 5324 967 5365 autem
1006 5312 1295 5378 Scriptura:
1328 5310 1707 5371 locationibus,
1759 5310 1943 5373 cujus-

389 5381 528 5433 mOtli
563 5392 685 5432 sunt
718 5381 837 5443 illae,
880 5400 896 5431 ι
932 5382 1029 5434 Per
1061 5398 1215 5449 quem
1258 5383 1381 5433 fecit
1414 5392 1467 5434 et
1515 5379 1706 5449 saecula
1744 5378 1942 5449 (Hebr.

390 5465 426 5514 ι,
459 5450 535 5515 2).
570 5471 585 5500 ι
615 5461 685 5521 et,
722 5468 739 5499 ι
774 5450 899 5521 ltegi
949 5448 1264 5504 stecnlorum
1312 5449 1626 5521 immortali
1654 5448 1695 5518 (ι
1732 5448 1867 5521 1_'_iu_i.
1906 5463 1946 5510 ι,

390 5521 498 5587 17),
531 5538 547 5569 ι
578 5520 755 5588 opinio
782 5516 890 5573 Inc'c
921 5522 1038 5574 duci
1068 5523 1239 5589 potuit
1268 5540 1280 5575 :
1318 5537 1378 5573 ac
1425 5522 1545 5589 inde
1562 5516 1721 5571 etiam
1750 5516 1946 5571 Valen-

391 5592 532 5643 tinus
558 5606 682 5644 suos
717 5591 833 5645 illos
870 5588 1073 5655 teonas,
1118 5592 1231 5645 sive
1286 5590 1477 5645 saacula
1524 5588 1753 5642 forsitan
1815 5601 1945 5640 con-

387 5661 559 5713 tinxit.

458 5727 698 5805 (82)Qi‘ti
725 5730 877 5801 facit.
925 5730 1065 5788 Psal.
1095 5746 1209 5797 cm,
1266 5728 1300 5783 5
1329 5729 1445 5798 (seu
1477 5726 1553 5795 4).
1604 5725 1948 5796 Complutcn-

2047 537 2199 603 ἅγιον
2237 536 2512 589 ἐλεύσεται
2544 538 2633 588 ἐπὶ
2656 536 2737 592 σέ.
2776 556 2794 588 ι
2830 537 2966 590 Οὔτε
2998 535 3089 591 οῦν
3118 540 3241 602 ναὸς
3270 539 3451 591 αἰτῶν
3476 541 3643 591 ἐστιν

2044 631 2072 680 ὁ
2098 628 2397 697 ἄνθρωπος,
2430 630 2570 682 καθὰ
2598 632 2710 682 ἐστι
2761 631 2850 683 τοῦ
2881 632 3037 695 θεοῦ,
3069 632 3272 685 καὶτοῦ
3305 633 3643 702 Πνεύματος

2046 720 2231 784 αὑτοῦ,
2271 720 2482 773 καὶτοῦ
2518 723 2836 790 μονογενοῦς
2868 723 3019 776 Υἰοῦ.
3061 724 3134 775 Οὐ
3170 724 3644 793 συμπεριλαμεὰε-

2045 826 2222 862 νονται
2260 809 2396 879 μετὰ
2433 808 2529 862 τοῦ
2572 810 2726 863 Θεοῦ.
2780 813 2852 863 Οὐ
2891 813 2986 881 μία
3019 812 3103 874 τίς
3153 816 3297 864 ἐστιν
3328 812 3641 874 ὑπόστασις

2045 898 2327 968 ἁγγελικὴ,
2364 898 2496 951 ἀλλὰ
2553 899 2649 951 καὶ
2674 900 3094 969 δύσαρίθμητος.
3138 899 3212 952 Τὸ
3244 900 3299 952 δὲ
3332 902 3641 970 07:59:19:-

2046 990 2178 1057 φαὲς
2199 990 2350 1057 ἅγιον
2377 990 2619 1059 Πνεῦμα,
2655 992 2916 1060 σύμφυὼς
2951 994 3041 1045 καὶ
3088 991 3333 1053 ἐνοειδῶς
3384 992 3495 1044 ἀπὸ
3528 992 3643 1060 τῆς

2045 1082 2305 1151 ἀρρήτου,
2333 1083 2424 1133 καὶ
2451 1083 2795 1152 ὑπερούσίου,
2827 1084 2918 1135 καὶ
2948 1084 3259 1152 προουσέού.
3290 1084 3385 1135 καὶ
3408 1083 3644 1136 καθολι-

2046 1173 2166 1241 κῆς.
2199 1173 2293 1224 καὶ
2326 1173 2571 1243 ἀμόρφου
2606 1174 2874 1243 προῆλθεν
2908 1175 3147 1244 ἀχρόνως
3191 1176 3466 1245 πατρικῆς
3494 1177 3641 1227 0m-

2048 1265 2328 1329 στάσεως,
2370 1267 2461 1318 καὶ
2517 1266 2950 1337 προσηγόρευται
3007 1267 3182 1319 Οεῖονσ
3222 1268 3279 1319 ἓν
3337 1267 3396 1318 τέ
3456 1269 3639 1325 ἐστιν,

2046 1357 2403 1427 ἁπλήϐυντον,
2430 1358 2653 1425 ἀγαθὸν,
2679 1357 2929 1425 ἄφθονον,
2962 1358 3253 1428 ἀπρόσιτον
3272 1399 3286 1422 ,
3316 1358 3422 1409 ἀπε
3432 1358 3638 1428 ρξγραο

2046 1465 2143 1517 φον
2178 1450 2376 1512 πάσαις
2429 1451 2697 1520 νοήσεσιν,
2753 1449 3205 1519 ἀπειροδύναμον,
3276 1448 3635 1506 ἁνέκλεκτον.

2049 1542 2222 1612 μόνως
2262 1543 2503 1612 ὑπάρχον
2526 1562 2537 1574 ·
2594 1545 2685 1597 καὶ
2717 1544 2875 1611 φύσει
2909 1544 3060 1612 ἅγιόν
3090 1562 3147 1595 τε
3175 1546 3266 1597 καὶ
3282 1545 3507 1613 Πνεῦμα
3532 1544 3635 1595 τοῦ

2044 1632 2201 1694 Θεοῦ,
2222 1634 2314 1686 κα).
2344 1634 2490 1685 οὐδὲν
2512 1634 2569 1685 ὂν
2599 1636 2705 1686 τῶν
2731 1636 2945 1687 πάντων
2963 1653 2975 1665 ·
3005 1635 3140 1687 ἀλλὰ
3161 1635 3291 1697 Θεὸς
3319 1638 3375 1688 ὲν
3409 1637 3636 1705 ούρανῴ

2043 1738 2101 1773 τε
2134 1722 2209 1775 ὢν
2234 1723 2324 1775 καὶ
2349 1723 2518 1777 συνὼν
2541 1727 2692 1795 ἡμῖν,
2726 1728 2895 1787 αἴτιος
2942 1727 3102 1778 πᾶσιν
3158 1726 3372 1778 πάντων
3404 1727 3593 1778 καλῶν
3614 1743 3628 1755 ·

2046 1812 2235 1882 παρὼν
2278 1813 2374 1882 μὲν
2396 1816 2507 1875 τοῖς
2529 1814 2669 1875 ὅλοις
2692 1814 2890 1876 enim.
2924 1815 3195 1877 ἀνειδέως,
3224 1816 3509 1885 ἁμετασχη
3521 1833 3633 1885 μαρ-

2047 1902 2276 1965 τίστωςο
2312 1906 2410 1957 οὐκ
2468 1905 2816 1975 ἐξιστάμενος
2836 1908 2890 1959 δὲ
2940 1907 3032 1961 τοῦ
3070 1907 3414 1977 συνιδρῦσθαι
3450 1910 3633 1980 ἀφρά-

2049 2010 2188 2055 στως
2213 1993 2287 2062 τῷ
2316 1994 2511 2064 Πατρὶ,
2536 1997 2627 2045 καὶ
2651 1995 3046 2065 ὲξαττλούμενος
3068 1998 3261 2067 πάντη,
3291 1999 3384 2051 καὶ
3410 2000 3628 2068 χωρῶν,

2050 2085 2142 2135 καὶ
2167 2084 2225 2134 ἐν
2256 2084 2457 2135 ἆπασιν
2492 2085 2707 2153 ἁμιγῶς
2758 2086 3057 2137 κατοικῶν·
3099 2088 3191 2138 καὶ
3239 2090 3357 2149 ταῖς
3395 2090 3631 2151 ἐννοίαις

2048 2172 2203 2241 ἡμῶν
2238 2191 2297 2224 τε
2358 2174 2449 2224 καὶ
2488 2175 2593 2225 τῶν
2632 2177 2762 2243 ἡμῖν
2817 2176 3061 2245 ἀοράτων
3111 2177 3429 2240 ἐμϐατεύων
3460 2221 3470 2241 ,
3528 2180 3630 2232 καὶ

2045 2262 2284 2329 ἀκριϐῶν
2316 2263 2550 2325 ἅπαντα,
2608 2264 2783 2315 καίτοι
2832 2266 3006 2317 πάντα
3035 2265 3216 2327 εἰδὼς
3249 2266 3343 2318 καὶ
3390 2267 3627 2334 deamata;

2052 2353 2280 2423 ἐνηχῶν,
2318 2355 2411 2407 καὶ
2440 2354 2626 2424 ψυχῶν
2661 2356 2944 2409 ἐπακούων
2980 2356 3186 2409 ἔνδοθεν
3227 2361 3350 2429 σιγῇ
3384 2362 3630 2430 κραζου·

2034 2531 2107 2584 sis
2144 2530 2304 2584 editio
2353 2530 2531 2593 habet,
2583 2527 2751 2599 πυρὸς
2778 2529 2970 2597 φλόγα,
3005 2527 3057 2581 id
3102 2537 3184 2583 est
3221 2546 3240 2580 ι
3288 2531 3425 2596 ignis
3466 2532 3625 2585 ﬂam-

2037 2615 2231 2661 mam,»
2266 2615 2360 2657 pro
2392 2619 2409 2649 ι
2437 2602 2609 2667 ignem
2630 2614 2890 2653 urentem.
2922 2618 2939 2648 ι
2976 2599 3105 2652 Vide
3130 2614 3296 2667 segni.
3327 2601 3395 2653 78
3423 2604 3475 2654 b.

2110 2671 2219 2740 (85)
2258 2668 2607 2737 Legationem.
2649 2668 2702 2740 lu
2734 2669 2919 2721 Graeco
2944 2668 3422 2740 διακονησὰμενος,
3478 2674 3621 2736 quod

2044 2738 2266 2794 verbum
2336 2744 2492 2804 vulgo
2574 2754 2601 2789 a
2666 2738 3057 2806 lexicograpbis
3126 2750 3179 2791 et
3232 2742 3615 2805 interpretibus

2047 2827 2065 2860 ι
2104 2807 2437 2861 ministrandi
2474 2825 2491 2859 ι
2528 2807 2688 2861 verbo
2715 2808 3056 2859 transfertur.
3112 2811 3180 2859 At
3239 2822 3358 2860 mea
3396 2809 3615 2875 quidem

2044 2879 2295 2948 Opinione
2324 2878 2586 2948 signiticet
2616 2878 2774 2929 etiam
2825 2896 2843 2927 ι
2878 2879 3200 2945 legationem
3229 2879 3408 2948 _obire
3435 2896 3449 2929 :
3476 2897 3504 2948 ν»
3537 2882 3616 2928 id-

2045 2946 2148 3016 que
2176 2948 2495 3013 continuare
2526 2946 2649 2999 licet
2673 2962 2793 2999 cum
2831 2962 2902 3016 ex
2955 2948 3055 2998 hoc
3081 2948 3193 3013 ipso
3226 2946 3436 3016 Didymi
3475 2947 3615 3007 loco,

2049 3015 2161 3070 tum
2184 3032 2249 3069 ex
2285 3017 2493 3069 Polluce
2524 3033 2537 3079 ;
2568 3017 2611 3068 is
2645 3018 2786 3067 enim
2829 3015 2918 3068 lib.
2955 3031 3069 3077 \‘lll,
3106 3031 3223 3081 cap.
3259 3015 3336 3079 Si,
3385 3018 3577 3069 scribit
3601 3038 3616 3068 :

2038 3086 2237 3157 Kat‘cdt
2258 3088 2471 3157 ῥήματα
2512 3084 3329 3157 πρεσϐεῦσαι,διακονήσασθαι.
3370 3085 3619 3154 ἀποπρε-

2045 3155 2349 3208 σὸεύεσθαι,
2417 3156 2583 3219 Quem
2642 3155 2812 3208 locum
2865 3156 3131 3221 interpres
3181 3156 3259 3207 sic
3331 3156 3612 3208 reddidit:

2050 3245 2068 3277 ι
2099 3228 2165 3279 Et
2192 3228 2372 3285 verba.
2402 3225 2631 3292 legatum
2654 3240 2836 3291 agere,
2860 3224 3261 3286 administrare,
3289 3224 3616 3293 legationem

2044 3297 2273 3349 mittere.
2311 3313 2328 3344 ι
2396 3294 2618 3346 Malim:
2688 3312 2706 3344 ‹
2749 3294 2813 3346 Ει
2870 3296 3052 3355 verba,
3114 3293 3343 3362 legatum
3414 3308 3615 3361 agerc;

2042 3365 2357 3433 legationem
2418 3363 2603 3433 obire;
2668 3378 2785 3430 quae
2851 3363 2902 3416 in
2985 3363 3248 3432 legatione
3302 3374 3449 3433 acta_
3491 3378 3616 3415 sunt

2042 3431 2371 3487 renuntiare.
2406 3452 2424 3484 ι
2481 3432 2644 3486 Libro
2696 3443 2873 3486 autem
2905 3448 2976 3496 ιν,
3006 3449 3124 3502 cap.
3176 3433 3229 3494 5,
3287 3434 3373 3502 ubi
3425 3431 3613 3486 Pollux

2041 3504 2133 3565 ait,
2206 3502 2553 3573 πρεσϐεῦσαι,
2613 3501 3080 3571 διακονήσασθαι,
3122 3501 3483 3572 πλανηθῆναι,
3537 3505 3616 3555 it:-

2045 3583 2251 3640 tcrpres
2302 3577 2498 3627 vertit:
2565 3590 2583 3623 ι
2618 3573 2845 3640 legatum
2879 3641 2885 3642 γ
2917 3589 3109 3642 agere,
3170 3575 3463 3635 inserrire,
3525 3589 3614 3626 se-

2041 3643 2256 3695 ducere.
2309 3660 2327 3693 )
2418 3642 2523 3694 Sed
2597 3642 2778 3695 malim
2838 3641 2922 3695 llic
2961 3641 2964 3642 ν
2997 3658 3251 3710 quoque:
3327 3658 3345 3689 ι
3382 3642 3613 3709 legatum

2040 3726 2234 3781 agere;
2302 3711 2622 3779 legationem
2700 3713 2884 3771 obire;
2958 3712 3237 3778 legationis
3301 3726 3463 3763 causa
3520 3728 3618 3777 per

2039 3782 2218 3834 varias
2244 3786 2491 3850 regiones
2529 3796 2735 3834 errare.
2777 3798 2797 3831 ι
2848 3781 3019 3833 Simili
3057 3783 3263 3833 ratione
3314 3795 3500 3845 regum
3534 3784 3585 3832 lo

2041 3852 2147 3918 gati
2184 3851 2387 3920 vulgari
2417 3866 2666 3906 sermone
2706 3866 2849 3904 nunc
2887 3850 3221 3920 apoellautur
3269 3851 3428 3902 etiam
3463 3869 3485 3899 ι
3512 3859 3611 3903 ml-

2041 3921 2217 3973 nistri.
2250 3941 2267 3971 ι

2111 3990 2221 4061 (84)
2246 3989 2511 4061 Spiritus.
2549 3989 2679 4061 Luc.
2711 4006 2749 4053 ι,
2783 3990 2872 4053 35,
2916 3990 3083 4043 Biblia
3148 3987 3343 4041 habent
3390 3990 3615 4043 ἐπελεύ-

2042 4059 2210 4113 σεται.
2242 4059 2372 4113 Vide
2402 4070 2553 4112 notas
2585 4060 2650 4110 ad
2681 4075 2852 4128 segni.
2892 4061 2993 4114 1‘25
3016 4077 3068 4112 a.

2110 4130 2223 4199 (85)
2273 4128 2904 4195 Circumprehenduntur.
2950 4131 3207 4198 Respicit,
3269 4142 3327 4185 nt
3383 4130 3603 4197 opinor,

2042 4198 2347 4258 divinarum
2386 4213 2737 4265 personarum
2770 4218 2787 4249 ι
2819 4201 3401 4256 circuminsessionem.
3439 4219 3457 4250 ι
3497 4199 3611 4264 Qua

2042 4268 2107 4321 de
2148 4284 2310 4321 causa
2364 4272 2547 4330 verbo,
2601 4285 2620 4317 ι
2654 4270 3255 4336 comprehenduntur,»
3315 4286 3444 4323 usus
3500 4287 3606 4323 non

2044 4351 2189 4391 sum.
2223 4355 2241 4386 ι
2272 4336 2362 4388 Dei
2397 4355 2415 4386 ι
2480 4352 2605 4390 vero
2658 4344 2873 4392 nomine
2929 4339 3091 4392 Deum
3150 4341 3360 4393 Patrem
3413 4341 3611 4407 passim

1970 4433 2013 4487 ο
2044 4407 2332 4487 designari,
2370 4409 2636 4487 neminem
2676 4408 2829 4487 fugit.
2883 4409 3045 4487 [lecte
3086 4410 3415 4487 Augustinus
3441 4412 3495 4487 in
3524 4412 3615 4462 Al-

2051 4486 2331 4527 tercatione
2361 4492 2475 4527 cum
2503 4474 2812 4530 Pascentio:
2848 4496 2864 4527 ι
2897 4474 3198 4533 Laudantes
3228 4480 3390 4532 Deum
3432 4479 3615 4531 dicere

2055 4546 2351 4618 solemus...
2386 4546 2487 4609 Qui
2520 4548 2664 4613 capit
2686 4549 2889 4611 omnia,
2920 4564 3075 4617 quem
3104 4554 3248 4618 capit
3292 4562 3485 4613 nemo;
3522 4550 3612 4601 sed

2052 4616 2323 4668 hominum
2352 4633 2364 4667 :
2401 4631 2522 4666 nam
2557 4626 2698 4669 totus
2729 4619 2939 4681 capitur
2977 4635 3004 4670 a
3039 4616 3193 4671 Filio.
3237 4636 3254 4669 ι

2122 4684 2231 4753 (86)
2262 4682 2612 4756 ldentitatem.
2650 4686 2706 4737 In
2764 4685 2952 4740 (ἐι-ιερο
3000 4687 3242 4750 ἐνοειδῶς
3270 4729 3284 4750 ,
3344 4701 3463 4756 qua:
3511 4700 3612 4737 vox

2049 4752 2283 4827 deestin
2310 4754 2619 4822 vulgaribus
2651 4756 2861 4808 lexicis.
2891 4761 3026 4809 Ante
3057 4757 3339 4827 Didymum
3360 4752 3447 4809 'ea
3467 4772 3608 4827 usus

2050 4822 2225 4877 fuerat
2255 4832 2440 4875 auctor
2467 4827 2820 4891 supposititia:
2840 4827 3100 4892 epistolae,
3138 4822 3203 4879 de
3232 4841 3333 4893 qua
3368 4826 3477 4878 dixi
3503 4836 3610 4877 not.

2052 4894 2145 4955 9|,
2178 4908 2294 4961 pag.
2338 4893 2459 4953 1:22,
2484 4894 2548 4963 in
2581 4896 2757 4946 verbis
2789 4895 2860 4946 ibi
2899 4896 3093 4949 allatis.
3122 4896 3445 4949 Athanasius
3479 4909 3611 4963 quo-

2049 4977 2152 5030 que
2177 4966 2308 5013 dixit
2336 4962 2589 5031 ἐνοειδής.

2121 5032 2230 5099 (δῖ)
2267 5032 2583 5104 Abnu'lerno.
2618 5031 2672 5084 In
2705 5032 2912 5104 Graaco,
2956 5034 3216 5104 ἀχρόνως,
3270 5032 3323 5085 id
3363 5044 3443 5085 est
3496 5033 3611 5085 sine

2052 5098 2310 5167 tempore.
2344 5098 2471 5152 Vide
2501 5116 2619 5168 qua:
2650 5117 2716 5155 ex
2748 5101 2953 5156 Joanne
2994 5098 3337 5159 E'ucliaitensi
3360 5104 3607 5156 adnotari

2049 5170 2113 5222 ad
2150 5183 2315 5235 segni.
2352 5169 2451 5221 168
2484 5187 2535 5220 a.

2121 5240 2230 5306 (88)
2270 5237 2582 5305 Ine/rabilis.
2619 5240 2669 5293 In
2693 5240 2903 5303 Grzeco,
2930 5242 3268 5295 ἀνέκλεκτον.
3309 5240 3403 5293 Est
3432 5251 3607 5294 autem

2049 5308 2389 5379 ἀνέχλεκτον,
2430 5313 2569 5375 quod
2594 5313 2770 5365 verbis
2796 5310 2967 5375 elfat'i,
3030 5323 3120 5365 aut
3170 5313 3473 5379 CXpl‘illlCl'C
3509 5328 3607 5363 non

2050 5380 2312 5431 valemus.
2346 5377 2695 5452 Quaratiune
2721 5382 3080 5452 ἀνεκλάλητον
3119 5377 3353 5452 quoque,
3378 5394 3431 5432 et
3462 5383 3610 5433 ανέχ-

2050 5464 2304 5521 ςρραστον,
2352 5448 2838 5521 ειηάνεκδιήγητον
2901 5448 3114 5516 dicitur,
3137 5448 3151 5452 ⁷
3176 5448 3475 5505 υιίιυηηιι
3523 5454 3606 5520 qui

2051 5520 2333 5581 lrenaaum,
2387 5517 2746 5574 (ἑιιξιιιιξιιιυὶιι⁷
2784 5521 3225 5585 Alexandrinum,
3300 5517 3605 5585 Eusebium,

2052 5588 2291 5655 aliosque
2345 5588 2645 5659 huiusmodi
2696 5592 2987 5659 scriptores
3046 5592 3331 5659 legerunt:
3387 5592 3526 5644 sicut
3582 5610 3607 5640 ιε

2050 5662 2319 5712 contrario
2340 5656 2604 5729 ὲκλαλεῖν,
2632 5656 3062 5729 ιιιψιθεκλέγειν
3097 5656 3293 5715 ΡοΙΙιιςὶ
3344 5672 3424 5712 est
3453 5680 3469 5710 ι
3499 5661 3606 5712 clo-

2051 5729 2203 5795 qui,»
2244 5738 2297 5783 et
2328 5746 2345 5780 ι
2373 5728 2581 5783 ell'erre.
2616 5750 2634 5783 ι
2681 5728 2807 5786 Vide
2839 5728 3005 5799 segni.
3040 5732 3107 5786 9i
3135 5748 3186 5799 α,
3215 5742 3266 5784 et
3300 5730 3399 5785 194
3434 5732 3481 5782 b.
