3766 6334
395 319 500 377 487

1665 314 1901 369 DlDYMl
1940 313 2419 369 ALEXANDRINI

3558 327 3675 383 £83

400 452 524 490 rans
554 434 693 506 (9i),
727 442 781 488 et
812 430 1244 503 inexplicabilem
1289 429 1525 484 laatitiam
1583 432 1835 485 omnibus
1864 431 1949 484 ubi

2124 429 2227 501 λλῳ
2254 429 2353 501 μὲν
2376 430 2485 483 τῶν
2523 431 2835 485 ἀποστόλων
2888 432 3129 502 διάγοντι
3176 435 3236 487 ἐν
3281 438 3461 509 Ἰνδίᾳ,
3492 442 3677 513 ἑτέρῳ

394 510 502 598 que
532 526 744 580 naturis
793 524 1105 585 infundens,
1142 521 1302 591 hujus
1343 521 1579 576 universi
1625 522 1972 576 constitutio-

398 634 519 673 nem
551 616 857 683 coutiueus,
888 624 942 671 et
987 614 1169 670 omnia
1201 615 1300 669 sub
1329 614 1622 682 semetipso
1651 614 1877 679 habens,
1921 625 1977 667 et

397 711 577 764 divina
610 709 728 765 luce
759 724 825 764 ea
856 709 1186 771 illuminans,
1229 716 1286 762 et
1332 707 1436 761 illis
1471 707 1732 761 immensa
1771 721 1865 762 sua
1894 706 1974 761 ef-

400 803 608 867 ficacia,
640 818 703 858 ac
745 804 989 858 bonitate
1024 800 1408 857 benefaciens:
1445 813 1539 854 eos
1579 797 1815 868 quidem,
1863 799 1978 868 qui-

397 895 498 949 bus
524 894 714 950 melior
769 894 1000 948 intentio
1044 901 1147 956 est,
1195 899 1361 960 atque
1407 890 1641 955 animus,
1691 891 1756 944 ad
1798 890 1976 960 perfe-

400 985 626 1040 ctiorcm
658 999 882 1054 scopum
915 985 1152 1048 ducens;
1191 998 1421 1051 quorum
1451 996 1579 1037 vero
1606 983 1860 1045 deterior,
1897 991 1978 1036 at-

310 1136 331 1157 .
402 1092 508 1145 que
537 1076 674 1130 adeo
703 1092 868 1145 prava
895 1090 1046 1130 mens
1075 1090 1137 1130 ac.
1170 1076 1275 1128 vita
1306 1082 1407 1139 est,
1434 1088 1527 1127 eos
1556 1088 1649 1128 sua
1683 1074 1851 1143 ipsius
1882 1088 1968 1127 re-

402 1170 509 1238 gia,
539 1180 591 1223 et
620 1168 904 1230 concordi,
933 1177 989 1221 et
1023 1166 1253 1220 indivisa
1296 1167 1691 1236 gubernatione
1722 1182 1824 1219 non
1862 1165 1976 1235 pri-

401 1277 555 1323 varis,
603 1261 696 1315 sed
729 1259 1057 1315 desiderium
1092 1259 1142 1313 in
1174 1259 1253 1313 eis
1304 1258 1649 1328 ingenerans,
1703 1266 1757 1312 et
1797 1257 1976 1312 cousi~

399 1356 735 1411 derationem
771 1351 1270 1415 consubstantialis,
1301 1351 1650 1420 omniumque
1677 1352 1975 1419 generatim

398 1450 664 1505 honorqu
717 1446 1014 1515 largitricis
1061 1444 1386 1511 Trinitatis,
1433 1453 1488 1499 et
1528 1445 1781 1498 omnibus
1831 1454 1977 1499 recte

398 1538 748 1610 operantibus
782 1551 940 1606 Opem
968 1534 1169 1598 ferens,
1200 1550 1322 1588 cum
1349 1534 1509 1589 simul
1537 1535 1608 1589 sit
1636 1535 1703 1588 ab
1724 1535 1977 1589 omnibus

399 1639 731 1701 segregatus,
762 1630 861 1682 hac
880 1629 1088 1681 ratione
1117 1627 1392 1690 videlicet,
1410 1626 1553 1695 quod
1580 1626 1734 1681 alteri
1759 1626 1977 1696 quidem

401 1724 765 1794 apostolorum
810 1721 920 1789 (θὲ)
954 1721 1179 1792 136m
1216 1719 1361 1775 ludia
1415 1719 1526 1792 (93)
1575 1718 1786 1786 degenti
1828 1717 1975 1789 (94),

2082 523 2127 575 δ’
2167 525 2224 575 ὲν
2250 522 2482 593 Σπανίᾳ,
2506 522 2651 594 ἄλλῳ
2682 523 2726 575 δ’
2758 525 2816 575 ἐν
2848 523 2991 595 ἄλλῳ
3021 525 3171 595 τόπῳ
3223 527 3329 590 ἕως
3378 529 3476 598 τῆς
3505 533 3679 601 ﬁala.

2083 615 2204 677 τιᾶς
2239 617 2338 686 τῆς
2369 614 2471 685 γῆς
2495 655 2510 676 ,
2547 616 2678 686 παρ’
2708 615 2875 669 αὐτοῦ
2907 618 3280 689 νενεμημένῳ,
3316 620 3417 688 τῆς
3465 621 3676 674 ἑαυτοῦ

2084 706 2360 770 ἀπλανοῦς
2397 708 2490 760 καὶ
2524 707 2816 778 ἀκιϐδήλου
2853 710 3125 778 μετεδίδου
3168 711 3390 779 σοφίας*
3436 712 3496 763 οὐ
3528 712 3675 782 τῷδε

2087 802 2184 870 μὲν
2210 800 2325 863 νῦν,
2363 801 2531 873 ἑτέρῳ
2566 801 2611 853 δ’
2646 801 2725 864 είς
2753 796 2908 864 αὖθις
2931 803 3399 875 παραγινόμενος·
3439 805 3557 857 οὐδὲ
3586 807 3675 875 τῷ

2088 892 2185 962 μὲν
2217 892 2435 962 μᾶλλον,
2466 891 2545 961 τῷ
2591 891 2647 945 δὲ
2675 891 2895 945 ἔλαττον
2942 894 3238 953 ἐπιπνέων.
3299 894 3414 947 ἀλλ’
3460 897 3575 966 ἅμα
3608 915 3675 949 τε

2085 983 2179 1036 καὶ
2209 983 2423 1051 ἑκάστῳ
2452 981 2585 1052 ὁμοῦ
2618 981 2711 1035 καὶ
2740 982 3170 1053 διακεκριμένως
3200 984 3286 1036 ἀεὶ
3310 983 3508 1053 ὁμοίως
3543 988 3677 1037 ἐπι-

2084 1064 2345 1146 λάμπων,⁹
2374 1074 2540 1141 ,καθὰ
2592 1075 2684 1127 καὶ
2722 1076 2750 1128 ὁ
2805 1073 2976 1127 εἰπὼν
3018 1075 3254 1146 Κύριος·
3293 1094 3311 1125 ι
3348 1076 3483 1129 Μεθ’
3511 1078 3679 1146 ὑμῶν

2085 1168 2200 1235 εἰμι
2237 1166 2416 1230 πάσας
2438 1165 2536 1228 τὰς
2560 1166 2766 1236 ἡμέρας
2799 1166 2902 1229 ἕως
2925 1166 3025 1236 τῆς
3059 1166 3369 1229 συντελείας
3407 1166 3499 1219 τοῦ
3532 1168 3674 1219 αἰῶ-

2084 1275 2193 1320 νος.
2237 1276 2255 1309 ›
2300 1257 2453 1311 Ἐπεὶ
2496 1257 2570 1328 μή
2604 1273 2667 1326 γε
2696 1256 2883 1327 ἐπειδὴ
2912 1257 3067 1309 αὐτοὶ
3115 1256 3213 1327 τὴν
3246 1257 3374 1327 παρ’
3443 1257 3672 1327 Ἰωάννῃ

2085 1349 2344 1420 κειμένην
2379 1348 2653 1418 θεολογίαν
2679 1350 2806 1421 περὶ
2838 1348 2931 1401 τοῦ
2971 1348 3286 1419 Πνεύματος
3344 1348 3475 1401 ἔνθα
3520 1344 3670 1409 εἷπε,

2091 1460 2110 1492 ι
2144 1441 2368 1512 Πνεῦμα
2405 1444 2434 1495 ὁ
2472 1441 2624 1506 Θεὸς,
2658 1461 2677 1493 ι
2715 1441 3114 1512 μεταφέρουσιν
3164 1444 3243 1505 εἰς
3288 1440 3379 1494 τὸν
3409 1441 3544 1494 Θεὸν
3576 1444 3672 1494 καὶ

2084 1534 2323 1604 Πατέρα,
2361 1534 2610 1603 λέγοντες
2645 1532 2734 1586 διὰ
2772 1532 2833 1586 τὸ
2859 1528 2997 1586 εἶναι
3047 1533 3271 1605 Πνεῦμα
3316 1533 3481 1587 αὑτὸν
3524 1532 3672 1586 οὕτω

2083 1623 2412 1697 γεγράφθαι.
2441 1622 2561 1676 Ἔτι
2592 1622 2648 1676 δὲ
2676 1623 2860 1695 ἐπειδὴ
2886 1624 3194 1695 γέγραπται
3223 1624 3337 1689 καὶ,
3382 1643 3402 1674 ι
3441 1624 3669 1695 Πνεῦμα

2085 1714 2176 1769 τοῦ
2216 1714 2508 1786 προσώπου
2539 1715 2697 1787 ήμῶν
2723 1714 2955 1785 Χριστὸς
2985 1716 3190 1787 Κύριος
3214 1733 3229 1747 ·
3267 1737 3285 1768 ι
3324 1712 3435 1787 ἆρα
3457 1718 3668 1770 καὶτὸν

401 1816 559 1870 alteri
588 1830 716 1870 vero
745 1814 797 1867 in
836 1813 1093 1884 Hispania
1142 1812 1278 1883 (95),
1330 1810 1488 1866 alteri
1531 1820 1711 1865 autem
1754 1811 1823 1864 ab
1862 1810 1949 1878 ipsi

2124 1808 2321 1880 ζατέρα,
2348 1808 2555 1861 καὶτὸν
2586 1808 2738 1872 Υίὺν,
2767 1809 2861 1861 ἆτε
2893 1809 3139 1879 Πνεῦμα,
3168 1811 3278 1873 τοῖς
3323 1809 3505 1872 ἄλλοις
3539 1827 3665 1862 συν-

472 1996 584 2067 (91)
621 1994 998 2049 Corroboram.
1030 1992 1232 2059 Codex,
1264 1992 1617 2065 ἐπιρωννύων
1658 2006 1757 2064 pro
1823 1990 1981 2063 ἐπιρσ

402 2065 676 2139 ῥωννμύωντ

473 2136 585 2205 (92)
641 2134 1036 2206 Apostolorum.
1091 2134 1329 2206 Apostoli
1382 2151 1578 2189 nomen
1656 2152 1761 2190 non
1820 2139 1981 2195 modo

401 2206 682 2262 duodecim
715 2205 838 2269 illis,
895 2206 1089 2273 quibus
1136 2221 1167 2259 a
1215 2206 1435 2259 Christo
1484 2208 1619 2274 ipso,
1669 2218 1855 2275 utpote
1908 2212 1976 2264 ab

400 2277 496 2333 illo
527 2294 547 2328 ι
584 2276 818 2337 missis,»
860 2276 1168 2344 impositum
1199 2275 1319 2341 fuit,
1351 2278 1443 2329 sed
1497 2278 1617 2331 aliis
1667 2282 1829 2332 etiam
1878 2282 1977 2335 tri-

400 2347 588 2402 butum
619 2357 720 2401 est.
756 2344 888 2399 Nam
916 2355 971 2400 et
1014 2345 1239 2409 Paulus,
1291 2356 1344 2400 et
1394 2346 1669 2401 Barnabas
1718 2349 1978 2403 honorifi-

401 2417 716 2472 centissime
745 2430 810 2470 eo
844 2416 999 2471 titulo
1049 2433 1171 2473 cum
1218 2433 1246 2469 a
1277 2416 1486 2480 Graeca,
1532 2428 1641 2471 tum
1696 2433 1725 2472 a
1780 2419 1973 2474 Latina

401 2488 642 2542 Ecclesia
670 2486 913 2556 insigniti
946 2499 1093 2541 sunt.
1129 2486 1206 2540 Ac
1239 2486 1434 2541 Paulus
1466 2489 1577 2555 ipse
1623 2490 1671 2541 iu
1702 2489 1873 2558 Epist.
1906 2491 1974 2545 ad

392 2557 635 2629 Philipp.
670 2573 790 2626 cap.
827 2572 887 2620 ιι,
916 2571 1060 2629 vers.
1089 2558 1181 2622 25,
1210 2559 1276 2611 de
1315 2558 1679 2627 Epaphrodito
1730 2557 1972 2629 loquens,

406 2646 427 2680 ι
461 2627 707 2683 Vestrum
731 2638 932 2697 autem,
967 2628 1159 2697 inquit,
1206 2629 1503 2697 apostolum
1534 2648 1546 2682 :
1580 2647 1597 2679 ι
1663 2639 1717 2684 et
1765 2627 1975 2685 Salvia-

399 2713 504 2753 nus
525 2699 578 2753 in
607 2700 780 2766 primo
805 2696 880 2769 De
906 2696 1276 2769 gubernatione
1302 2698 1397 2752 Dei
1426 2714 1444 2751 :
1473 2718 1491 2749 ι
1523 2699 1775 2769 Legimus
1792 2702 1973 2756 'l‘imo-

403 2769 590 2822 theum
631 2767 931 2836 apostolum
962 2782 1125 2823 carne
1153 2768 1575 2822 inﬁrmissimum
1607 2767 1823 2825 fuisse:
1868 2791 1885 2821 ι
1918 2780 1975 2825 et

402 2836 768 2909 Ilieronyinus
797 2837 851 2890 in
887 2836 1191 2909 Chronico:
1255 2856 1273 2889 ι
1303 2837 1566 2907 Reliquiae
1610 2841 1841 2909 apostoli
1879 2841 1973 2894 Ti-

399 2908 600 2962 mothei
616 2906 1143 2975 Constantinopolim
1173 2911 1395 2963 invectae
1419 2906 1486 2960 τί»
1513 2916 1568 2963 et
1592 2906 1829 2964 Joannes
1876 2911 1975 2965 XX

402 2977 463 3050 Si.
499 2976 795 3050 blartialeui
830 2979 1130 3050 apostolum
1167 2980 1230 3050 in,
1273 2979 1499 3047 epistola
1549 2995 1643 3033 sua
1689 2995 1974 3050 nuncupa-

401 3049 499 3102 vit.
531 3047 783 3113 Quinimo
815 3063 843 3100 a
870 3046 1073 3102 Graecis
1127 3046 1517 3103 inulto’adbue
1596 3049 1806 3105 facilius
1858 3046 1977 3106 cre-

401 3119 660 3187 briusque
686 3118 1012 3187 apostolicos
1043 3119 1187 3172 viros
1225 3138 1242 3169 ι
1276 3119 1501 3187 apostoli
1537 3136 1555 3171 ι
1599 3120 1754 3174 titulo
1801 3123 1972 3177 dona-

2099 1990 2245 2061 regio
2273 1990 2519 2044 crebrius
2550 2005 2577 2061 a
2610 1990 2838 2043 vetustis
2866 1989 3219 2058 scriptoribus
3270 1989 3476 2045 Grzecis
3520 1994 3666 2047 dica-

2094 2059 2240 2130 ιυιῖὴ
2288 2062 2499 2133 Ἰνδική,
2541 2059 2805 2133 Jgsephus
2834 2062 3205 2133 lallieli‘eliulll
3246 2061 3297 2114 itt
3350 2063 3525 2129 primo
3558 2066 3665 2117 An-

2090 2129 2414 2202 tiquitatum,
2466 2129 2519 2185 et
2561 2129 2850 2202 Polyaenus
2905 2129 3103 2202 ’Ἰνδίαν
3163 2133 3434 2186 dixerunt.
3501 2135 3666 2189 India:

2088 2199 2250 2269 porro
2284 2203 2500 2255 nomine
2536 2199 2813 2269 EthiOpia
2842 2200 3007 2253 etiam
3063 2203 3309 2255 denotata
3342 2214 3427 2256 est
3475 2220 3503 2257 τι
3562 2203 3664 2257 Pa-

2086 2273 2298 2345 tribus:
2338 2282 2499 2345 atque
2535 2273 2585 2324 in
2622 2272 2723 2325 hac
2752 2269 3013 2345 Thomam
3066 2273 3364 2345 apostolum
3418 2274 3663 2345 Evange-

2083 2341 2212 2395 lium
2247 2342 2570 2412 praedicasse
2601 2352 2826 2396 censent
2860 2341 3065 2410 plures.
3100 2340 3205 2397 Sed
3250 2344 3361 2397 haec
3388 2345 3481 2398 alii
3512 2340 3663 2400 vide-

2084 2417 2212 2484 rlnt.
2247 2414 2397 2480 Quod
2429 2413 2717 2484 attinetad
2753 2413 2896 2484 hunc
2926 2412 3123 2476 locum,
3164 2413 3375 2466 videtur
3404 2415 3662 2484 Didymus

2082 2482 2285 2538 Indiam
2340 2484 2555 2553 proprie
2607 2483 2806 2536 dictam
2868 2482 3175 2552 designare,
3232 2484 3389 2553 binos
3448 2482 3663 2541 scilicet

2081 2554 2193 2627 noti
2234 2551 2361 2627 tunc
2399 2553 2709 2627 orbistines
2739 2551 3013 2621 spectans,
3060 2554 3188 2607 dum
3241 2551 3451 2609 Indiam
3497 2568 3661 2627 atque

2081 2623 2393 2692 Hispaniam
2435 2624 2694 2677 nominat.

2154 2693 2266 2764 (94)
2302 2694 2535 2769 Degenti.
2569 2693 2681 2748 lloc
2716 2692 2832 2764 ipso
2859 2692 3028 2769 verbo
3062 2710 3194 2769 usus
3224 2703 3344 2752 erat
3372 2694 3661 2769 theologus

2084 2775 2272 2821 noster
2301 2765 2353 2819 in
2385 2768 2524 2830 loco,
2559 2779 2719 2833 quem
2751 2765 2908 2819 attuli
2940 2776 3057 2819 not.
3090 2764 3179 2829 80,
3217 2781 3338 2835 pag.
3377 2768 3518 2822 1'55:
3563 2764 3657 2823 ubi

2083 2838 2227 2889 enim
2272 2836 2416 2888 edita
2466 2836 2797 2905 exemplaria
2838 2836 3064 2903 habent,
3116 2854 3134 2888 ι
3168 2838 3367 2902 oranti,
3402 2856 3421 2890 ι
3458 2838 3657 2895 biblio-

2085 2906 2251 2976 thecae
2279 2916 2475 2959 nostra:
2501 2906 2668 2959 codex
2700 2921 2834 2976 ms,
2853 2905 3040 2976 habet.
3103 2926 3121 2958 r
3158 2911 3412 2961 moranti.
3444 2928 3463 2961 ι
3528 2910 3660 2976 Qua:

2082 2974 2246 3046 lcetio
2286 2977 2518 3045 genuina
2554 2976 2787 3031 videtur.
2820 2975 2930 3031 Nec
2969 2978 3075 3031 alia
3113 2977 3340 3033 fortasse
3386 2988 3471 3033 est
3514 2974 3657 3046 apud

2084 3045 2472 3116 Hieronymum
2522 3047 2847 3115 significatio
2911 3050 3082 3115 verbi,
3135 3066 3155 3098 ι
3194 3045 3586 3116 requiesceret,
3636 3072 3651 3102 ι

2084 3115 2223 3170 libro
2253 3115 2590 3171 x’commeut.
2611 3119 2664 3187 in
2688 3116 2914 3182 Isaiam,
2934 3132 3056 3185 cap.
3084 3132 3250 3182 xxxv,
3272 3115 3394 3187 pag.
3416 3120 3544 3184 uti,
3569 3123 3655 3175 ubi

404 3166 658 3249 5.33.;
688 3166 1185 3255 ῐιῖιξιῖίιᾚῖιῖιιιέιιέζ
1207 3166 1974 3247 Maura}.“iia'eié‘eaas
2000 3166 2045 3225 ο
2076 3166 2589 3256 ἱιῶἑιίέέῐιίἰιῦἷέἾ
2604 3166 3217 3253 arari."tritas}:'
3236 3166 3394 3243 ἒιῖιῖἶέ
3427 3166 3519 3243 ad
3531 3166 3544 3184 ’
3561 3166 3655 3245 fui

402 3257 455 3331 in
484 3269 675 3327 quarto
708 3256 1111 3331 Strontatunbo
1136 3258 1430 3331 ἀπόστολος
1476 3260 1730 3331 Κλήμης,
1780 3263 1973 3329 inquit,

400 3328 454 3383 id
494 3339 576 3384 est
609 3329 958 3400 girapostolus
1008 3328 1276 3383 Clemens.
1310 3350 1328 3382 ι
1360 3330 1425 3383 Et
1476 3328 1734 3400 Didymus
1792 3328 1976 3387 uester

398 3413 570 3470 segm.
603 3398 671 3453 95
700 3399 749 3461 ὁ,
781 3399 1113 3470 Stephanum
1154 3400 1285 3454 dicit
1323 3419 1341 3451 ι
1370 3398 1791 3469 duplicicomna
1829 3404 1968 3455 redi-

398 3469 613 3541 mitum,
640 3469 972 3541 apostolatus
1005 3478 1059 3523 et
1098 3471 1372 3541 martyrii.
1408 3490 1425 3520 ι
1473 3470 1530 3523 In
1592 3471 1798 3527 Graecis
1846 3488 1974 3526 vero

402 3538 720 3610 Mettoiogiis
757 3549 852 3594 aut
906 3538 1409 3595 Kalendariis'nihil
1454 3543 1689 3596 occurrit
1725 3541 1974 3610 frequen-

399 3612 529 3666 tius.
555 3608 813 3683 Na’m,_ut
833 3610 970 3683 nihii
990 3612 1163 3683 dicam
1197 3611 1277 3683 de,
1305 3610 1678 3681 Hemerolngio
1708 3613 1798 3667 illo
1824 3608 1971 3683 quod

398 3681 686 3750 quotannis
718 3680 892 3736 (ἔναιεςί
931 3680 1168 3735 Venetiis
1218 3682 1404 3745 edunt,
1459 3684 1509 3736 in
1550 3680 1862 3750 Mlenologio'
1897 3699 1969 3737 xu

396 3750 601 3816 saeculi,
640 3754 782 3819 quod
818 3752 871 3805 in
905 3760 1087 3806 nostra
1130 3751 1189 3805 S.
1236 3752 1535 3808 Salvatoris
1581 3754 1835 3808 Bononia:
1885 3754 1967 3807 bi-

395 3822 662 3876 bliotheca
704 3831 902 3885 exstat,
953 3822 1018 3875 ad
1065 3824 1205 3877 diem
1258 3839 1311 3877 tx
1351 3820 1604 3877 Octobris
1646 3824 1807 3891 lego:
1864 3824 1970 3878 Τοῦ

393 3892 553 3960 ἁγίου
580 3892 877 3948 ἀποστόλου
909 3892 1175 3947 Φιλίππου
1205 3893 1297 3947 τοῦ
1328 3895 1445 3958 ἐνὸς
1462 3894 1569 3947 τῶν
1600 3896 1758 3959 ἑπτά,
1788 3895 1839 3948 id
1867 3908 1968 3961 est,

402 3980 431 4033 ι
461 3962 642 4017 Sancti
680 3964 907 4032 Philippi
938 3966 1162 4032 apostoli
1199 3966 1357 4019 unius
1403 3982 1433 4020 e
1468 3977 1693 4033 septem.
1732 3984 1750 4016 ι
1808 3967 1885 4019 Ac
1916 3967 1967 4019 in

396 4030 776 4102 Evangeliario
808 4030 872 4087 iit
897 4030 1075 4088 saeculi
1113 4034 1366 4087 Naniauzc
1412 4030 1747 4089 bibliotheca:
1779 4041 1967 4089 eodem

398 4102 551 4156 titulo
581 4104 907 4157 decorautur
957 4104 1014 4157 ὃ.
1069 4105 1374 4169 Quadratus
1412 4106 1478 4157 ad
1519 4106 1658 4158 diem
1714 4121 1804 4159 xxi
1867 4105 1968 4158 Se-

396 4171 677 4243 ptembris,
707 4174 765 4226 S.
798 4172 940 4227 Silas
970 4174 1037 4226 ad
1067 4188 1195 4243 xxix
1225 4173 1565 4238 Novembris,
1604 4178 1774 4229 sancti
1803 4176 1970 4228 llero-

395 4242 546 4305 dion,
575 4244 809 4311 Agabus,
847 4243 1038 4305 Rufus,
1068 4242 1326 4312 Phlegon,
1362 4254 1415 4299 et
1442 4244 1722 4313 Epaphras
1758 4248 1824 4298 ad
1870 4260 1965 4298 νιιι

394 4313 615 4382 Aprilis,
638 4327 708 4366 ac
730 4322 950 4367 sanctus
972 4313 1301 4367 Fortunatus
1333 4316 1398 4368 ad
1437 4330 1493 4367 ix
1519 4314 1685 4369 Junii.
1720 4314 1965 4378 Deinuin,

395 4393 455 4437 ut
495 4392 691 4437 ctrtera
740 4383 1044 4451 hujusmodi
1106 4396 1451 4438 monumenta
1512 4394 1849 4453 prmteream,
1913 4386 1967 4439 in

394 4454 502 4508 alio
531 4453 707 4508 adhuc
738 4454 1015 4507 vetustiori
1050 4454 1457 4521 Evangeliorum
1490 4457 1677 4508 codice
1700 4455 1965 4520 Naniano,

2084 3257 2373 3332 spanias...
2394 3268 2660 3332 pergeret,
2690 3268 2744 3332 et
2771 3260 3138 3332 unusquisque
3167 3259 3221 3313 in
3246 3259 3520 3332 Evangelii
3575 3268 3654 3319 sui

2076 3337 2241 3398 atque
2271 3330 2532 3398 doctrinae
2564 3330 2838 3397 provincia
2869 3331 3255 3398 requiesceret.
3295 3347 3315 3382 ι

2147 3397 2260 3472 (95)
2284 3397 2349 3451 In
2378 3397 2653 3472 Hispania.
2673 3398 2880 3472 Graece,
2911 3397 2968 3451 ὲν
2993 3400 3221 3472 Σπανίᾳ.
3247 3399 3452 3457 Biblico
3472 3413 3652 3459 autem

2076 3470 2319 3544 nomine,
2348 3478 2401 3523 et
2429 3469 2512 3523 sui
2568 3470 2747 3544 saeculi
2804 3469 3409 3544 scriptoribususitato
3463 3474 3653 3544 Πίερο-

2075 3540 2220 3617 niam
2258 3551 2451 3617 vocat‘:
2484 3554 2544 3617 ea
2576 3541 2731 3617 enini
2756 3555 2784 3593 a
2832 3540 3076 3617 profanis
3093 3543 3478 3617 _scr_iptorihus
3516 3540 3653 3617 πη.

2077 3609 2189 3681 ρία,
2220 3619 2311 3663 aut
2345 3610 2582 3682 ξίϐηρία,
2614 3611 2681 3663 ab
2716 3610 2913 3665 lrenazo
2942 3612 2997 3663 αἱ
3040 3609 3293 3682 Ἰϐηρίαι,
3339 3613 3406 3667 ab
3435 3609 3654 3671 auctore

2077 3680 2299 3734 Secundi
2343 3680 2797 3745 Machabmorum,
2850 3682 3077 3741 aliisuue
3126 3680 3391 3747 Ἱσπανία,
3468 3689 3563 3740 sed
3626 3706 3651 3741 a

2075 3747 2244 3804 Paulo
2274 3751 2377 3813 bis,
2404 3753 2471 3805 ab
2521 3752 2819 3820 Athanasio
2872 3754 2924 3805 in
2968 3751 3207 3820 Epistola
3257 3756 3325 3806 ad
3367 3755 3652 3811 Iovianum

2074 3823 2461 3888 imperatorem,
2492 3831 2623 3876 tom.
2661 3819 2724 3888 ll,
2757 3838 2879 3891 pag.
2914 3819 3041 3887 783,
3078 3839 3106 3876 a
3146 3824 3505 3880 Constantino
3556 3832 3651 3883 im-

2072 3902 2326 3962 peratore
2362 3893 2416 3962 in
2453 3892 2681 3959 epistola
2721 3894 2997 3962 encyclica
3029 3897 3097 3948 ad
3131 3909 3321 3949 omnes
3354 3896 3647 3961 Ecclesias,

2073 3976 2103 4013 a
2136 3961 2352 4015 Gelasio
2378 3960 2666 4032 Cyziceno,
2697 3960 2858 4031 atque
2882 3964 2952 4017 ab
2981 3964 3120 4030 aliis;
3157 3967 3210 4018 in
3264 3964 3475 4023 Graecis
3522 3984 3650 4025 vero

2071 4032 2425 4086 conciliorum
2453 4035 2599 4087 circa
2632 4033 2841 4103 Didymi
2876 4045 3119 4103 tempora
3152 4034 3460 4091 habitorum
3499 4040 3650 4094 Actis

2069 4102 2272 4169 passim
2297 4103 2505 4177 Σπανία
2527 4102 2759 4177 dicitur:
2782 4119 2885 4171 qua
2914 4102 3122 4159 ratione
3158 4108 3299 4172 apud
3323 4106 3647 4177 Gregorium

2068 4186 2285 4241 quoque
2323 4173 2570 4243 Magnum
2611 4174 2837 4241 legimus
2873 4177 2923 4229 in
2961 4178 3122 4244 epist.
3160 4177 3260 4231 “5
3302 4177 3397 4232 lib.
3439 4173 3522 4244 ῖς,
3570 4183 3649 4235 vel

2069 4255 2155 4319 exp.
2205 4243 2275 4295 45
2321 4244 2594 4319 xm:
2650 4263 2667 4294 ι
2700 4245 2859 4298 Ειιιιιί
2910 4248 2961 4298 in
2996 4243 3284 4315 ’Spaniatn.
3317 4265 3337 4299 ι
3394 4249 3461 4302 Et
3510 4257 3649 4319 apud

2069 4310 2294 4386 Beatum
2322 4314 2714 4386 Liebanensem
2749 4310 3124 4386 presbyterum
3163 4319 3216 4372 in
3245 4310 3649 4376 commenta-riis

2068 4383 2122 4462 in
2144 4385 2547 4462 dpggalypsim:
2586 4404 2605 4435 ι
2636 4383 3165 4462 Jaephttsﬁpatiia.)
3203 4387 3269 4442 Et
3297 4391 3348 4443 in
3374 4392 3649 4462 Martyro-

2068 4450 2210 4534 iogio
2234 4450 2514 4534 Bluuiano,
2548 4458 2705 4534 quod
2713 4450 3040 4534 Benedictus
3069 4458 3320 4534 Clemens
3348 4450 3636 4534 Arostégui

394 4523 693 4597 uncialibus
718 4524 915 4597 litteris
944 4525 1165 4597 scripto,
1194 4513 1260 4597 ad
1306 4539 1322 4577 ι
1351 4525 1598 4597 Octobris
1645 4525 1786 4597 diem
1836 4513 1968 4597 legi;
1996 4513 2042 4568 D
2072 4513 2541 4597 invdissertatioue
2566 4513 2896 4597 eruditionis
2923 4513 3102 4597 plena,
3128 4549 3146 4581 ι
3179 4534 3243 4584 de
3292 4513 3647 4587 Jacobi—uita;

394 4607 521 4650 tur:
554 4596 649 4658 Εἰς
672 4596 773 4667 τὴν
810 4596 1031 4667 μνήμην
1056 4596 1151 4648 τοῦ
1190 4596 1344 4664 ἁγίου
1367 4595 1661 4648 ἀποστόλου
1702 4595 1965 4661 Ἀνανίου,

392 4668 444 4721 id
470 4677 575 4731 est,
619 4685 638 4717 ι
668 4665 773 4720 Pro
809 4665 1323 4722 commemoratione
1355 4668 1525 4720 sancti
1563 4668 1786 4735 apostoli
1825 4668 1970 4720 Ana-

390 4741 513 4793 niae.
550 4756 568 4789 ι
613 4738 867 4807 Idemque
933 4737 1128 4807 ibidem
1168 4739 1363 4807 titulus
1412 4736 1665 4790 tribuitur
1694 4736 1753 4791 S.
1814 4736 1970 4791 Luca:

394 4810 481 4863 die
510 4824 643 4863 xvnt
669 4806 940 4870 Octobris,
970 4815 1023 4861 et
1050 4806 1109 4861 S.
1149 4806 1405 4862 Onesimo
1435 4810 1521 4861 die
1553 4823 1620 4860 xv
1659 4807 1964 4862 Februarii.

390 4877 546 4934 Hunc
574 4895 736 4948 porro
776 4880 1014 4934 codicem
1046 4881 1240 4933 saeculo
1278 4894 1374 4933 vui
1430 4888 1710 4933 exaratum
1757 4877 1970 4932 censuit

391 4950 481 5013 qui
508 4965 629 5003 eum
660 4960 788 5004 ante
817 4965 904 5004 me
940 4950 1193 5017 inspexit,
1234 4953 1329 5004 sed
1354 4966 1476 5003 cuni
1516 4950 1585 5003 ibi
1634 4950 1692 5003 S.
1731 4948 1969 5019 lgnatius

388 5019 1020 5088 Constantinopolitanus
1051 5021 1359 5089 patriarcha
1396 5032 1854 5074 commemoretur
1901 5020 1967 5073 ad

388 5090 531 5143 diem
564 5105 697 5143 mit
751 5090 1020 5154 Octobris,
1072 5093 1272 5145 idcirco
1314 5101 1439 5144 ante
1466 5093 1720 5144 saeculum
1756 5106 1789 5143 x
1834 5091 1970 5143 scri-

389 5170 514 5227 ptus
560 5175 664 5212 non
697 5159 835 5215 fuit:
873 5161 1038 5215 libros
1067 5162 1208 5215 enim
1234 5162 1387 5215 chori
1416 5162 1532 5214 usui
1563 5162 1863 5214 destinatos
1886 5159 1968 5213 vel

391 5243 563 5296 usque
594 5232 661 5282 ad
719 5246 773 5285 ιι
826 5232 1079 5284 saeculum
1127 5232 1431 5287 uncialibus
1487 5232 1682 5285 litteris
1728 5231 1969 5285 scribere

390 5310 748 5368 perrexerunt
810 5298 1035 5354 librarii.
1088 5299 1205 5355 Jam
1257 5318 1386 5357 vero
1444 5303 1546 5357 etsi
1604 5303 1718 5356 haec
1784 5302 1858 5355 ita
1910 5313 1970 5354 se

392 5370 648 5439 habeant,
707 5385 865 5423 nemo
912 5380 1090 5424 tanien
1151 5372 1494 5435 inliciabitur,
1553 5388 1675 5427 cum
1740 5370 1967 5439 apostoli

392 5441 518 5512 sine
568 5438 946 5512 additamenta
1000 5442 1368 5512 nominantur,
1424 5443 1707 5497 duodecim
1764 5438 1880 5496 illos
1938 5457 1966 5494 a

390 5510 609 5582 Christo
635 5510 863 5582 Domitio
900 5510 1103 5582 electos
1154 5513 1417 5582 intelligi:
1452 5529 1559 5582 quo
1589 5528 1752 5568 sensu
1803 5513 1969 5581 Didy-

393 5595 514 5652 nius
542 5580 594 5633 iu
631 5580 767 5652 libro
796 5579 874 5634 De
898 5578 1041 5645 Spir.
1068 5581 1151 5647 S.,
1186 5578 1425 5648 ιιιιιιιῖὅ,
1456 5578 1531 5637 ait
1562 5600 1575 5635 :
1616 5602 1634 5633 ι
1664 5585 1721 5637 In
1755 5578 1971 5652 aposto-

392 5650 461 5704 lis
509 5651 831 5723 caterisque
886 5652 1186 5720 discipulis.
1228 5671 1245 5704 ι
1300 5655 1609 5723 Eodemque
1668 5650 1827 5707 modo
1875 5668 1969 5707 no-

393 5734 514 5792 men
527 5722 908 5792 _apostolorum
937 5723 1307 5792 accipiendum
1332 5726 1418 5777 hic
1448 5722 1569 5779 esse
1594 5725 1868 5779 existimo.

466 5790 579 5861 (95)
608 5789 677 5847 In
711 5791 888 5849 India.
918 5789 1126 5862 Graece,
1156 5796 1214 5850 ὲν
1277 5794 1455 5866 Ἰνδίᾳ.
1512 5795 1623 5851 Etsi
1677 5804 1855 5851 autem
1905 5810 1968 5852 ea

2065 4592 2202 4667 juris
2228 4594 2683 4667 praedicationem
2712 4592 2989 4667 Hispania,
3022 4620 3040 4652 ι
3089 4604 3221 4655 citat
3263 4618 3331 4655 ex
3379 4602 3647 4659 Florenti-

2068 4665 2163 4719 uio
2192 4685 2205 4720 :
2235 4684 2252 4714 ι
2274 4665 2714 4742 _Hie___Spaniaui,
2759 4665 2824 4723 et
2855 4671 3207 4726 occidentalia
3235 4671 3349 4726 loca
3386 4676 3645 4742 praedica-

2072 4743 2177 4814 tur,
2212 4753 2230 4787 ι
2272 4736 2468 4814 Deiliu
2506 4748 2684 4791 autem
2727 4742 2993 4814 apostolo,
3040 4757 3200 4811 quem
3254 4736 3517 4814 Didymus
3560 4747 3647 4800 hic

2069 4805 2431 4881 it.id-i_cat,‘_dixi
2453 4807 2508 4881 in_
2532 4807 2746 4881 mea‘ad
2766 4805 3075 4866 Arcltintum
3098 4805 3379 4880 prwsulen't
3402 4818 3642 4881 epistola.

2067 4873 2206 4930 Nulli
2231 4877 2441 4931 scilicet
2461 4878 2616 4931 alteri
2653 4878 2865 4948 Didymi
2897 4882 3058 4936 verba
3087 4873 3282 4937 melius
3315 4873 3645 4939 conveniunt

2068 4961 2228 5020 quam
2269 4948 2319 5000 ei
2352 4948 2442 5016 qui
2473 4962 2537 5001 ex
2567 4950 2847 5004 duodecim
2886 4953 3143 5020 apostolis
3180 4970 3315 5008 unus
3336 4959 3639 5019 exstiterit;

2068 5018 2159 5085 qui
2188 5018 2329 5092 inter
2357 5032 2450 5092 eos
2478 5033 2716 5087 praesens
2768 5018 2937 5075 fuerit
2980 5039 3117 5092 quos
3165 5024 3417 5080 Christus
3465 5028 3638 5079 Domi-

2066 5101 2171 5141 nus
2198 5088 2592 5156 alloquebatur,
2641 5105 2760 5144 cuni
2805 5093 2901 5157 ait,
2958 5088 3177 5149 ("Erilis
3220 5097 3349 5149 mihi
3408 5106 3639 5151 testes...

2071 5161 2337 5236 usque-ad
2367 5168 2669 5236 extremum
2703 5164 3029 5236 terraetAct.
3081 5182 3121 5231 ι,
3161 5166 3239 5235 8),
3269 5185 3286 5216 ι
3344 5183 3401 5220 ιιι
3451 5169 3642 5236 colligo

2067 5241 2135 5303 ex
2178 5230 2336 5303 hujus
2384 5230 2591 5300 Didymi
2643 5230 2741 5285 loci
2786 5233 3072 5289 collatione
3106 5230 3242 5290 cuin
3276 5254 3426 5291 num.
3461 5238 3495 5291 6
3523 5230 3638 5293 libri

2068 5296 2272 5375 Desp.
2301 5296 2511 5364 sancto;
2549 5302 2644 5375 qui
2672 5319 2736 5355 ex
2762 5318 2949 5358 eorum
3001 5323 3228 5362 numero
3269 5311 3336 5361 sit
3388 5324 3527 5375 quos
3572 5328 3588 5359 ι
3612 5324 3639 5360 a

2072 5369 2495 5449 Spiritu_s_at_icto
2527 5391 2547 5424 ι
2582 5374 2648 5425 ad
2671 5377 3101 5449 concionanduin
3133 5369 3564 5449 νενεμημένους,
3590 5380 3638 5432 id

2070 5449 2154 5494 est
2188 5458 2220 5517 ¢_
2245 5441 2559 5517 distributos
2588 5459 2804 5517 )“VOCIH
2840 5447 3122 5517 Didymus,
3165 5441 3271 5503 tui"
3299 5441 3509 5505 seilieet
3546 5451 3637 5503 lli-

2069 5512 2257 5588 spania
2290 5513 2346 5565 in
2376 5527 2439 5588 ea
2467 5514 2850 5588 distributione
2891 5512 2988 5585 per
3020 5523 3290 5588 apostolos
3342 5519 3491 5575 facta
3546 5523 3637 5575 ob-

2073 5583 2285 5659 tigerit;
2342 5586 2431 5659 qui
2487 5587 2706 5659 demum
2763 5588 2814 5642 in
2874 5583 3131 5659 Hispania
3180 5592 3398 5645 biennio
3447 5593 3636 5647 saltem

2071 5663 2163 5729 aut
2206 5655 2437 5729 triennio
2481 5656 2702 5729 διάγων,
2752 5660 2803 5713 id
2845 5672 2928 5714 est
2970 5655 2998 5712 ἰ
3030 5673 3395 5716 commoratus
3430 5682 3448 5714 ι
3500 5678 3635 5721 esse,

2071 5723 2255 5801 ibique
2278 5723 2636 5801 iﬂvangeliuin
2674 5731 2995 5797 praedicasse
3034 5733 3139 5787 dici
3190 5743 3373 5800 queat.
3425 5736 3497 5786 At
3538 5735 3633 5787 hu-

2064 5797 2305 5862 iusmodi
2338 5811 2561 5865 magnus
2588 5801 2673 5855 ille
2705 5804 3077 5858 universarum
3102 5797 3337 5873 genitum
3364 5805 3635 5879 apostolus
