3766 6308
419 266 527 333 ’491

1677 272 1911 329 ΠΙΒΥΜΙ
1949 277 1989 329 Α

2103 276 2417 331 {ANDRlNl
3593 283 3680 340 592

429 390 595 442 verba
643 396 943 458 repetentes
974 391 1223 461 inquiunt
1258 412 1271 447 :
1330 392 1467 447 Deus
1507 390 1735 446 Verbum
1780 404 1995 449 vocatus

2104 392 2525 462 ἀναστρέφοντες
2580 389 2835 454 πολλάκις
2890 390 2957 444 τὰ
3006 391 3144 445 αὑτὰ
3192 393 3451 463 ῥήματα,
3491 398 3676 462 φασίν·

430 491 511 535 est
558 480 897 550 Unigenitus,
940 482 1065 552 quia
1102 482 1337 554 Spiritus
1366 494 1585 540 sanctus
1612 500 1677 539 ex
1720 484 1993 556 hypostasi

430 567 609 624 Patris
637 585 740 624 non
770 572 1027 627 exsistit:
1079 573 1316 644 alioquin
1364 577 1476 644 ipse
1506 576 1723 645 quidem
1770 591 1993 632 vocatus

430 675 539 716 non
569 658 756 715 fuisset
780 659 1128 731 Unigenitus;
1166 665 1399 734 Spiritus
1429 682 1557 722 vero
1582 676 1803 722 sanctus
1839 683 1997 722 voca-

434 762 520 807 tus
551 752 740 807 fuisset
771 754 938 824 ipsius
982 754 1147 811 frater
1194 756 1294 829 (5).
1332 757 1406 812 lta
1446 758 1659 828 quidem
1707 759 1782 812 illi
1825 760 1996 813 disse-

432 855 579 911 runt,
626 862 688 901 ac
749 848 957 917 seipsos
1009 850 1240 917 produnt
1288 850 1368 904 vel
1424 851 1525 905 sibi
1582 851 1713 920 ipsis
1766 852 1997 906 dissimi-

434 938 512 993 les
546 940 647 1008 (4),
684 940 823 993 sicut
852 941 930 995 eis
954 942 1229 997 dissimilis
1271 953 1354 997 est
1389 944 1611 998 veritas.
1650 944 1995 1013 Unigenitum

431 1030 569 1084 dixit
623 1030 899 1100 Scriptura
952 1030 1169 1096 Filium,
1217 1044 1326 1087 tum
1380 1036 1505 1105 quia
1555 1036 1702 1090 solus
1730 1052 1797 1089 ex
1830 1037 1997 1106 hypo-

431 1124 561 1177 stasi
594 1122 770 1176 Patris
819 1124 1027 1193 genitus
1072 1123 1191 1189 fuit,
1243 1141 1344 1179 non
1392 1142 1519 1182 vero
1567 1128 1847 1196 processit,
1890 1129 1997 1183 sic-

430 1223 489 1266 ut
545 1213 774 1281 Spiritus
824 1225 1072 1278 sanctus;
1130 1224 1238 1269 tum
1300 1218 1424 1286 quia
1484 1218 1773 1274 excludere
1828 1220 1997 1275 voluit

429 1303 804 1359 haereticorum
863 1306 1269 1375 blasphemias,
1323 1311 1415 1377 qui
1464 1325 1585 1363 eum
1644 1309 1831 1365 dicunt
1879 1326 1997 1365 esse

430 1406 759 1463 creaturam,
812 1404 867 1451 et
903 1396 1091 1458 lilium,
1143 1398 1283 1452 sicut
1328 1414 1427 1453 nos
1480 1415 1685 1454 sumus.
1738 1398 1994 1469 Spiritum

429 1500 607 1542 autem
642 1500 887 1544 sanetum
926 1491 999 1544 ait
1029 1490 1305 1560 Scriptura
1345 1508 1509 1545 unum
1540 1504 1595 1546 et
1635 1493 1811 1547 solum
1852 1509 1994 1559 esse,

432 1590 540 1632 tum
574 1581 698 1649 quia
719 1582 879 1635 unico
908 1582 984 1652 (5)
1017 1584 1272 1651 quodam,
1306 1592 1360 1637 et
1389 1584 1650 1653 singulari
1686 1585 1846 1637 modo
1882 1585 1997 1653 ipse

430 1670 691 1737 processit
728 1685 793 1723 ex
831 1670 920 1723 Dei
958 1681 1012 1724 et
1057 1671 1231 1724 Patris
1265 1672 1556 1741 bypostasi,
1590 1687 1696 1726 non
1745 1687 1875 1726 vero
1902 1688 1996 1742 ge-

2098 483 2405 554 Μονογενὴς
2461 482 2660 553 ἐκλήθη
2713 486 2740 536 6
2796 483 2927 546 Θεὸς
2961 484 3152 551 Λόγος,
3204 484 3404 555 ἐπειδὴ
3435 486 3496 537 τὸ
3543 488 3679 553 ἄγω

2100 572 2325 642 Πνεῦμα
2348 574 2446 624 οὑκ
2478 573 2541 625 ἐκ
2570 573 2668 642 τῆς
2715 574 3061 636 ὑποστάσεώς
3108 578 3249 627 ἐστιν
3311 576 3417 627 τοῦ
3462 578 3675 648 Harp/4.

2111 662 2261 714 Ἐπεὶ
2295 661 2458 724 αὑτὸς
2513 664 2611 732 μὲν
2664 664 2763 716 οὑκ
2814 664 2877 717 ἂν
2927 664 3118 734 ἐλέχθη
3162 667 3524 737 Μονογενὴς,
3556 670 3611 721 τὸ
3634 671 3679 723 δὲ

2099 753 2253 821 ἆγιον
2319 753 2545 825 Πνεῦμα
2606 756 3018 826 προσηγορεύθη
3077 757 3142 809 ἂν
3202 757 3442 827 ἀδελφὸς
3510 762 3677 817 αὑτοῦ,

2111 847 2334 898 Ἐκεῖνοι
2362 846 2458 916 μὲν
2489 845 2681 909 οὕτως,
2711 848 2802 899 καὶ
2826 848 2959 919 πρὸς
2994 850 3216 912 ἑαυτοὺς
3242 851 3677 919 ἁνομοιοὺμεκοι,

2097 939 2130 1007 ἡ
2161 937 2216 990 δὲ
2246 937 2470 1008 ἀλήθεια
2496 938 2628 1008 πρὸς
2654 938 2867 1000 αὑτούς.
2903 940 3209 1010 Μονογενὴς
3233 941 3576 1011 γέγραπται.
3604 944 3677 995 6:1

2098 1047 2157 1083 τε
2192 1030 2249 1083 τὸ
2279 1030 2439 1102 μόνον
2464 1030 2787 1100 γεννηθῆναι
2815 1032 2877 1081 ἐκ
2909 1029 3005 1098 τῆς
3046 1032 3408 1095 ὑποστάσεως
3436 1034 3531 1085 τοῦ
3585 1037 3676 1087 Πι-

2097 1121 2244 1193 τρὸς,
2275 1121 2365 1173 καὶ
2400 1121 2473 1191 μὴ
2500 1120 2915 1191 ὲκπορευθῆναι,
2949 1120 3022 1182 ὡς
3049 1121 3107 1172 τὸ
3134 1121 3283 1187 ἅγιον
3313 1122 3576 1193 Πνεῦμα’
3600 1125 3672 1180 διὰ

2096 1230 2155 1265 τε
2186 1213 2246 1266 τὸ
2283 1212 2667 1266 ἀποκλείεσθαι
2696 1212 2795 1275 τὰς
2827 1212 3174 1282 βλασφημίας
3227 1215 3556 1285 αἱρετικῶν,
3604 1215 3674 1266 λε-

2097 1305 2299 1373 γόντων
2326 1306 2486 1358 αὑτὸν
2520 1304 2722 1375 κτίσμα
2753 1305 2844 1357 καὶ
2872 1305 3003 1367 υἱὸν,
3035 1304 3110 1367 ὥς
3154 1306 3323 1375 ἐσμεν
3360 1307 3543 1376 ἡμεῖς.
3582 1308 3672 1360 Καὶ

2097 1396 2157 1450 τὸ
2186 1396 2339 1465 ἅγιον
2370 1396 2425 1448 δὲ
2467 1394 2687 1466 Πνεῦμα
2722 1395 2779 1449 ἓν
2819 1397 2911 1449 καὶ
2946 1396 3103 1467 μόνον
3140 1395 3277 1449 εἶναι
3332 1397 3669 1467 γέγραπται,

2096 1490 2185 1543 διά
2212 1507 2269 1543 τε
2298 1490 2359 1542 τὸ
2389 1489 2611 1551 ἐνιαίως
2639 1488 2734 1541 καὶ
2768 1489 2940 1559 μόνως
2965 1489 3095 1541 αὑτὸ
3122 1492 3183 1541 ἐκ
3210 1490 3306 1559 τῆς
3341 1490 3671 1550 ὑποστάσεως

2097 1580 2190 1634 τοῦ
2216 1581 2350 1635 Θεοῦ
2383 1581 2475 1633 καὶ
2508 1580 2719 1651 Πατρὸς
2746 1580 3157 1650 ἐκπορευθῆναι,
3183 1582 3275 1633 καὶ
3308 1584 3391 1652 μὴ
3423 1581 3665 1651 γεννηθῆ-

2098 1690 2208 1734 ναι,
2238 1671 2311 1737 ὡς
2342 1675 2369 1725 6
2404 1673 2526 1736 Υἱός
2552 1687 2564 1700 ’
2592 1672 2679 1727 διά
2712 1690 2771 1725 τε
2823 1673 2884 1725 τὸ
2926 1673 2998 1743 μὴ
3030 1673 3254 1743 κτίσμα,
3313 1674 3398 1737 ὡς
3458 1674 3526 1725 τά
3554 1673 3665 1726 ἄλλα

429 1762 572 1816 nitus
603 1772 719 1827 est,
758 1764 896 1817 sTeut
944 1762 1149 1817 Filius:
1193 1774 1299 1816 tum
1328 1765 1487 1817 etiam
1528 1781 1593 1819 ne
1638 1765 1991 1834 suspicemur,

2103 1764 2403 1835 πνεύματα,
2448 1765 2812 1819 ὑπονοεῖσθαι.
2871 1763 2942 1816 Τὸ
2975 1763 3080 1834 γὰρ
3107 1764 3164 1815 ἒν
3215 1764 3343 1817 οὔτε
3406 1764 3661 1825 ἀλλότριόν

426 1870 550 1910 eum
580 1868 698 1909 esse
724 1864 1047 1919 creaturam,
1075 1867 1134 1910 ut
1163 1867 1288 1910 sunt
1318 1857 1405 1910 alii
1453 1859 1695 1926 spiritus.
1734 1858 1867 1912 Nam
1903 1861 1991 1927 qui

425 1953 509 1999 est
545 1962 683 2000 unus
713 1946 949 2017 Spiritus
984 1946 1086 2017 (6),
1124 1949 1331 2004 alienus
1386 1966 1492 2003 non
1540 1959 1622 2005 est
1659 1950 1727 2004 ab
1758 1951 1993 2006 essentia

430 2037 627 2101 l‘atris,
658 2053 836 2108 neque
867 2040 935 2094 ab
965 2041 1172 2096 unitate
1206 2042 1373 2109 illius,
1418 2044 1558 2109 quod
1590 2058 1752 2095 unum
1783 2052 1885 2107 est,
1912 2058 1995 2097 se-

422 2130 688 2199 jungitur,
741 2132 833 2185 sed
866 2147 1029 2187 unum
1082 2148 1205 2187 cum
1253 2148 1317 2188 eo
1354 2143 1484 2189 est:
1528 2148 1700 2205 neque
1747 2144 1992 2204 respectu

427 2222 573 2277 illius
614 2232 706 2276 aut
742 2223 937 2288 minor,
970 2224 1313 2295 subjectusve
1346 2236 1451 2290 est,
1488 2235 1579 2279 aut
1618 2226 1780 2280 alium
1812 2225 1990 2291 habet,

428 2317 519 2384 qui
543 2316 964 2383 connaturalior,
993 2320 1269 2387 magisque
1289 2335 1410 2374 cum
1437 2319 1579 2374 illius
1600 2320 1837 2374 essentia
1866 2334 1994 2372 eon-

424 2412 644 2482 junctus
675 2412 766 2478 sit,
804 2420 897 2466 aut
929 2412 1036 2466 Deo
1068 2413 1420 2482 propinquior
1449 2432 1462 2466 :
1502 2428 1675 2481 neque
1705 2422 1879 2480 potest
1908 2410 1989 2482 (7)

429 2513 519 2558 aut
543 2517 800 2558 numerus
826 2503 1027 2565 vocari,
1060 2518 1179 2557 cum
1220 2504 1486 2571 pertineat
1513 2506 1578 2556 ad
1609 2503 1873 2558 unitatem
1902 2516 1991 2556 es-

428 2596 636 2661 sentiae,
663 2606 755 2648 aut
798 2595 938 2648 inter
971 2609 1058 2649 res
1110 2595 1401 2661 productas
1457 2595 1732 2659 collocari,
1793 2596 1993 2666 quippe

428 2687 517 2755 qui
549 2702 653 2739 una
670 2700 791 2739 cum
815 2683 996 2751 Patre,
1020 2696 1071 2739 et
1096 2684 1233 2739 Filio
1255 2687 1494 2739 omnium
1540 2702 1717 2740 rerum
1745 2688 1994 2742 conditor

427 2785 534 2832 est.
564 2776 759 2846 Nequit
787 2790 915 2845 ergo
944 2791 1081 2830 unus
1102 2786 1322 2831 sanctus
1345 2775 1580 2846 Spiritus
1603 2786 1694 2831 aut
1719 2777 1879 2831 unius
1896 2775 1993 2830 Pa-

430 2870 548 2931 tris,
586 2870 809 2922 uniusve
850 2867 969 2922 Filii
1023 2882 1141 2922 esse
1187 2867 1493 2930 dissimilis,
1538 2878 1629 2920 aut
1664 2867 1991 2922 multitudini

429 2959 715 3028 spirituum
756 2958 969 3012 similis.
1048 2957 1508 3022 Quemadmodum
1558 2957 1699 3009 enim
1751 2957 1994 3026 quamvis

430 3065 571 3103 unus
636 3049 705 3102 sit
765 3048 902 3103 Deus
966 3058 1021 3102 et
1081 3047 1284 3110 Pater,
1366 3057 1418 3100 et
1480 3063 1615 3101 unus
1663 3047 1834 3101 Filius
1901 3061 1991 3099 ve-

2096 1858 2211 1907 ὲστι
2243 1855 2302 1908 τὸ
2333 1853 2553 1925 Πνεῦμα
2597 1854 2698 1925 τῆς
2725 1855 2912 1919 οὑσίας
2953 1854 3046 1907 τοῦ
3082 1856 3317 1926 Πατρὸς.
3352 1854 3482 1908 οὔτε
3506 1854 3662 1923 διώριο

2098 1968 2219 2003 σται
2258 1950 2357 2021 τῆς
2380 1950 2514 2021 πρὸς
2540 1950 2599 2002 τὸ
2627 1949 2684 2001 ἓν
2721 1948 2965 2012 ὲνώσεως
2991 1964 3004 1976 ’
3046 1948 3168 2017 οὑτε
3226 1948 3368 2019 πρὸς
3405 1951 3591 2009 ἐκεῖνο,
3632 1946 3658 2013 ἦ

2097 2042 2287 2111 ὕφεσιν
2315 2042 2503 2113 ἕχει,ἣ
2535 2041 2627 2115 [61
2670 2041 2735 2114 a]
2767 2041 2924 2095 ἄλλον
2953 2041 3145 2094 ἑαυτοῦ
3189 2042 3398 2113 μᾶλλον
3448 2041 3661 2111 συμφυέ-

2098 2150 2303 2205 στερον,
2339 2135 2370 2205 ἢ
2400 2133 2650 2204 ἁγχίθεον
2672 2151 2686 2164 ·
2718 2133 2829 2186 οὔτ’
2855 2135 3125 2203 ἀνέχεται,
3154 2134 3187 2205 ἢ
3219 2134 3463 2206 ἀριθμὸς
3512 2150 3656 2203 7:90:-

2097 2226 2473 2297 αγορεὺεσθαι,
2509 2226 2609 2296 τῆς
2642 2224 2823 2287 ὲνάδος
2858 2226 3043 2288 οὑσίας
3068 2225 3148 2290 ὃν,
3179 2225 3211 2295 ἢ
3246 2229 3360 2288 τοῖς
3392 2225 3655 2295 παρηγμέ-

2099 2335 2206 2380 νοις
2231 2318 2485 2369 σνντάττε
2496 2316 2636 2381 σθαι,
2667 2316 2775 2368 τῶν
2821 2317 2995 2369 πάντα
3019 2316 3456 2387 παραγαγόντων
3484 2316 3569 2367 σὺν
3593 2312 3651 2381 τῷ

2097 2409 2267 2480 Πατρὶ
2298 2409 2389 2461 καὶ
2419 2408 2492 2477 τῷ
2520 2406 2631 2477 Υἱῴ
2671 2410 2953 2477 τυγχάνον.
2993 2408 3065 2460 Οὐ
3114 2408 3339 2461 δύναται
3386 2404 3480 2460 οὖν
3511 2406 3565 2459 τὸ
3608 2406 3653 2457 ἒν

2096 2497 2247 2567 ἅγιον
2276 2497 2514 2567 Πνεῦμα,
2542 2496 2661 2549 οὔτε
2691 2498 2765 2568 τῷ
2798 2500 2876 2551 ἑνὶ
2900 2501 3012 2551 Πατ
3026 2500 3095 2570 ρἰ,
3122 2498 3154 2570 ἧ
3182 2499 3259 2570 τῷ
3286 2500 3369 2552 ἐνὶ
3407 2498 3514 2569 Υίῴ
3538 2493 3649 2550 εἶναι

2095 2590 2363 2660 ἀνόμοιον.
2388 2588 2508 2641 οὔτε
2526 2589 2599 2658 τῷ
2622 2589 2814 2659 πλήθει
2833 2589 2939 2642 τῶν
2963 2591 3289 2661 πνευμάτων
3308 2591 3513 2660 ὅμοιον.
3528 2586 3651 2641 Καθ-

2096 2685 2237 2752 άπερ
2273 2682 2381 2752 γέιρ
2402 2682 2515 2744 ἐνὸς
2539 2682 2690 2743 ὖντος
2721 2681 2854 2733 Θεοῦ
2887 2684 2978 2735 καὶ
3012 2683 3245 2752 Πατρὸς,
3278 2683 3378 2735 καὶ
3403 2682 3517 2743 ἐνὸς
3544 2676 3647 2731 1⁸ίοῦ

2096 2773 2368 2842 ἀληθινοῦ,
2410 2773 2605 2835 πάντες
2653 2773 2701 2825 oi
2746 2773 2864 2826 κατ’
2898 2774 3078 2826 είκένα
3122 2774 3187 2825 δι’
3234 2773 3543 2840 ἀγαθότητα
3572 2770 3647 2820 καὶ

2095 2864 2354 2933 ἀφθονίαν
2380 2864 2544 2917 αὑτοῦ
2560 2864 2888 2934 ληὲκλήθημεν
2934 2864 3046 2917 θεοὶ
3088 2865 3179 2916 καὶ
3207 2865 3335 2929 υἱοὶ,
3384 2865 3483 2916 οὑκ
3522 2863 3646 2920 ὄντες

2096 2960 2159 3027 τῇ
2206 2957 2432 3027 ἀληθείᾳ
2481 2956 2622 3009 κατὰ
2669 2956 2748 3019 τὸ,
2793 2974 2810 3006 ι
2857 2955 2999 3023 Ἐγὼ
3045 2951 3204 3008 εἶπα·
3241 2956 3368 3009 Θεοί
3421 2956 3536 3007 ὲστε
3572 2951 3645 3003 καὶ

2096 3048 2202 3099 υἱοὶ
2254 3047 2506 3115 Ὑψίστου
2534 3048 2733 3109 πάντες
2754 3064 2766 3076 ·
2809 3065 2827 3097 ι
2865 3046 3035 3109 οὑτως
3061 3047 3177 3110 ἐνὸς
3204 3047 3298 3100 καὶ
3328 3046 3488 3117 μόνου
3520 3043 3644 3102 ὄντος

428 3157 542 3206 rus,
577 3140 735 3211 139
762 3155 948 3195 omnes
984 3148 1183 3204 tamen,
1211 3139 1300 3207 qui
1324 3138 1389 3191 ad
1424 3137 1540 3207 ejus
1572 3138 1857 3206 imaginem
1904 3153 1994 3191 su-

2103 3139 2252 3207 ἑιγὶου
2290 3113 2601 3207 Πνεῦμα-ξος
2632 3137 2907 3208 ἀληθείας,
2929 3138 3095 3191 πολλὰ
3125 3113 3413 3208 πνεύματα
3436 3136 3641 3202 λέγεται,

429 3249 572 3299 mus,
600 3234 671 3287 dii
694 3242 747 3287 et
787 3232 879 3285 lilii
914 3231 983 3284 ob
1046 3230 1187 3285 illius
1240 3229 1533 3284 bonitatem
1597 3238 1651 3282 et
1699 3229 1995 3283 liberalita-

428 3333 561 3393 tem,
591 3325 714 3379 licet
748 3323 919 3391 reipse
951 3338 1052 3375 non
1089 3323 1280 3385 simus,
1349 3322 1520 3375 vocati
1574 3321 1792 3384 fuimus,
1840 3322 1991 3389 juxta

429 3419 582 3481 illud,
616 3435 633 3468 ι
677 3416 789 3487 Ego
824 3415 932 3470 dixi
964 3415 1040 3485 (8)
1072 3430 1087 3466 ι
1124 3414 1200 3468 Dii
1246 3414 1397 3477 estis,
1427 3423 1480 3465 et
1504 3412 1597 3465 lilii
1629 3412 1835 3467 Excelsi
1880 3428 1996 3466 om-

429 3526 595 3575 nesp
629 3510 701 3563 ita
721 3508 821 3563 etsi
848 3524 985 3561 unus
1012 3508 1081 3560 sit
1106 3517 1158 3558 et
1187 3506 1330 3559 solus
1358 3505 1590 3573 Spiritus
1610 3513 1831 3558 sanctus
1854 3505 1995 3556 veri-

429 3596 579 3661 tatis,
608 3595 761 3649 multi
795 3603 973 3647 tamen
1013 3594 1236 3661 spiritus
1264 3592 1538 3652 dicuntur,
1571 3589 1660 3658 qui
1716 3603 1821 3641 non
1870 3596 1996 3642 sunt

428 3697 623 3745 natura
658 3685 891 3756 Spiritus
915 3684 1028 3737 Dei.
1061 3684 1227 3735 Porro
1261 3680 1341 3749 «(9)
1373 3680 1606 3733 haeretici
1633 3678 1764 3731 nihil
1810 3677 1876 3732 de
1930 3691 1994 3730 eo

429 3778 666 3843 solliciti,
701 3788 758 3831 ut
786 3776 982 3830 divinis
1018 3774 1279 3843 theologis
1312 3780 1670 3826 consentanea
1700 3770 1883 3825 dicere
1913 3768 1995 3821 vi-

429 3872 678 3936 deantur,
704 3870 805 3923 alia
830 3882 1043 3937 quoque
1071 3866 1261 3919 alierre
1289 3880 1391 3917 non
1424 3874 1675 3916 verentur
1698 3861 1850 3916 valde
1872 3876 1996 3930 per-

431 3962 658 4016 niciosa.
689 3960 873 4029 Neque
900 3975 1026 4013 vero
1072 3958 1337 4026 quispiam
1380 3966 1666 4023 antequam
1720 3953 1771 4008 id
1815 3966 1992 4018 omne,

431 4054 574 4122 quod
637 4052 877 4107 dicturus
950 4066 1088 4115 sum,
1146 4049 1409 4113 audierit,
1464 4060 1548 4100 me
1604 4045 1993 4113 reprehendat,

430 4147 577 4213 quod
608 4141 906 4212 perniciosa
934 4156 1115 4194 vocem
1150 4155 1268 4209 quae
1296 4136 1370 4191 illi
1407 4136 1670 4191 aﬂ‘erunt:
1708 4150 1801 4190 eos
1849 4135 1994 4190 enim

432 4232 512 4287 sic
542 4230 689 4299 loqui
715 4229 1031 4298 comperiet,
1058 4239 1117 4281 ut
1145 4228 1355 4282 illorum
1412 4228 1650 4280 virorum
1714 4225 1876 4279 menti
1933 4239 1995 4279 ac

431 4323 714 4378 sententia:
760 4319 1042 4375 manifesto
1092 4330 1413 4390 repugnent,
1470 4318 1560 4387 qui
1619 4318 1729 4373 Deo
1781 4316 1997 4372 amante

431 4413 720 4482 scripsere,
753 4412 952 4482 quique
984 4413 1180 4465 donum
1214 4410 1312 4463 hoc
1340 4426 1367 4462 a
1400 4408 1511 4465 Deo
1564 4408 1885 4474 habuerunt,
1938 4418 1995 4462 ut

433 4506 538 4561 ista
575 4505 627 4558 in
656 4520 713 4559 re
752 4504 1009 4575 prmclare
1065 4512 1430 4555 versarentur.
1492 4502 1651 4555 Aiunt
1711 4502 1887 4554 enim:
1943 4500 1998 4555 Si
2032 4488 2075 4545 D

433 4596 547 4667 (10)
572 4596 712 4650 Deus
742 4605 825 4649 est
863 4594 1095 4664 Spiritus
1128 4604 1369 4659 sanctus,
1404 4600 1497 4646 aut
1547 4591 1706 4647 Pater
1755 4606 1855 4655 est,
1906 4604 1998 4647 aut

429 4688 621 4745 Filius.
658 4688 820 4757 Atqui
854 4698 1041 4742 neuter
1072 4687 1259 4740 horum
1288 4695 1405 4739 est:
1442 4699 1545 4738 non
1573 4694 1653 4739 est
1674 4700 1800 4755 ergo
1839 4687 1998 4753 Deus,

506 4891 584 4960 (3)
619 4889 827 4946 Frater.
892 4888 1002 4945 lloc
1055 4889 1555 4960 lilacedonianornm
1612 4902 1992 4960 argumentum

433 4959 589 5015 affert
633 4962 885 5031 Didymus
926 4977 988 5015 ac
1037 4961 1192 5015 diluit
1223 4960 1275 5014 in
1306 4959 1447 5015 libro
1482 4960 1644 5014 etiam
1680 4959 1753 5016 De
1790 4959 1995 5032 Spiritu

432 5042 793 5093 sancientum.
825 5031 912 5084 δε.

531 5102 584 5169 4)
627 5101 933 5153 Dissimiles.
966 5099 1159 5171 Utpote
1197 5098 1531 5167 versipelles.

506 5102 584 5240 i5)
624 5168 805 5223 Unico.
846 5172 903 5222 in
940 5171 1145 5235 erco,
1190 5172 1427 5234 ὲνιαίως.
1468 5170 1531 5223 Es

530 5168 584 5239 5)
624 5168 805 5223 Unico.
846 5172 903 5222 in
940 5168 1145 5235 Grmco,
1190 5172 1427 5234 ὲνιαίως.
1468 5170 1562 5224 Est
1594 5181 1773 5225 autem
1798 5173 1999 5235 ὲνιαῖος

441 5259 460 5293 α
503 5244 670 5305 solus,
701 5256 862 5299 unus,
900 5258 916 5289 ι
957 5254 1044 5292 aut
1081 5260 1099 5291 ι
1131 5242 1435 5309 singularis.
1489 5260 1508 5293 ι
1556 5242 1739 5309 Itaque
1768 5240 2003 5296 Joannes

437 5310 816 5381 Euchaitarum
845 5311 1184 5378 tnetropolita
1221 5314 1270 5363 in
1305 5314 1551 5365 oratiOne
1581 5312 1779 5366 inedita
1814 5314 1867 5364 in
1896 5311 2000 5381 Syc

434 5381 616 5434 naxim
648 5380 971 5448 angelorum,
1007 5397 1126 5450 pag.
1168 5381 1256 5443 58,
1314 5382 1587 5446 cujusdam
1636 5400 1735 5433 ius.
1798 5384 2000 5434 codicis

436 5450 690 5504 Naniante
716 5450 1075 5521 liibliotliecw,
1101 5452 1178 5521 sic
1205 5453 1438 5521 loquitur
1468 5468 1481 5505 :
1508 5452 1567 5503 τὸ
1591 5452 1809 5521 τρισσὸν
1833 5451 2001 5521 αὑτῆς

437 5527 653 5589 (nempe
678 5519 777 5589 τῆς
799 5518 947 5582 θείας
973 5520 1423 5591 μεγαλειότητος)
1448 5522 1541 5575 καὶ
1570 5518 1788 5585 ἑνιαῖον,
1823 5523 1871 5574 id
1896 5518 1998 5583 est,

442 5609 466 5639 ι
518 5591 813 5644 trinitatem
857 5592 1025 5659 ipsius
1070 5591 1308 5659 (divina:
1340 5591 1678 5661 majestatis)
1720 5604 1775 5646 et
1819 5592 1999 5646 unita-

434 5668 567 5716 tam.
614 5680 632 5712 ι

512 5729 585 5800 r6)
628 5729 870 5801 Spiritus.
905 5727 963 5785 Si
999 5730 1325 5801 conjecturis
1350 5730 1625 5800 indulgere
1654 5732 1873 5791 liceret.
1909 5745 1999 5785 su-

2101 3233 2199 3283 οὑκ
2227 3230 2353 3283 ὂντα
2382 3233 2446 3300 τῇ
2479 3229 2635 3298 φύσει
2666 3230 2953 3300 πνεύματα
2978 3229 3072 3282 τοῦ
3097 3230 3254 3283 Θεοῦ.
3285 3231 3360 3282 Οὑ
3391 3228 3643 3299 βλέποντες

2100 3320 2195 3371 καὶ
2215 3320 2696 3389 άνασκεπτόμενοι,
2727 3320 2872 3382 ὅπως
2897 3320 2961 3372 ἂν
2984 3322 3094 3383 τοῖς
3116 3320 3384 3387 θεολόγοις
3412 3317 3641 3386 φαίνοιντο

2103 3409 2394 3479 συμϐαῖνόν
2422 3427 2473 3462 τι
2507 3409 2774 3478 λέγοντες,
2808 3411 2905 3462 οὑκ
2937 3409 3153 3473 ὀκνοῦσι
3185 3409 3281 3462 καὶ
3317 3409 3452 3464 ἄλλα
3483 3403 3641 3471 ἐπιφέ-

2105 3518 2217 3571 ρειν
2272 3500 2527 3571 βλαϐερά.
2583 3502 2691 3553 Καὶ
2740 3502 2849 3571 μοι,
2881 3501 3011 3571 πρὶν
3055 3490 3637 3565 ἅπαντοςάκοῦσαιτοῦ

2100 3596 2280 3662 λόγου,
2320 3593 2601 3663 μέμῂται
2655 3593 2787 3664 μηδὲ
2838 3588 2937 3655 εἷς,
2987 3595 3034 3645 εἰ
3086 3592 3291 3664 βλάϐην
3336 3592 3407 3645 τὰ
3449 3587 3637 3643 ἐκείνων

2101 3684 2271 3739 καλῶ.
2304 3686 2537 3755 Εὑρήσει
2565 3685 2692 3753 γάρ,
2734 3684 2813 3736 ὅτι
2851 3684 3197 3752 φθέγγονται,
3241 3684 3495 3753 ἄντικρυς
3516 3680 3633 3731 ἀντι-

2101 3777 2426 3847 πράττοντες
2469 3779 2534 3846 τῇ
2578 3774 2768 3845 γνώμῃ
2810 3776 2916 3827 τῶν
2946 3758 3237 3846 ’θεηγόρων
3278 3773 3499 3845 ἀνδρῶν,
3528 3767 3635 3821 οἶτὸ

2102 3886 2168 3921 πε
2178 3870 2229 3939 pi.
2250 3869 2404 3921 τοῦτο
2429 3869 2745 3941 διαπρέπειν
2775 3865 2920 3937 εἶχον
2944 3870 3091 3939 παρὰ
3109 3867 3200 3920 τοῦ
3219 3867 3355 3920 Θεοῦ
3386 3870 3439 3919 ὲν
3464 3861 3633 3931 δωρεᾶς

2104 3960 2277 4029 μέρει.
2318 3959 2547 4027 Λέγουσι
2600 3961 2740 4029 γάρ’
2783 3959 2842 4011 Εἰ
2888 3960 3020 4021 Θεὸς
3072 3958 3133 4011 τὸ
3173 3958 3328 4027 ἆγιον
3363 3948 3631 4023 Ι]νεῦμα,ἢ

2102 4049 2312 4119 Πατὴρτ
2349 4050 2380 4118 ἦ
2431 4049 2557 4123 ἴζὶός
2598 4051 2771 4101 ἐστιν’
2821 4050 2893 4119 μὴ
2921 4048 2979 4102 ὃν
3012 4049 3065 4101 δὲ
3110 4047 3315 4101 τούτων
3349 4046 3520 4117 μηδὲν,
3552 4041 3629 4091 οὑκ

2102 4140 2215 4193 ἔστι
2245 4141 2395 4203 Θεὸς,
2419 4140 2493 4203 ὡς
2527 4140 2647 4192 οὑδὲ
2687 4140 2755 4192 τὰ
2797 4142 2929 4193 ἄλλα
2970 4139 3268 4211 πνεύματα.
3316 4132 3630 4203 Ἀπαντητέον

2100 4234 2277 4284 τοίνυν
2301 4234 2481 4295 αὑτοῖς
2509 4232 2727 4285 οὑτωσί·
2766 4233 2974 4302 Ὥσπερ
3012 4232 3142 4295 Θεὸς
3176 4235 3204 4285 6
3248 4232 3451 4303 Πατὴρ,
3482 4227 3535 4279 οὑ
3564 4221 3629 4274 διὰ

2100 4324 2161 4377 τὸ
2195 4321 2331 4377 εἶναι
2364 4325 2599 4394 Πατέρα,
2624 4324 2755 4378 ἀλλὰ
2778 4325 2864 4379 διὰ
2887 4326 2945 4378 τὸ
2969 4320 3107 4379 εἶναι
3132 4324 3281 4388 θείας
3312 4324 3537 4393 φύσεως⁹
3556 4313 3628 4367 καὶ

2102 4419 2130 4468 6
2158 4416 2303 4481 Υἱὸς,
2331 4417 2390 4468 οὑ
2423 4415 2512 4468 διὰ
2556 4414 2617 4467 τὸ
2658 4412 2795 4468 εἶναι
2835 4416 2929 4469 τοῦ
2964 4417 3217 4487 τυχόντος
3260 4417 3391 4479 υἱὸς,
3420 4409 3539 4465 ἀλλὰ
3562 4402 3627 4457 ὄιᾶ

2102 4508 2163 4560 τὸ
2194 4507 2287 4560 τοῦ
2338 4506 2473 4561 Θεοῦ
2519 4503 2656 4561 εἶναι
2699 4508 2825 4561 Υἱὸν
2864 4509 3054 4578 Λόγον,
3102 4509 3193 4563 καὶ
3236 4506 3529 4577 ἀναγκαίως
3552 4497 3625 4565 τῆς

2104 4598 2268 4651 αὑτοῦ
2308 4598 2458 4662 θείας
2491 4598 2703 4668 φύσεως
2736 4599 3033 4670 ὑπάρχειν·
3070 4600 3240 4663 οὑτως
3288 4602 3380 4654 καὶ
3416 4598 3472 4650 τὺ
3506 4594 3625 4657 ἅγιον

2108 4689 2331 4761 Πνεῦμα
2358 4690 2509 4755 Θεὸς,
2543 4692 2603 4744 οὑ
2637 4690 2724 4744 διὰ
2750 4692 2811 4744 τὸ
2851 4691 3035 4755 ἁπλῶς
3071 4688 3208 4745 εἶναι
3246 4691 3478 4761 Πνεῦμα,
3522 4676 3623 4735 ἀλλά

2103 4906 2341 4961 spicarer
2369 4890 2653 4961 legendum
2693 4905 2814 4947 esse
2847 4890 2901 4942 in
2935 4889 3120 4944 Grreco
3166 4904 3180 4941 :
3216 4887 3276 4939 τὸ
3304 4888 3407 4958 γὰρ
3434 4885 3484 4936 ἒν
3510 4876 3621 4947 δηλοῖ

2103 4963 2183 5014 ὅτι
2219 4960 2362 5022 οὕτε,
2388 4960 2441 5015 κζ
2482 4978 2534 5013 τ.
2570 4962 2620 5013 λ.
2994 5025 3010 5029 ν,
3112 5027 3121 5029 ,
3350 5027 3368 5029 _
3563 5016 3571 5029 .

2107 5100 2132 5152 ἐ
2178 5032 2253 5099 (7)
2299 5030 2479 5100 Neque
2533 5040 2718 5097 potest.
2753 5029 2952 5093 Codex,
2986 5025 3053 5080 ἂν
3098 5027 3299 5097 ἔχεται.
3348 5027 3494 5094 Lego,
3553 5025 3623 5067 σν·

2140 5118 2304 5152 νεται.

2139 5118 2304 5170 χεται.

2205 5174 2257 5233 8)
2300 5170 2410 5238 Ego
2435 5172 2567 5223 dixi.
2605 5169 2742 5223 Psal.
2779 5186 2960 5231 Luxu,
2992 5186 3127 5223 vers.
3158 5168 3209 5221 6.

2205 5178 2257 5233 8)
2300 5178 2410 5238 Ego
2435 5178 2567 5223 dixi.
2605 5178 2742 5223 Psal.
2779 5186 2960 5231 Luxu,
2992 5186 3127 5223 vers.
3158 5178 3209 5221 ti.

2180 5178 2255 5313 i9)
2300 5239 2487 5294 Porro.
2523 5241 2636 5313 Nisi
2674 5240 2872 5313 aliquid
2901 5243 3066 5313 addas
3089 5240 3141 5292 in
3172 5238 3461 5313 (ὶιτεερητξς
3488 5230 3615 5313 Ιθίτῗξς

2106 5303 2335 5380 exempli
2372 5326 2555 5370 causa.
2590 5311 2649 5363 οὑ
2696 5303 2979 5379 βλέποντες
3011 5306 3122 5370 οὖν,
3159 5310 3259 5380 vel,
3286 5308 3358 5380 ou
3383 5303 3619 5380 βλέποντέὲ

2107 5381 2185 5445 δέ,
2221 5371 2322 5441 vel,
2355 5381 2469 5434 ἀλλ’
2498 5382 2557 5434 οὑ
2600 5371 2904 5452 βλέποντες,
2942 5383 3046 5452 nitu
3075 5396 3099 5433 s
3130 5377 3320 5452 soluta,
3348 5371 3473 5433 laxa,
3496 5371 3619 5452 ειιιιξθ

2108 5456 2396 5521 exsanguis
2428 5446 2693 5505 videbitur
2726 5453 2919 5521 oratio.
2961 5449 3273 5521 Quanquam
3300 5449 3406 5499 lum:
3445 5446 3614 5521 ¹¹¹³¹Β¹ῗῗῖ

2110 5537 2236 5591 pere
2265 5513 2483 5575 cvurasse
2517 5539 2619 5575 non
2656 5522 2863 5573 videtur
2902 5513 3183 5591 Didymus.
3224 5518 3462 5591 FortaSSe
3485 5513 3612 5591 pellam

2111 5589 2306 5645 itovum
2340 5602 2499 5660 caput
2523 5592 2611 5645 hic
2642 5592 2798 5659 incipi
2832 5590 3063 5654 volebat,
3089 5598 3207 5641 cuiu
3232 5590 3295 5641 ad
3318 5589 3461 5640 aliam
3482 5589 3615 5631 ιιιιιδο

2106 5675 2192 5716 eat
2229 5663 2602 5731 objertiotieiii.

2181 5722 2410 5803 (ιογδε.
2451 5733 2506 5786 lu
2542 5731 2745 5799 codice,
2782 5732 2816 5800 ἡ
2847 5729 2997 5792 Θεός.
3031 5728 3191 5799 Lego,
3226 5727 3285 5780 Ei
3313 5722 3451 5785 Θεός.
