3688 6310
153 311 229 369 195

1098 308 1188 363 DE
1227 310 1600 366 TRINITATE
1642 309 1840 364 LIBER
1880 309 2269 369 SECUNDUS.

3213 319 3323 381 494

146 426 211 481 διὰ
232 423 281 477 τὸ
302 420 379 475 τοῦ
409 415 529 471 Θεοῦ
568 413 707 472 εἶναι
748 418 806 473 ἓν
849 420 942 476 κα)⁸
992 421 1154 493 μόνον
1185 424 1407 493 Πνεῦμα
1465 424 1617 492 ἅγιον

1774 423 1882 476 icut
1907 439 1972 478 ne
2002 424 2088 478 alii
2118 426 2334 495 quidem
2386 427 2608 497 spiritus
2632 430 2706 486 dii
2732 441 2878 488 sunt.
2915 432 3005 489 Sic
3036 449 3199 505 porro
3230 438 3314 507 ip-

148 515 314 583 καὶτῆς
346 509 486 564 αὐτοῦ
512 508 608 579 [61
643 509 707 582 b]
740 510 890 574 θείας
929 512 1146 581 φύσεως
1185 514 1530 581 καθεστάναι,
1562 517 1637 581 ὡς

146 603 400 679 προελέχθη.
433 602 527 655 Καὶ
556 602 745 676 ὥσπερ
795 604 1152 671 ἀκούσαντες·
1188 627 1206 659 ι
1229 604 1324 674 Εἷς
1355 611 1384 662 ὁ
1418 609 1577 674 Θεόςο
1613 630 1631 661 ›

145 701 226 761 καὶ,
250 716 265 748 ι
292 695 448 765 Κυρίῳ
484 693 557 764 τῷ
596 693 715 765 Θεῷ
754 713 846 749 σου
894 701 1312 770 προσκυνήσεις,
1359 703 1450 755 καὶ
1490 704 1637 774 αὐτῷ

145 790 253 861 μόνῳ
278 785 556 857 λατρεύσεις
577 802 592 819 ο
620 804 637 837 ι
677 786 736 852 ἐξ
784 787 899 840 ἴσου
920 787 997 859 τῷ
1015 790 1189 862 Παϊρλ⁸
1227 790 1359 846 Θεόν
1398 811 1455 846 τε
1490 791 1629 849 εἶναι

140 879 207 930 τὸν
231 874 450 945 μονογενῆ
478 873 644 941 Λόγον
672 876 1020 948 πιστεύομεν,
1060 881 1155 933 καὶ
1200 884 1632 956 προσκυνοῦμεν,

141 969 207 1023 καὶ
229 967 513 1037 λατρεύομεν
536 966 685 1037 αὐτῷ
708 984 720 997 ⁸
752 968 843 1021 τὸν
874 969 989 1022 ἴσον
1028 973 1227 1041 τρόπον
1254 976 1346 1027 καὶ
1382 978 1510 1048 περὶ
1540 979 1632 1031 τοῦ

139 1062 252 1127 ἁγίου
276 1058 555 1129 Πνεῦμα-τος
586 1059 927 1131 διακείμεθα.
952 1063 1111 1134 Αὐτῷ
1138 1064 1267 1137 γὰρ,
1297 1060 1341 1134 ᾧ
1372 1072 1634 1140 προσετά-

136 1152 291 1221 χθημεν
312 1152 359 1202 ὲν
377 1149 446 1219 τῷ
468 1150 592 1221 περὶ
613 1150 707 1203 τοῦ
731 1152 1008 1221 ἀφθάρτου
1038 1154 1410 1228 βαπτίσματος
1430 1160 1632 1216 δοθέντι

135 1248 229 1314 ὅρῳ,
248 1242 295 1306 ἐξ
317 1238 367 1295 οὗ
393 1243 615 1313 ἤρτηται
658 1246 690 1312 ἡ
720 1243 814 1313 τῆς
847 1244 1026 1314 πάσης
1054 1246 1211 1317 ἡμῶν
1242 1249 1514 1314 πολιτείας
1544 1254 1633 1306 καὶ

134 1336 359 1407 θρησκείας
384 1335 729 1399 κατάστασις,
784 1336 1096 1391 συντάττειν
1147 1342 1283 1394 αὐτὸ
1330 1342 1408 1414 τῷ
1458 1344 1633 1415 Πατρὶ

132 1431 197 1481 καὶ
232 1428 293 1497 τῷ
335 1426 465 1496 Υίῴ’
512 1430 964 1501 προσετάχθημεν
1023 1432 1119 1486 καὶ
1171 1440 1630 1506 συμπροσκυνεῖν,

132 1518 515 1582 καὶσυνδοξάζειν
564 1522 717 1586 αὐτὸ,
766 1522 862 1577 καὶ
896 1524 1228 1597 λειτουργεῖν
1270 1528 1439 1599 αὐτῷ.
1481 1530 1629 1601 Αὕτη

129 1610 207 1679 γάρ
245 1611 367 1663 ἐστιν
414 1614 443 1680 ἡ
489 1611 680 1686 λογικὴ
739 1614 979 1686 λατρεία,
1034 1619 1100 1689 ἢν
1143 1620 1377 1691 ἔγραψεν
1424 1622 1632 1687 Παῦλος
1668 1652 1671 1655 λ

128 1702 322 1754 τοιῶσδε·
353 1721 370 1753 ι
393 1704 503 1756 Ἵνα
540 1709 933 1779 παραστήσητε
981 1711 1048 1764 τὰ
1094 1711 1319 1783 σώματα
1352 1714 1505 1784 ὑμῶν
1536 1714 1629 1769 θυ-

129 1795 214 1845 είαν
244 1794 412 1858 ζῶσαν,
440 1796 620 1864 ἁγίαν,
646 1800 937 1871 εὐάρεστον
975 1802 1053 1872 τῷ
1095 1803 1234 1874 Θεῷ,
1268 1806 1367 1875 τὴν
1410 1805 1630 1878 λογικὴν

131 1884 332 1955 ιιτρείαν.
362 1904 377 1936 ι
408 1888 512 1941 Καὶ
530 1888 589 1941 ὃν
618 1891 837 1961 τρόπον,
882 1892 975 1946 τοῦ
1024 1895 1345 1950 Ἀποστόλου
1378 1899 1468 1952 τὸν
1498 1899 1630 1953 Θεὸν

128 1977 242 2046 μόνον
267 1978 405 2046 σοφόν
426 1996 481 2031 τε
506 1982 599 2033 καὶ
631 1981 772 2052 ἔχειν
793 1982 1091 2038 ἀθανασίαν
1115 1989 1625 2059 χρησμῳδῆσαντος,

130 2068 381 2137 πιστεπμεν
428 2070 519 2123 καὶ
556 2073 647 2125 τὸν
700 2073 824 2126 Υἱὸν
868 2076 1069 2145 ὁμοίως
1125 2076 1269 2147 ἔχειν
1306 2079 1626 2148 ἀθανασίαν,

127 2163 188 2211 u‘t
208 2156 320 2213 εἶναι
348 2162 515 2230 σοφὸν,
562 2164 659 2217 ἆτε
686 2166 1101 2235 ἀπαράλλακτον
1131 2173 1255 2223 κατ’
1277 2171 1466 2227 οὐσίαν
1497 2172 1625 2228 ὄντα

129 2251 176 2319 τῷ
198 2253 353 2321 πατρὶ,
386 2256 476 2307 καὶ⁹
502 2256 676 2323 Λόγον
706 2257 894 2323 αὑτοῦ,
942 2261 1037 2313 καὶ⁹
1094 2261 1238 2333 ζωὴν
1284 2264 1522 2331 αίώνιον,
1551 2266 1626 2329 ὡς

130 2342 285 2412 γράφει,
313 2345 611 2416 ὑπάρχοντα
631 2366 645 2379 ο
674 2348 844 2413 οὕτως
866 2351 960 2405 καὶ
985 2351 1111 2422 περὶ
1143 2353 1236 2406 τοῦ
1268 2356 1423 2423 ἀγίου
1456 2357 1625 2409 Πνεύ-

125 2451 261 2502 ματος.
292 2437 355 2488 Οὐ
385 2438 489 2508 γὰρ
509 2439 653 2493 κατὰ
679 2442 858 2512 χάριν,
895 2443 1012 2513 ἦτοι
1032 2444 1199 2507 δόσιν,
1236 2446 1347 2517 ἔχει
1369 2448 1467 2519 τὴν
1494 2450 1624 2502 ἀθα-

124 2526 260 2577 νασίαν
303 2528 385 2580 καὶ
412 2530 622 2597 σοφίαν,
656 2531 855 2602 ὁμοίως
899 2532 1007 2586 τῶν
1042 2534 1429 2607 λειτουργικῶν
1464 2556 1625 2591 πνευ-

125 2617 283 2683 μάτων·
329 2618 452 2673 ἀλλά
484 2621 646 2689 φύσει
687 2624 982 2696 κέκτηται·
1024 2627 1249 2698 Πνεῦμα
1292 2629 1400 2700 γὰρ
1432 2632 1623 2699 σοφίας

123 2708 238 2761 ἐςτίν.
271 2711 544 2784 Τοιγαροῦν
600 2715 925 2785 γέγραπται,
960 2719 1035 2781 ὡς
1075 2737 1093 2770 ι
1141 2720 1328 2784 Οὐδεὶς
1368 2721 1622 2790 γινώσκει

122 2807 166 2857 :‘1
192 2808 261 2859 τοῦ
287 2810 431 2878 μόνου
477 2812 664 2880 σοφοῦ,
711 2814 759 2865 εἰ
806 2815 880 2884 μὴ
926 2815 985 2867 τὸ
1019 2814 1244 2887 Πνεῦμα
1287 2818 1472 2874 αὐτοῦ.
1508 2839 1526 2871 ι
1560 2820 1622 2872 El

122 2899 193 2968 γὰρ
207 2900 392 2972 δοίησαν
418 2905 488 2974 μὴ
514 2904 686 2956 ταῦτα
707 2905 879 2969 οὕτως
899 2906 1061 2977 ἔχειν,
1088 2909 1120 2978 ἦ
1148 2910 1622 2981 παρακρούσονται

120 2988 297 3041 :‘wGsbv
331 2992 511 3060 Λόγον,
544 2993 577 3063 ἢ
619 2994 769 3065 παρὰ
801 2994 901 3057 τὰς
936 2997 1156 3067 Γραφὰς
1188 2997 1397 3062 δόξουσι
1427 3003 1618 3054 ποιεῖν.

122 3076 276 3150 Τῇγᾶρ
316 3081 365 3132 ὲν
410 3086 507 3153 μιᾷ
548 3083 774 3157 Θεότητι
824 3085 1015 3158 Τριάδι
1066 3086 1124 3139 οὐ
1171 3094 1518 3143 συντάττεται
1548 3107 1618 3151 τι,

117 3166 201 3222 ait:
226 3170 279 3224 τὰ
307 3178 577 3246 πνεύματα
617 3177 705 3230 διὰ
738 3179 798 3231 τὸ
838 3178 1136 3250 κεκλῆσθαι
1167 3180 1475 3251 πνεύματα,
1516 3182 1619 3234 κᾶν

118 3260 168 3328 μὴ
193 3262 244 3313 τὰ
269 3263 453 3335 βέϐηλα
500 3268 773 3338 εἴποιμεν,
828 3268 950 3323 οὔτε
1006 3273 1055 3324 οἱ
1105 3272 1379 3342 ἄνθρωποι
1431 3272 1517 3325 διὰ
1560 3273 1621 3326 τὸ

115 3351 344 3420 κεκλῆσθαι
373 3354 510 3409 θεοί’
534 3358 597 3408 οὺ
636 3360 746 3428 γάρ
772 3360 939 3428 ἐσμεν
972 3363 1036 3431 τῇ
1060 3360 1307 3431 ἀληθείᾳ.
1342 3360 1403 3414 Εἰ
1431 3361 1486 3415 δὲ
1522 3364 1622 3415 οὐκ

114 3442 304 3510 οἰῃθῶοιν
324 3447 654 3501 ἀντιπίπτειν
700 3450 882 3513 αὐτοῖς
904 3452 982 3514 τὸ,
1019 3469 1036 3502 ι
1060 3451 1220 3521 Μόνῳ
1243 3450 1343 3521 [62
1374 3469 1403 3503 a
1426 3450 1446 3522 ]
1475 3451 1621 3522 σοφῷ

112 3533 214 3602 θεῷ’
247 3540 387 3601 ικαὶ,
426 3560 443 3590 ι
470 3542 648 3603 Μόνος
678 3540 817 3610 ἔχων
847 3542 1140 3595 ἀθανασίαν
1161 3558 1174 3572 ·
1209 3562 1228 3594 ι
1267 3543 1327 3596 οὐ
1365 3543 1615 3612 δυνήσον-

112 3627 267 3678 τιιάπ*
305 3629 501 3694 οὐδενὸς
556 3630 620 3695 ἐξ
676 3632 920 3696 ἐναντίας
961 3632 1053 3685 τοῦ
1090 3633 1243 3700 ἀγίου
1304 3632 1615 3703 Πνεύματος

111 3720 513 3786 κατασοφίζεσθαι,
550 3721 741 3775 Ταῦτα
779 3722 886 3793 γὰρ
932 3722 1104 3785 οὕτως
1141 3723 1245 3775 ὑπὸ
1282 3722 1496 3775 Παύλου
1524 3724 1616 3794 Si"

112 3806 229 3877 έήθη,
258 3810 329 3861 διὰ
351 3812 407 3863 τὸ
440 3813 533 3865 τοῦ
577 3813 715 3866 Θεοῦ
769 3814 938 3882 Λόγον
971 3814 1068 3883 μὲν
1096 3813 1186 3866 τὸν
1212 3812 1360 3877 Υίὸν,
1390 3813 1614 3884 Πνεῦμα

108 3896 144 3946 δὲ
167 3901 213 3951 τὸ
235 3902 368 3970 ἅγιον
396 3906 624 3977 Πνεῦμα
648 3908 955 3977 τυγχάνειν,
983 3907 1079 3960 καὶ
1107 3907 1423 3978 ἀχωρίστως
1448 3906 1612 3961 αὐτοῦ

111 3987 209 4053 ἔχειν
229 3996 351 4047 κατὰ
367 3998 461 4067 τὴν
484 3999 554 4066 φῦ
564 4016 667 4061 σιν,
687 4000 779 4051 καὶ
799 3999 876 4060 είς
896 3999 1022 4068 μίαν
1046 3996 1340 4067 ἀνάγεσθαι
1361 3997 1610 4070 θεότητα,

106 4078 157 4139 ὡς
176 4084 247 4136 καὶ
264 4088 400 4158 παρά
426 4093 539 4153 τοῖς
568 4089 675 4156 ἔξω
701 4088 917 4157 λέγεται
935 4104 949 4118 ⁸

1740 516 1815 569 sis
1841 518 2272 583 respondendum
2302 528 2384 572 est
2414 539 2426 573 :
2457 520 2611 576 Sicut
2644 522 2783 577 Deus
2809 531 2894 578 est
2922 522 3080 580 Pater
3110 540 3216 581 non
3249 542 3318 582 eo

1738 606 1878 674 quod
1912 607 1980 660 sit
2018 606 2197 673 Pater,
2230 611 2323 663 sed
2351 613 2478 681 quia
2508 621 2592 667 est
2617 613 2811 669 divina:
2850 625 3085 683 naturae;
3111 626 3166 673 et
3223 617 3319 672 Fi-

1742 696 1848 751 lius
1874 706 1954 751 est
1990 698 2130 752 Deus
2159 715 2263 754 nou
2298 715 2363 754 eo
2386 704 2526 770 quod
2580 705 2653 760 sit
2704 707 3098 779 qualiscunque
3151 711 3315 776 filius,

1738 789 1832 841 sed
1867 790 1992 858 quia
2027 801 2109 846 est
2140 794 2229 847 Dei
2260 794 2427 851 Filius
2450 795 2710 865 Verbum,
2738 810 2793 855 et
2829 805 3142 858 necessario
3168 804 3316 874 ejus-

1738 879 1856 933 dem
1885 881 2080 935 dit-ina:
2121 893 2326 938 natura:
2352 902 2473 941 cum
2508 888 2668 943 Patre
2697 909 2708 944 :
2737 892 2816 945 sic
2860 894 3023 948 etiam
3080 894 3316 965 Spiritus

1738 977 1956 1022 sanctus
1981 979 2061 1023 est
2093 970 2250 1037 Deus,
2276 990 2380 1027 non
2403 991 2468 1031 eo
2496 978 2815 1048 simpliciter
2838 986 2979 1049 quod
3029 984 3100 1039 sit
3154 987 3318 1056 spiri-

1740 1066 1849 1121 tus,
1877 1062 1972 1116 sed
1998 1064 2121 1132 quia
2155 1077 2236 1119 est
2266 1066 2359 1121 Dei
2390 1086 2526 1126 unus
2549 1082 2604 1126 et
2632 1074 2780 1129 solus
2810 1075 3043 1143 Spiritus
3070 1088 3311 1146 sanctus,

1735 1151 2092 1225 ejusdemque
2118 1158 2315 1214 divina:
2374 1173 2581 1219 natura:
2643 1180 2763 1221 cum
2804 1168 2988 1234 Patre,
3050 1182 3105 1226 ut
3152 1185 3311 1231 antea

1735 1244 1936 1298 dictum
1961 1256 2064 1301 est.
2097 1248 2162 1302 Et
2183 1254 2634 1319 quemadmodum
2662 1272 2783 1313 cum
2802 1263 3073 1329 audimus,
3104 1283 3122 1315 ι
3159 1264 3312 1322 Unus

1737 1335 1848 1402 (11)
1885 1335 2055 1403 Deus;
2091 1360 2108 1391 ι
2140 1352 2211 1406 ει,
2245 1361 2263 1393 ι
2301 1344 2579 1400 Dominum
2615 1347 2727 1420 (12)
2781 1350 2948 1407 Deum
2991 1366 3139 1409 tuum
3181 1358 3313 1412 ado-

1735 1425 1897 1491 rabis,
1925 1437 1979 1482 et
2031 1429 2106 1484 illi
2168 1433 2265 1487 soli
2325 1437 2543 1504 servies,
2586 1458 2605 1491 ι
2653 1443 2985 1509 unigenitum
3045 1446 3303 1515 Verbum,

1734 1532 1886 1587 mque
1914 1536 1976 1574 ac
1996 1523 2239 1587 Patrem,
2274 1528 2439 1582 Deum
2469 1547 2590 1586 esse
2632 1536 2921 1603 credimus,
2980 1550 3030 1594 et
3075 1557 3197 1597 eum
3244 1560 3311 1599 ex

1732 1622 1886 1677 aequo
1925 1611 2233 1681 adoramus,
2257 1632 2319 1671 ac
2341 1621 2389 1673 ei
2447 1624 2751 1693 servimus;
2804 1630 2875 1683 ita
2925 1632 3113 1686 eodem
3153 1635 3310 1692 modo

1733 1702 1896 1755 etiam
1921 1701 2096 1759 aﬂ’ecti
2124 1723 2310 1764 sumus
2344 1728 2469 1784 erga
2521 1717 2781 1788 Spiritum
2837 1736 3107 1780 sanctum.
3170 1727 3306 1782 Nam

1665 1785 1707 1839 Β
1732 1806 1797 1846 eo
1826 1794 1941 1863 ipso
1964 1799 2104 1865 quod
2135 1800 2186 1854 in
2215 1809 2531 1877 praescripta
2563 1785 2735 1867 inobis
2765 1815 2930 1870 divini
2966 1818 3308 1889 baptismatis

1732 1884 1985 1953 formula,
2012 1905 2077 1944 ex
2095 1907 2198 1961 qua
2239 1896 2403 1951 totius
2436 1912 2631 1957 nostra}
2656 1903 2877 1973 politiae,
2933 1918 2987 1963 et
3032 1910 3307 1981 religionis

1730 1978 2045 2035 constitutio
2071 1984 2290 2053 pendet,
2315 2002 2435 2043 eum
2461 1992 2727 2050 collocare
2764 2012 2887 2052 cum
2920 1999 3101 2065 Patre,
3137 1978 3189 2059 et
3218 2004 3308 2059 Fi-

1730 2065 1801 2121 lio
1825 2066 1965 2136 jussi
1998 2074 2350 2142 sumus,jussi
2382 2080 2544 2136 etiam
2572 2098 2758 2141 sumus
2785 2102 2910 2143 eum
2962 2090 3120 2146 simul
3170 2095 3304 2150 ado-

1730 2174 1870 2223 rare,
1909 2172 1963 2217 et
1995 2163 2320 2234 gloriﬁcare,
2372 2173 2529 2243 eique
2588 2176 2931 2248 obsequium,
2989 2192 3043 2238 et
3101 2185 3339 2242 cultumt

1726 2255 1998 2311 exhibere.
2042 2256 2153 2314 Hoc
2181 2262 2324 2317 enim
2355 2274 2436 2319 est
2470 2267 2787 2326 rationabile
2819 2274 3159 2345 obsequium,
3213 2280 3300 2335 hic

1726 2345 1934 2413 cultus,
1982 2347 2049 2400 de
2098 2365 2205 2418 quo
2269 2352 2343 2407 ita
2393 2358 2608 2427 scripsit
2672 2360 2920 2419 Paulus:
2996 2386 3014 2419 ι
3061 2368 3130 2425 Ut
3184 2371 3298 2443 (15)

1725 2437 2026 2494 exhibeatis
2069 2455 2293 2511 corpora
2350 2446 2507 2519 140
2543 2460 2716 2506 vestra
2742 2455 2973 2511 hostiam
3011 2459 3298 2531 viventem,

1725 2537 1991 2593 sanctam,
2028 2530 2135 2586 Deo
2158 2534 2477 2602 placentem,
2517 2543 2834 2601 rationabile
2859 2550 3176 2619 obsequium
3206 2554 3301 2624 (si-

1726 2629 1791 2669 ve
1823 2617 2068 2688 cultum).
2110 2640 2129 2674 ι
2165 2623 2231 2677 Et
2255 2629 2707 2694 quemadmodum
2753 2637 2858 2691 etsi
2886 2617 3080 2697 Paulus
3131 2617 3297 2699 Deum

1725 2710 1897 2764 solum
1938 2714 2233 2780 sapientem
2274 2720 2386 2791 (14)
2415 2736 2554 2791 εεεε,
2600 2735 2655 2779 ει
2684 2742 2808 2783 eum
2869 2731 3040 2786 solum
3084 2735 3300 2795 immor-

1726 2799 1984 2858 talitatem
2014 2805 2214 2862 habere
2245 2809 2357 2882 (15)
2402 2813 2563 2879 dicat,
2616 2816 2812 2874 Filium
2846 2829 3024 2879 tamen
3080 2839 3295 2899 quoque

1723 2892 1988 2957 similiter,
2031 2907 2217 2965 utpote
2253 2902 2343 2969 qui
2376 2902 2523 2959 Patri
2545 2906 2662 2963 sine
2704 2910 2813 2965 ullo
2863 2913 3177 2973 discrimine
3200 2937 3297 2977 na-

1726 2992 1844 3038 tura
1871 2985 2063 3044 similis
2088 2999 2194 3059 est,
2234 3003 2288 3047 et
2315 2994 2548 3054 Verbum
2594 3000 2759 3071 illius,
2813 3012 2868 3060 et
2911 3008 3016 3062 vita
3067 3022 3293 3078 :eterna,

1725 3085 1785 3130 ut
1844 3076 2135 3148 Scripturae
2181 3085 2332 3140 aiunt
2383 3088 2516 3161 (16),
2549 3094 2787 3161 exsistit,
2837 3076 3294 3161 immortalitatem

1727 3168 1947 3236 habere,
1975 3182 2029 3227 et
2058 3176 2355 3244 sapientem
2390 3197 2516 3238 esse
2539 3187 2806 3244 credimus
2844 3206 2861 3244 :
2910 3193 2991 3247 sic
3014 3197 3175 3250 etiam
3228 3199 3295 3253 de

1730 3260 1935 3329 Spll‘ilu
1960 3277 2149 3322 sancto
2174 3269 2314 3324 idem
2364 3273 2651 3332 dicendum
2710 3290 2811 3335 est.
2864 3282 2975 3339 Nec
3020 3287 3163 3341 enim
3224 3305 3292 3345 ex

1726 3354 1918 3421 gratia,
1953 3367 2047 3411 aut
2070 3375 2135 3412 ex
2165 3361 2454 3420 donatione
2480 3368 2940 3430 immortalitatem
2984 3393 3048 3431 ac
3078 3380 3292 3451 sapien—

1729 3446 1852 3498 tiam
1884 3448 2043 3504 habet
2078 3453 2248 3508 instar
2276 3456 2650 3515 famulantium
2678 3466 2983 3533 spirituum,
3009 3472 3103 3525 sed
3135 3486 3290 3527 natu-

1722 3553 1800 3605 ra;
1826 3550 1909 3594 est
1936 3543 2077 3597 enim
2114 3544 2349 3617 Spiritus
2395 3552 2707 3621 sapientiae:
2755 3575 2860 3627 qua
2902 3563 2967 3615 de
2992 3578 3151 3619 causa
3202 3567 3288 3621 in-

1720 3632 1836 3698 quit
1895 3631 2195 3704 Scriptura,
2234 3658 2254 3691 ι
2311 3641 2589 3699 Neminem
2647 3650 2758 3718 (l7)
2809 3667 2964 3707 nosse
3009 3670 3127 3724 quae
3163 3669 3290 3713 sunt

1720 3722 1887 3778 solius
1909 3727 2190 3794 sapientis,
2226 3732 2330 3787 nisi
2375 3734 2634 3805 Spiritum
2675 3742 2837 3796 illius.
2874 3765 2892 3794 ι
2932 3722 3066 3799 Nam
3105 3749 3149 3802 si
3175 3750 3287 3805 haec

1722 3810 1793 3864 ita
1819 3828 1876 3867 se
1907 3816 2107 3872 habere
2140 3835 2243 3875 non
2280 3830 2651 3884 concesserint
2680 3832 2811 3903 (18),
2834 3845 2925 3889 aut
2958 3838 3123 3892 Deum
3156 3840 3287 3895 Ver-

1720 3902 1845 3957 bum
1882 3908 2263 3975 repudiabunt,
2320 3924 2414 3969 aut
2470 3902 2775 3986 Scripturis
2821 3927 3090 3981 adversari
3131 3929 3284 3984 vide-

1720 3995 1939 4052 buntur.
1969 3998 2101 4054 Nam
2137 4002 2209 4066 ei,
2241 4019 2362 4074 qua:
2393 4007 2444 4061 in
2478 4024 2579 4063 una
2629 4010 2837 4069 Deitate
2885 4027 2986 4082 est,
3033 4018 3283 4075 Trinitati

1718 4088 1864 4141 nulla
1896 4104 1982 4145 res
2005 4095 2227 4162 aequalis
2251 4098 2354 4153 dici
2388 4110 2599 4169 potest:
2634 4120 2807 4175 neque
2861 4110 3082 4177 spiritus
3132 4113 3283 4167 scili-

108 4181 252 4232 αξιοι
273 4188 329 4229 eo
349 4179 486 4246 quod
515 4178 743 4247 spiritus
770 4176 943 4233 vocati
976 4176 1103 4241 sint,
1129 4176 1180 4230 in
1227 4179 1414 4275 eodem
1474 4193 1593 4233 cum
1634 4178 1749 4248 ipsa
1783 4182 1955 4275 gradu
2013 4183 2367 4252 collocantur.
2423 4197 2670 4262 quamvis
2720 4198 2787 4253 de
2836 4200 3130 4258 immundis
3169 4204 3282 4275 spi-

2351 4250 2363 4252 -
2439 4250 2456 4262 ,
2656 4250 2662 4252 .
2836 4250 3128 4258 _------_-----
3169 4250 3254 4275 -,..

107 4266 245 4322 ritibus
265 4285 354 4323 non
384 4271 717 4342 loquamur;
765 4285 938 4341 neque
987 4286 1084 4325 nos
1127 4250 1402 4338 homines:
1420 4287 1488 4327 ex
1547 4286 1612 4327 eo
1651 4274 1791 4343 quod
1821 4274 1894 4328 dii
1925 4280 2217 4357 nuncupati
2275 4281 2555 4351 fuerimus,
2620 4289 2763 4345 illam
2811 4308 3124 4363 mquamus;
3183 4312 3285 4352 nec

106 4360 206 4412 enim
224 4362 283 4416 dii
311 4379 488 4420 revera
518 4382 726 4422 sumus.
799 4366 857 4421 Si
914 4382 1042 4422 vero
1082 4368 1204 4421 illos
1251 4367 1601 4437 sibimetipsis
1642 4367 1916 4424 adversari
1977 4386 2081 4426 non
2150 4376 2450 4446 opinemur,
2488 4381 2638 4449 illud,
2668 4403 2684 4434 ι
2721 4384 2829 4440 Soli
2874 4360 2988 4460 (l9)
3048 4391 3280 4459 sapienti

106 4448 243 4514 Deo,»
296 4467 346 4511 et
380 4458 531 4523 illud,
606 4476 627 4509 ‹
685 4458 842 4512 Solus
888 4456 1000 4529 (20)
1048 4459 1252 4514 habens
1298 4456 1781 4523 immortalitatem,
1837 4477 1858 4510 ι
1925 4475 2030 4515 non
2084 4474 2339 4532 poterunt
2421 4469 2527 4524 ullo
2594 4448 2751 4529 modo
2801 4448 2989 4532 contra
3044 4448 3281 4549 Spiritus

105 4547 225 4599 Sancti
248 4546 491 4604 Deitatem
528 4550 767 4619 captiose
789 4549 1042 4619 objicere.
1073 4549 1206 4604 Nam
1251 4550 1363 4604 haec
1399 4566 1429 4604 a
1453 4547 1758 4604 Pauloideo
1817 4551 1958 4606 dicta
2028 4564 2173 4621 sunt,
2236 4558 2362 4627 quia
2394 4559 2487 4615 Dei
2519 4560 2751 4619 Verbum
2780 4568 3000 4636 quidem
3048 4546 3135 4627 est
3189 4572 3278 4629 Fi-

105 4632 188 4697 lius,
210 4637 283 4692 Dei
311 4650 484 4696 autem
511 4640 750 4710 Spiritus
779 4649 861 4695 est
900 4642 1135 4711 Spiritus
1157 4650 1398 4705 sanctus,
1422 4650 1477 4695 et
1525 4641 1664 4695 bina:
1694 4641 2011 4712 hypostases
2076 4645 2193 4703 istas
2250 4659 2439 4705 natura
2476 4651 2615 4708 idem
2676 4670 2797 4711 cum
2824 4657 2940 4728 ipso
2971 4670 3136 4729 sunt,
3198 4674 3275 4718 at-

102 4739 174 4791 que
198 4730 240 4782 in
263 4747 405 4786 unam
438 4733 749 4788 coalescunt
782 4733 1070 4789 deitatem:
1098 4734 1238 4789 sicut
1268 4735 1430 4789 etiam
1461 4733 1600 4803 apud
1639 4735 1883 4788 ethnicos
1914 4734 2028 4805 (2|)
2058 4738 2294 4796 dicitur:

152 4817 230 4887 Εἷς
282 4824 417 4892 Θεὸς
482 4825 869 4894 αὐτοπάτωρ,
945 4825 1014 4890 ἐξ
1070 4822 1142 4881 οὗ
1211 4825 1350 4911 trdnt
1411 4828 1607 4881 πάντα

1770 4843 1859 4880 nus
1890 4828 2054 4897 Deus,
2100 4833 2451 4900 suimetipsius
2509 4848 2663 4911 pater
2703 4838 2839 4908 (22),
2906 4858 2970 4895 ex
3022 4860 3125 4911 quo
3163 4848 3274 4905 haec

1238 4895 1524 4967 [γένοντο.

158 4974 224 5040 Ὠς
251 4982 410 5035 τοίνυν
452 4984 585 5055 ττερλ⁵
629 4982 723 5036 τοῦ
782 4984 992 5056 Πατρδς
1039 4984 1247 5048 Παῦλος
1287 4987 1598 5059 Ῥωμαίοις,

150 5152 234 5231 (lli
257 5155 408 5231 Unus.
448 5161 650 5231 Ephes.
682 5178 753 5226 tv,
781 5162 834 5226 5,
870 5169 922 5216 et
946 5161 1069 5215 alibi
1102 5162 1315 5231 saepius.

152 5223 232 5295 (li)
266 5223 555 5285 Dominum.
602 5223 785 5286 Matth.
823 5223 900 5296 ἰν,
949 5233 1036 5295 10,
1081 5223 1384 5289 ubi-Graeca
1426 5238 1591 5293 editio

107 5290 231 5370 habet;
251 5299 495 5370 :_detov
537 5302 629 5355 τὸν
685 5302 815 5355 Θεόν
874 5290 988 5356 σου.
1024 5290 1168 5356 ’νίόο
1219 5305 1381 5358 etiam
1435 5290 1588 5363 Deut.

109 5373 158 5417 ιλ,
185 5364 258 5440 l5;
285 5364 396 5440 inde
419 5372 566 5424 enim
597 5372 746 5426 locus
770 5374 857 5426 hic
883 5376 1230 5440 depromptus
1251 5382 1333 5428 est
1363 5392 1377 5429 :
1414 5378 1483 5430 ibi
1514 5387 1592 5431 ta-

110 5436 737 5529 tttei:Jegitttrn¢06q0ﬁon,.
753 5457 849 5529 pr'o
878 5436 1307 5529 np'ooxuvﬁcag.’
1508 5515 1566 5529 Ν

157 5503 239 5586 (Ιξ)
262 5503 353 5586 γυι.
384 5503 554 5565 Rom:
586 5503 697 5574 in:
717 5503 767 5565 1ξ
802 5503 1031 5586 Pro'i'va
1061 5503 1469 5586 παραστήσητε,
1508 5515 1597 5573 Bi-

110 5562 191 5653 blla.
208 5562 386 5653 habent,

180 5639 243 5717 if)
274 5644 573 5717 Sapientem.
610 5639 631 5704 1
681 5639 822 5708 Τιῖη.
854 5639 1006 5717 1,’17.

181 5710 244 5779 l5)
277 5710 527 5774 [liberal
565 5719 702 5777 Tim.
745 5737 820 5789 vr,
856 5710 933 5778 16.

2655 4908 2853 4979 [omnia
2875 4908 3204 4975 exstiterunt.

1707 4989 1856 5046 Sicut
1886 4994 2052 5060 igitur
2074 4995 2139 5050 de
2190 4995 2348 5053 Patre
2393 4998 2590 5055 Paulus
2650 5004 2715 5056 ad
2740 5002 3032 5073 Romanos,
3060 5010 3126 5065 ad
3168 5010 3272 5068 Ga-

1768 5172 1878 5244 (16)
1916 5176 2100 5230 Aiunt.
2133 5176 2152 5231 Ι
2181 5178 2337 5233 Joan.
2364 5193 2414 5244 ν,
2445 5178 2534 5233 20.

1767 5244 1878 5365 (l7)
1920 5244 2217 5332 Neminem.
2249 5249 2265 5300 Ι
2294 5245 2418 5301 Cor.
2451 5266 2512 5313 tt,
2552 5251 2641 5305 11.

1794 5315 1856 5365 18
1920 5314 2298 5365 ConcessermL
2336 5318 2475 5365 Lean
2502 5321 2641 5365 anim

1920 5314 2299 5397 goacessgrint.
2335 5318 2475 5397 Lego
2502 5321 2721 5397 δοίησαν
2754 5339 2853 5393 pro
2879 5326 3027 5397 δοίης
3059 5330 3146 5383 ἄν.

1919 5384 2052 5464 Solii.
2089 5386 2105 5439 Ι
2318 5404 2357 5456 t,
2402 5384 2500 5464 17,
2526 5384 2786 5464 γειῚῖυιιὶ.
2828 5413 2940 5464 xvr,
2976 5384 3067 5450 9⁷7.

1768 5452 1880 5524 (20)
1923 5455 2098 5509 Solus.
2138 5458 2158 5509 Ι
2196 5452 2441 5524 Τίιηζνι,
2474 5452 2566 5515 16.

1920 5524 2199 5618 ξιίιηὶσοε.
2223 5528 2356 5618 Vide
2387 5523 2497 5618 not.
2531 5530 2622 5597 50,
2660 5549 2781 5618 pag.
2826 5534 2894 5618 ϐξ)
2951 5605 2998 5618 μ

1770 5593 1910 5673 (22)“
1924 5594 2105 5673 Pater.
2142 5597 2271 5673 Vide
2297 5614 2414 5668 qua:
2430 5602 2495 5656 de
2521 5593 2674 5658 voce.
2690 5593 3091 5673 αῧτογένεθλος,
3113 5606 3266 5663 aliis—

1698 5678 1801 5732 que
1828 5664 2073 5721 alIlnibus
2114 5664 2435 5726 adnotainus
2464 5673 2529 5727 ad
2558 5688 2726 5736 seam.
2761 5664 2861 5731 149
2893 5676 2944 5729 b.
