3688 6300
312 304 418 361 ιθδ

1576 307 1812 363 ΠΙΠΥΜΙ
1849 353 1851 361 ,

2007 305 2319 363 ἰΑΝΠΠΙΝΙ
3447 312 3550 369 ιοιι

312 424 449 478 latas
481 430 534 476 et
589 419 657 476 ad
707 418 1046 477 Timotheum
1104 419 1218 493 (23)
1265 420 1506 476 scribens
1545 423 1642 488 ait,
1673 441 1691 475 ι
1732 422 1848 479 Unu

2007 423 2243 488 ἀλαταις
2294 423 2388 477 καὶ
2429 421 2678 493 Τιμοθέῳ
2722 424 3027 495 γέγραφεν·
3079 419 3216 488 «Εἷς
3261 426 3289 480 6
3325 425 3482 492 Θεός·
3529 449 3548 482 ι

315 515 475 581 Deus;
510 533 528 567 ι
567 515 646 569 sic
675 513 740 570 de
769 513 905 570 Filio
929 513 1140 584 quidem
1163 512 1397 568 Joannes
1425 513 1591 569 dixit:
1631 533 1649 566 ι
1677 514 1879 585 Unige-

312 609 457 663 nitus
480 605 592 676 (24)
630 605 789 671 Deus,
824 607 912 675 qui
951 607 1105 662 estin
1129 607 1337 662 sinibus
1357 605 1565 659 Patris:
1605 624 1625 657 ι
1663 606 1730 659 de
1759 605 1881 676 Spi-

312 700 417 754 ritu
449 707 640 754 sancto
701 711 877 754 autem
920 699 1118 753 Paulus
1163 700 1229 754 ad
1281 697 1594 754 Corinthios
1634 699 1879 753 scribens

311 791 531 846 docuit:
565 807 586 843 ι
622 791 788 847 Alteri
805 790 916 860 (9.5)
1145 799 1322 845 autem
1363 791 1502 844 dona
1539 789 1875 844 curationum

310 881 496 936 inuno
535 881 776 950 Spiritu;
815 897 834 932 ›
868 897 990 934 nam
1049 880 1228 934 unitas
1285 881 1498 948 prepria
1551 889 1636 933 est
1682 879 1878 934 divinae

309 982 364 1026 et
392 972 890 1042 immultiplicabilis
917 981 1138 1026 naturae.
1169 971 1394 1026 Etsicut
1445 972 1705 1042 scriptum
1770 983 1874 1036 esr,

308 1062 503 1118 Filium
535 1064 770 1132 genitum
793 1077 910 1119 esse
949 1062 1084 1132 (26),
1124 1071 1174 1117 et
1207 1063 1318 1132 ipse
1355 1063 1406 1116 id
1447 1071 1707 1116 attestans
1761 1061 1872 1130 ait,

314 1175 332 1207 ι
370 1156 481 1226 Ego
515 1155 625 1225 (£7)
662 1171 691 1209 a
715 1154 872 1208 Patre
907 1155 1080 1220 exivi;
1118 1173 1136 1207 ι
1180 1155 1250 1210 ita
1278 1153 1537 1221 scriptum
1578 1164 1681 1218 est,
1711 1164 1764 1210 et
1794 1155 1876 1223 ip-

307 1259 475 1302 semet
507 1247 675 1300 dixit:
708 1267 724 1297 ι
756 1246 1013 1316 Spiritum
1044 1244 1156 1315 (28)
1181 1245 1446 1310 veritatis,
1499 1245 1588 1314 qui
1645 1260 1675 1298 a
1720 1244 1876 1299 Patre

307 1339 568 1408 procedit,
601 1356 620 1389 ι
655 1347 746 1393 aut
785 1337 1066 1408 processit.
1097 1337 1161 1391 Et
1213 1337 1353 1392 sicut
1403 1335 1575 1390 Filius
1625 1350 1746 1390 cum
1804 1335 1874 1390 si‘t

309 1431 447 1486 Deus
518 1442 573 1486 et
649 1431 934 1495 Dominus,
1005 1440 1086 1486 est
1145 1440 1320 1485 tamen
1393 1431 1482 1485 Dei
1548 1440 1600 1486 et
1663 1425 1872 1486 Domini

305 1523 516 1589 Filius,
586 1525 667 1579 sic
738 1494 971 1593 Spiritus
1033 1533 1250 1577 sanctus
1306 1523 1405 1577 etsi
1463 1522 1534 1577 sit
1606 1522 1744 1576 Deus
1819 1533 1874 1577 et

306 1617 584 1682 Dominus,
651 1626 734 1672 est
800 1627 974 1670 tamen
1046 1615 1139 1669 Dei
1219 1623 1272 1670 et
1337 1614 1544 1669 Domini
1614 1613 1865 1685 Spiritus.

309 1706 378 1761 Et
426 1705 878 1776 quemadmodum
940 1705 1173 1759 Verbum
1247 1706 1546 1760 diciturxin
1626 1705 1911 1774 Scriptu-'

1981 512 2144 577 οὕτω,
2183 515 2312 586 περὶ
2347 513 2445 586 μὲν
2482 513 2577 567 τοῦ
2616 513 2747 568 Υίοῦ
2782 515 3035 588 Ἰωάννης
3065 513 3216 571 εἶπεν
3246 534 3261 549 ο
3307 538 3327 571 ι
3373 521 3432 574 ὐ
3461 541 3554 594 μο-

1981 605 2203 676 νογενὴς
2251 605 2404 668 Θεὸς,
2431 607 2460 659 6
2498 605 2574 658 ὢν
2615 607 2672 659 ἐν
2705 608 2815 670 τοῖς
2861 607 3081 672 κόλποις
3117 609 3210 662 τοῦ
3253 612 3498 685 Πατρόςο
3530 635 3548 667 ι

1980 696 2108 766 περὶ
2137 695 2192 748 δὲ
2213 693 2306 748 τοῦ
2337 696 2491 764 ἁγίου
2518 696 2831 767 Πνεύματος
2861 696 3070 760 Παῦλος
3115 699 3420 769 Κορινθίοις
3449 701 3555 753 ἐδί-

1978 787 2169 851 δαξεν·
2214 806 2232 839 ι
2269 787 2446 858 Ἄλλῳ
2486 786 2541 838 δὲ
2595 787 2907 858 χαρίσματα
2959 787 3203 858 ἰαμάτων
3247 791 3304 842 ἐν
3355 790 3432 860 τῷ
3474 793 3555 846 ἐνὶ

1979 879 2288 949 Πνεύματι·
2326 897 2344 930 ι
2373 879 2433 931 τὸ
2476 877 2584 949 γὰρ
2628 880 2824 931 ἐνιαῖον
2866 878 2968 948 τῆς
3022 881 3169 944 θείας
3238 879 3329 933 καὶ
3378 881 3555 952 ἀπλη-

1979 970 2168 1024 θύντου
2202 971 2415 1042 φύσεως
2451 971 2598 1026 ἴδιον.
2655 972 2764 1025 Καὶ
2797 970 2939 1025 καθά
2991 972 3225 1042 ἐγράφη,
3262 973 3343 1026 ὅτι
3376 975 3404 1025 6
3429 974 3554 1037 Υἱὸς

1977 1065 2262 1135 ἐγεννήθη,
2322 1065 2416 1118 καὶ
2463 1063 2756 1136 μαρτυρῶν
2801 1064 2978 1132 λέγει’
3020 1083 3037 1113 ι
3080 1063 3220 1132 Ἐγὼ
3270 1065 3420 1136 παρά
3462 1065 3554 1118 τοῦ

1977 1157 2188 1228 Πατρὸς
2218 1156 2438 1227 ἐξῆλθον
2464 1171 2478 1187 ⁸
2517 1175 2534 1207 ι
2565 1155 2736 1219 οὕτως
2762 1157 2996 1228 ἐγράφη,
3019 1157 3112 1209 καὶ
3134 1159 3162 1208 6
3189 1157 3351 1221 αὐτὸς
3381 1153 3551 1209 εἶπεν·

1982 1265 2000 1298 ι
2044 1249 2116 1300 Τὸ
2153 1248 2376 1318 Πνεῦμα
2411 1247 2512 1318 τῆς
2567 1247 2844 1319 ἀληθείας,
2901 1247 2928 1301 ὃ
2985 1248 3139 1319 παρά
3185 1249 3278 1302 τοῦ
3341 1249 3556 1320 Πατρὸς

1974 1338 2352 1412 ἐκπορεύεται,
2389 1359 2406 1390 ι
2441 1341 2603 1410 ἧτουν
2626 1340 2978 1412 ἐξεπορεύθη.
3016 1341 3124 1395 Καὶ
3156 1339 3344 1414 ὥσπερ
3374 1344 3402 1394 6
3427 1341 3554 1404 Υἱὸς

1973 1429 2105 1493 Θεὸς
2143 1430 2237 1482 καὶ
2277 1430 2480 1502 Κύριος
2529 1428 2626 1494 ὣν,
2675 1430 2770 1483 τοῦ
2828 1430 2964 1485 Θεοῦ
3017 1433 3111 1485 καὶ
3154 1433 3356 1504 Κυρίου
3407 1433 3554 1486 ἐστὶν

1974 1523 2127 1586 Υἱός·
2160 1522 2301 1576 οὕτω
2341 1523 2401 1576 τὸ
2439 1521 2592 1592 ἅγιον
2634 1523 2881 1595 Πνεῦμα,
2917 1525 3048 1590 Θεὸς
3091 1527 3185 1580 καὶ
3216 1527 3422 1598 Κύριος
3456 1525 3548 1593 ὢν,

1971 1615 2064 1667 τοῦ
2099 1613 2234 1669 Θεοῦ
2267 1616 2360 1669 καὶ
2406 1616 2612 1688 Κυρίου
2655 1616 2802 1668 ἐστὶν
2835 1617 3076 1687 Πνεῦμα.
3122 1619 3231 1672 Καὶ
3263 1620 3321 1672 ὃν
3351 1619 3554 1688 τρόπον

1972 1705 2146 1772 Λόγος
2173 1705 2482 1776 γέγραπται
2519 1708 2547 1760 6
2573 1705 2697 1768 Υἱὸς
2729 1706 2816 1758 διὰ
2848 1707 2908 1759 τὸ
2936 1710 3296 1780 συνυπάρχειν
3323 1709 3402 1780 τῷ
3435 1711 3551 1764 Πα-

305 1799 382 1854 ris
399 1799 584 1866 Filius,
610 1800 732 1868 quia
757 1799 1030 1854 coexsistit
1065 1797 1243 1862 Patri;
1285 1799 1473 1852 eodem
1507 1798 1664 1852 modo
1707 1798 1851 1851 etian

2007 1797 2082 1868 ρίο
2113 1797 2204 1849 τὸν
2234 1795 2394 1850 αὑτὸν
2419 1798 2617 1870 τρόπον
2650 1797 2742 1849 καὶ
2793 1797 2853 1850 τὸ
2885 1797 3038 1866 ἆγιον
3070 1800 3292 1870 Πνεῦμα
3341 1800 3552 1870 γέγρα-

305 1891 534 1962 Spiritus
581 1899 797 1945 sanctus
843 1899 1066 1944 vocatus
1113 1890 1269 1942 estin
1327 1888 1605 1956 Scriptura
1654 1888 1862 1942 Dictum

305 1981 560 2053 Dei'(29);
584 1991 638 2036 et
669 1981 901 2052 Spiritus
928 1983 1038 2036 oris
1070 1982 1180 2050 ('50)
1205 1981 1344 2051 ejus,
1379 1993 1431 2035 et
1459 1979 1642 2035 Flatus
1689 1978 1867 2034 Omni-

303 2077 538 2147 potentis
560 2077 696 2146 (51),
725 2078 850 2146 quia
884 2075 1044 2130 simul
1065 2091 1185 2130 cum
1215 2075 1303 2129 illo
1324 2075 1624 2129 subsistens
1679 2087 1745 2128 ex
1801 2088 1866 2126 eo

301 2168 508 2224 eluxit:
537 2183 603 2223 ne
637 2168 811 2237 ipsum
846 2158 1151 2234 suspicetur
1172 2167 1292 2235 quis
1318 2175 1469 2218 extra
1498 2165 1752 2219 deitatem
1780 2177 1860 2217 es-

301 2277 360 2316 se
392 2261 586 2326 Patris,
622 2267 718 2314 aut
756 2256 914 2314 Verbi
945 2259 1145 2328 ipsius:
1171 2272 1294 2310 naut
1339 2257 1544 2311 Dictum
1589 2258 1862 2325 praprium

299 2365 383 2409 est
413 2351 582 2415 verbi,
620 2352 734 2407 sive
757 2350 1046 2412 sermonis,
1081 2359 1136 2406 et
1171 2347 1362 2403 Sermo
1408 2349 1623 2410 mentis,
1673 2355 1728 2400 et
1775 2359 1866 2398 ve-

301 2460 416 2498 rum
440 2458 562 2499 esse
580 2441 908 2512 comperitur
934 2441 1099 2495 illud:
1139 2457 1158 2492 ι
1202 2439 1350 2496 Unus
1376 2438 1489 2510 (ὄὲ)
1529 2439 1666 2492 Deus
1691 2447 1745 2492 et
1776 2436 1868 2490 Pa-

299 2547 381 2591 ter
407 2537 668 2600 omnium,
701 2544 756 2590 et
780 2549 944 2604 super
960 2549 1172 2599 omnes,
1205 2541 1258 2587 et
1291 2547 1386 2603 per
1442 2530 1643 2594 omnia,
1699 2538 1752 2584 et
1811 2529 1862 2581 in

297 2628 568 2683 omnibus.
612 2627 723 2684 »Ει
778 2627 916 2682 sicut
968 2625 1161 2680 Filium
1215 2640 1244 2678 a
1297 2624 1458 2678 Patre
1509 2621 1652 2676 nullo
1710 2621 1866 2674 modo

296 2720 609 2788 discrepare
631 2719 936 2774 ostenditur
958 2732 1022 2772 ex
1041 2733 1106 2771 eo
1143 2716 1284 2786 quod
1331 2714 1442 2786 (53)
1465 2716 1539 2769 ait
1563 2713 1862 2782 Scriptura,

302 2825 322 2860 ι
353 2808 451 2876 Qui
483 2808 596 2880 (34)
626 2808 759 2863 vidit
789 2825 892 2873 me,
916 2807 1045 2862 vidit
1071 2807 1317 2872 Patrem;
1350 2825 1367 2857 ι
1398 2804 1557 2859 simili
1582 2805 1789 2857 ratione
1813 2811 1866 2855 et

298 2900 561 2970 Spiritum
599 2909 843 2954 sanctum
872 2898 1016 2954 nullo
1077 2897 1236 2952 modo
1289 2912 1318 2949 a
1376 2896 1531 2949 Patre
1563 2895 1866 2963 discrepare

296 2994 600 3048 ostenditur
623 3007 717 3062 per
749 3007 814 3047 ea
858 3006 975 3060 qua:
993 2991 1068 3045 ait
1096 2990 1408 3058 Scriptura:
1452 3005 1472 3039 ι
1511 2985 1566 3040 lu
1627 2988 1727 3041 hoc
1753 2986 1864 3055 (δε)

295 3085 692 3154 cognoscimus,
725 3083 865 3152 quod
894 3078 1056 3139 estin
1082 3081 1236 3137 nobis
1268 3083 1426 3146 Deus,
1463 3096 1527 3136 ex
1560 3078 1759 3149 Spiritu
1791 3081 1863 3150 ip-

1973 1906 2125 1953 πται,
2164 1889 2338 1960 Ῥἦμα
2365 1889 2458 1942 τοῦ
2482 1889 2637 1954 Θεοῦ,
2669 1891 2760 1944 καὶ
2782 1891 3003 1963 Πνεῦμα
3030 1891 3122 1944 τοῦ
3158 1892 3428 1962 στόματος
3456 1893 3552 1946 a6-

1970 1980 2086 2043 τοῦ,
2127 1981 2220 2033 καὶ
2258 1981 2412 2051 Πνοὴ’
2447 1972 2912 2054 Παντοκράτορος,
2970 1983 3154 2054 ἐπειδὴ
3202 1983 3550 2053 συνυφεστὼς

1973 2071 2276 2142 ἐξέλαμψεν
2302 2071 2362 2135 ἐξ
2391 2073 2554 2127 αὑτοῦ
2575 2091 2588 2103 ·
2628 2074 2713 2128 ἵνα
2750 2074 2823 2145 μὴ
2854 2073 3052 2141 ἔξωθεν
3078 2076 3208 2129 αὐτὸ
3238 2077 3336 2147 τῆς
3368 2077 3552 2146 θεότηο

1971 2179 2061 2226 τος
2091 2162 2184 2215 τοῦ
2238 2160 2510 2234 Πατρὸςῆ
2554 2163 2645 2216 τοῦ
2691 2164 2864 2232 Λόγου
2918 2164 3081 2217 αὑτοῦ
3120 2162 3256 2218 εῗναί
3303 2181 3390 2228 τις
3425 2165 3553 2219 ὑπο-

1971 2251 2127 2324 λάϐῃ.
2166 2253 2324 2306 Ἴδιον
2384 2253 2493 2325 γὰρ
2542 2254 2604 2308 τὸ
2668 2256 2843 2326 Ῥἧμα
2893 2255 2989 2309 τοῦ
3022 2256 3202 2326 λόγου,
3255 2259 3347 2310 καὶ
3391 2261 3421 2311 6
3458 2260 3551 2311 Λό-

1971 2360 2066 2413 γος
2093 2342 2188 2396 τοῦ
2217 2345 2307 2397 νοῦ
2333 2363 2346 2376 ·
2399 2347 2492 2400 καὶ
2532 2346 2832 2418 πληροῦται
2870 2347 2951 2414 τὸ,
3002 2367 3021 2401 ι
3057 2349 3114 2402 '0
3151 2345 3231 2411 εἷς
3275 2350 3410 2413 Θεὸς
3458 2353 3551 2404 καὶ

1974 2438 2162 2510 Πατὴρ
2192 2439 2430 2502 πάντων,
2473 2440 2564 2492 καὶ
2617 2440 2709 2493 ἐπὶ
2751 2442 2988 2505 πάντων,
3033 2443 3125 2495 καὶ
3175 2443 3262 2497 διὰ
3306 2444 3549 2508 πάντων,

1973 2531 2066 2582 καὶ
2095 2532 2152 2584 ἐν
2185 2534 2369 2585 πᾶσιν.
2407 2552 2424 2584 ι
2462 2534 2569 2586 Καὶ
2602 2533 2742 2586 καθά
2776 2535 2804 2587 6
2836 2519 2964 2597 Υἱὸς
3001 2534 3271 2588 δείκνυται
3302 2536 3528 2606 ἀπαράλ

1972 2621 2166 2685 λακτος
2201 2622 2296 2675 τεῦ
2338 2624 2571 2694 Πατρὸς,
2697 2625 2898 2695 γράφει
2923 2639 2940 2655 °
2980 2643 2999 2676 ι
3045 2627 3103 2679 Ὀ
3145 2627 3407 2698 ἑωρακὼς
3450 2628 3550 2699 ἐμὲ

1944 2739 1956 2745 ·
1973 2713 2182 2784 ἑώρακε
2213 2713 2303 2766 τὸν
2329 2714 2550 2784 Πατέρα
2567 2731 2580 2743 ·
2603 2734 2622 2767 ι
2659 2714 2919 2779 ὡσαύτως
2943 2715 3116 2770 καὶτὸ
3145 2717 3298 2785 ἅγιον
3323 2719 3552 2790 Πνεῦμα

1971 2803 2034 2856 δι’
2074 2798 2147 2856 ὧν
2177 2803 2283 2876 [62
2311 2804 2377 2876 b]
2413 2806 2645 2874 φάσκει·
2682 2827 2700 2857 ι
2738 2807 2826 2860 Ἑν
2857 2807 3031 2879 τούτῳ
3073 2800 3438 2881 γινώσκομεν,
3470 2813 3551 2865 ὅτι

1973 2897 2030 2947 ἐν
2062 2896 2193 2966 ἡμῖν
2226 2898 2371 2949 ἐστιν
2397 2899 2428 2950 6
2461 2897 2612 2960 Θεὸς,
2658 2899 2722 2950 ἐκ
2759 2898 2854 2951 τοῦ
2900 2899 3215 2971 Πνεύματος
3266 2903 3458 2967 αὑτοῦ,
3488 2897 3548 2956 οὗ

1972 2986 2169 3041 ἔδωκεν
2199 2991 2351 3059 ἡμῖν.
2384 3008 2401 3039 ι
2453 2989 2689 3060 Ἀνάγκη
2745 2986 2836 3043 οῦν
2879 2993 3047 3055 πᾶσα,
3106 2993 3241 3046 Θεοῦ
3287 2995 3549 3066 ἀληθινοῦ

1971 3078 2120 3143 ὄντος
2161 3079 2252 3132 τοῦ
2297 3081 2532 3150 Πατρὸς,
2588 3080 2720 3133 Θεὸν
2769 3080 3021 3153 ἀληθινὸν
3066 3080 3202 3138 εἶναι
3249 3087 3362 3139 ἴσον
3396 3088 3552 3158 αὐτῷ

295 3175 430 3234 sius.
466 3189 621 3242 quem
653 3147 800 3229 dedit
849 3175 1026 3229 nobis.
1071 3191 1088 3226 ι
1124 3173 1256 3229 Cum
1290 3188 1418 3243 ergo
1445 3147 1615 3225 Pater
1648 3174 1720 3226 sit
1753 3147 1848 3226 ve-

2007 3171 2060 3224 :t‘.
2104 3171 2194 3224 τὸν
2230 3147 2514 3226 δεικνύντα
2546 3170 2707 3226 αὑτὸν
2751 3175 2816 3244 τῇ
2860 3147 3062 3229 ’ἑαυτοῦ
3110 3177 3399 3248 ἐμφανείᾳ.
3436 3147 3550 3234 καὶ

294 3283 389 3321 rus
417 3267 574 3330 Deus,
611 3280 830 3322 necesse
881 3267 1102 3320 omnino
1125 3275 1230 3329 est,
1255 3275 1311 3318 ut
1369 3279 1532 3318 verus
1577 3263 1717 3319 Deus
1760 3265 1859 3333 ipsi

295 3358 520 3426 aequalis
541 3357 628 3412 ille
661 3358 824 3412 etiam
850 3358 939 3422 sit,
971 3358 1059 3427 qui
1107 3371 1228 3413 eum
1270 3357 1507 3411 ostendit
1559 3370 1654 3424 per
1689 3356 1856 3410 solam

294 3449 378 3502 sui
415 3447 583 3517 ipsius
610 3449 1121 3503 manifestatiouem.
1149 3447 1215 3502 Et
1239 3443 1377 3502 sicut
1401 3463 1494 3517 per
1517 3446 1709 3502 Filium
1741 3462 1860 3501 om-

295 3541 382 3594 nia
402 3539 539 3594 lacta
561 3549 708 3603 sunt,
733 3540 812 3595 sic
829 3556 857 3594 a
878 3539 1077 3609 Spiritu
1119 3549 1307 3594 saneto
1327 3540 1502 3592 omnia
1530 3537 1860 3593 sanctiﬁcata

293 3639 441 3696 sunt,
503 3641 559 3686 et
607 3632 976 3686 corroborata.
1023 3631 1188 3686 Aiunt
1245 3630 1356 3702 (56)
1396 3632 1540 3685 enim
1599 3628 1856 3699 apostoli:

299 3741 319 3777 ι
366 3723 590 3780 Domine
617 3723 727 3794 (57)
756 3724 845 3792 qui
873 3722 1040 3779 iecisti
1066 3723 1279 3789 caelum,
1315 3732 1370 3778 et
1406 3733 1624 3782 terram,
1651 3731 1706 3776 et
1743 3736 1859 3774 ma-

292 3824 378 3882 re,
413 3826 467 3872 et
490 3817 669 3880 omnia
719 3833 836 3886 quae
887 3817 939 3871 in
987 3818 1066 3872 eis
1115 3828 1273 3872 sunt:
1321 3817 1412 3886 qui
1463 3832 1558 3886 per
1599 3814 1857 3885 Spiritum

295 3917 568 3970 sanctum,
597 3915 651 3960 et
678 3920 775 3975 per
799 3921 860 3960 os
882 3904 1048 3960 David
1073 3907 1220 3975 pueri
1254 3907 1328 3958 tui
1369 3905 1572 3960 dixisti.
1610 3923 1628 3957 ι
1663 3904 1728 3959 Et
1750 3906 1860 3959 sic-

290 3998 584 4066 utaequalis
618 4003 902 4064 potestate,
934 4007 987 4050 et
1007 3997 1194 4052 similis
1216 3997 1382 4061 Patri,
1418 3999 1485 4051 ‘et
1515 3997 1855 4060 Dominator,

293 4086 612 4160 Unigenitus
635 4088 966 4160 signiﬁcatur
981 4089 1133 4160 juxta
1157 4089 1308 4154 illud,
1335 4106 1353 4141 ι
1375 4087 1719 4157 Quaecunque
1742 4087 1854 4161 (58)

362 4292 476 4362 (εδ)
529 4291 609 4344 Ad
655 4289 999 4346 Timotheum.
1057 4288 1115 4345 In
1171 4289 1343 4362 prima
1409 4291 1568 4359 epist.
1618 4302 1736 4359 cap.
1792 4304 1854 4354 ιι,

289 4363 842 4556 γεὲίέὶξὺηὶθεηὶιιω.
889 4429 1074 4486 Gra‘ca
1129 4429 1297 4485 editio

289 4503 358 4556 Ti
393 4521 438 4556 ε.
473 4504 534 4556 Et
562 4519 656 4556 oro
690 4505 745 4555 ἐν
771 4505 881 4556 τοῖς
931 4501 1151 4556 κόλποις
1180 4501 1297 4554 habt

289 4498 438 4566 Υἱός.
459 4498 534 4556 Et
562 4498 656 4572 pro
690 4505 745 4555 ἐν
771 4505 894 4572 τοῖς
931 4501 1151 4564 κόλποις
1166 4498 1368 4572 liabet,
1411 4501 1494 4572 είς
1519 4499 1609 4554 τὸν
1632 4498 1848 4572 κόλπον,

290 4573 342 4628 id
371 4580 472 4635 est,
506 4590 526 4625 ι
564 4569 616 4628 in
647 4575 818 4628 sinu.)
853 4570 985 4626 Vide
1013 4583 1122 4627 not.
1156 4570 1246 4635 84,
1279 4586 1399 4641 pag.
1427 4569 1516 4635 27,
1542 4579 1596 4624 et
1619 4578 1730 4623 not.
1763 4569 1852 4634 15,

287 4642 725 4785 φῗέδῖϐᾏιιετὶ.
779 4714 802 4785 l
860 4712 990 4785 ς]ορ
1027 4727 1127 4785 xtl,
1167 4710 1220 4763 9.
1275 4709 1452 4785 _E_ditio
1486 4669 1674 4785 Grieca
1709 4722 1852 4785 nunc

287 4778 496 4855 babet':
529 4786 587 4839 ἐν
627 4783 706 4855 τῷ
747 4781 907 4855 αύτῷ-
942 4780 1469 4855 Πνεύματιηίᾠθει,
1507 4778 1632 4855 i_iu
1665 4779 1853 4832 eodem

289 4854 514 4921 Spiritu.
577 4874 596 4906 ι
643 4847 748 4908 Sed
817 4847 1380 4921 vulgatus'int._legit
1429 4859 1493 4921 ut
1535 4847 1848 4921 Didymus:

288 4918 450 4978 vertit
475 4925 616 4979 enim
651 4934 818 4979 totum
849 4921 1169 4977 versiculum
1202 4919 1280 4974 sic
1315 4938 1327 4972 :
1377 4937 1396 4970 ι
1432 4918 1600 4972 Alteri
1638 4918 1770 4970 tides
1799 4918 1850 4970 in

287 4996 476 5048 eodem
511 4994 723 5063 Spiritu
760 5012 775 5047 :
812 4993 902 5063 alii
949 4992 1122 5061 gratia
1155 4990 1454 5046 sanitatum
1488 4990 1541 5042 in
1585 5003 1692 5042 uno
1732 4986 1856 5058 Spi-

285 5067 474 5144 riltnmt
508 5061 642 5144 Vide
669 5079 838 5131 segm.
877 5061 1036 5144 “ub.

509 5127 748 5208 (ignitum
776 5149 902 5186 esse.
933 5133 1168 5208 Psal.At_t,
1197 5131 1333 5208 ’δἐι
1354 5127 1516 5208 ῌεὺς.
1547 5143 1584 5190 t,
1615 5127 1690 5208 5._
1773 5167 1776 5170 -
1823 5197 1849 5208 _

377 5197 470 5274 2'7)
500 5203 651 5274 ﬁgo.
699 5202 1020 5274 Jnan._xvt,
1067 5197 1160 5265 27,
1213 5201 1327 5274 2_8._
1367 5197 1508 5274 Ἐγὼ
1551 5197 1705 5270 παρά
1756 5197 1851 5252 τοῦ

287 5269 420 5344 Θεοῦ
451 5269 702 5344 ’ἐξῇλθοιν
740 5272 958 5344 ἐξῆλθον
985 5275 1150 5344 παραγ
1164 5269 1256 5344 τοῦ
1280 5269 1513 5343 Πατρός.

359 5341 970 5424 ξγζὶιίῑιιηιλιῑοιιιεζ
1001 5341 1091 5424 35v,
1128 5343 1218 5395 ‘26.
1291 5389 1350 5424 -,_
1405 5341 1414 5343 “
1473 5410 1523 5424 Η
1586 5409 1600 5424 1
1673 5407 1686 5420 ⁹

361 5409 472 5481 (29)
511 5413 722 5467 Dictum
762 5413 873 5466 Det".
933 5413 1124 5480 Ephes.
1158 5427 1231 5472 vr.
1287 5411 1375 5473 i7,
1437 5410 1524 5465 ubi
1586 5409 1782 5479 legitur
1835 5425 1849 5461 :

285 5481 386 5570 fil".
436 5481 867 5570 μάκαξρξινθττεὶιὲ,
898 5477 1850 5570 πνεύιιεῑξςξ,δσέῖῖε,,έῆμξ,,⁶ἓεῗιὲς

291 5550 548 5624 Vulgatns
586 5550 682 5608 iiit.
714 5555 873 5609 vertit
902 5570 916 5606 :
961 5570 980 5603 ι
1031 5550 1262 5622 gladium
1292 5550 1525 5618 Spiritus
1551 5590 1567 5614 ,
1597 5551 1738 5619 quod
1770 5560 1854 5601 est

288 5627 508 5701 verbum
542 5625 650 5679 Dei.
691 5643 709 5677 ι
748 5624 851 5678 Sed
891 5622 1146 5694 Didymus
1199 5623 1448 5701 vocula‘ui
1486 5620 1726 5701 retulit
1783 5621 1853 5701 ad

289 5691 623 5820 ἕνεύμαιὶῖς,
687 5707 744 5750 ιιι
782 5689 1008 5750 εθιιειιδ’
1037 5702 1179 5747 esset
1230 5709 1243 5743 :
1285 5707 1302 5740 ι
1350 5689 1450 5756 Qui
1497 5693 1729 5759 Spiritus
1773 5699 1852 5743 est

337 5775 495 5819 Ictum
571 5785 637 5822 Cl.
681 5785 698 5818 ι

1965 3262 2152 3334 ὥσπερ
2189 3263 2277 3316 διὰ
2313 3263 2406 3316 τοῦ
2435 3265 2566 3317 Υἱοῦ
2614 3264 2791 3318 πάντα
2836 3267 3068 3334 ἐγένετο,
3099 3269 3273 3334 οὕτως
3314 3272 3421 3324 ὑπὸ
3450 3273 3548 3325 τοῦ

1965 3356 2278 3427 Πνεύματος
2319 3358 2496 3412 πάντα
2524 3357 2760 3429 ἡγιάσθη
2808 3361 2903 3412 καὶ
2941 3361 3342 3436 ἐνεδυναμώθη.
3374 3365 3549 3419 Φασὶν

1963 3448 2070 3518 γὰρ
2097 3450 2144 3500 οἱ
2166 3447 2487 3503 ἀπόστολοι·
2529 3471 2547 3501 ι
2565 3448 2832 3511 Δέσποτα,
2856 3451 2884 3502 6
2913 3453 3144 3524 ποιήσας
3166 3453 3256 3507 τὸν
3286 3456 3545 3526 οὐρανὸν,

1968 3538 2060 3590 καὶ
2097 3538 2195 3608 τὴν
2245 3539 2370 3609 γῆν,
2427 3540 2522 3594 καὶ
2571 3540 2666 3612 τὴν
2701 3539 2998 3606 θάλασσαν,
3033 3546 3126 3598 καὶ
3168 3546 3343 3599 πάντα
3380 3547 3453 3601 τὰ
3488 3549 3548 3602 ἐν

1967 3629 2179 3692 αὐτοῖς·
2216 3633 2244 3682 6
2288 3629 2374 3682 διὰ
2417 3631 2734 3703 Πνεύματος
2769 3640 2946 3709 ἁγίου,
2991 3637 3256 3707 στόματος
3288 3639 3346 3692 δὲ
3376 3642 3547 3695 Δαυῖδ

1969 3719 2156 3782 παιδός
2179 3737 2271 3773 σου
2293 3719 2480 3775 εἰπών.
2514 3743 2533 3775 ι
2569 3726 2678 3779 Καὶ
2709 3731 2852 3783 καθὰ
2888 3729 3201 3798 ίσοδύναμος
3236 3732 3325 3783 καὶ
3354 3733 3546 3802 ὅμοιος

1965 3812 1992 3863 6
2029 3811 2338 3882 Μονογενὴς
2364 3812 2439 3884 τῷ
2478 3815 2654 3888 Πατρὶ
2680 3821 2772 3872 καὶ
2807 3820 3157 3892 ὲξουσιαστὴς
3188 3823 3546 3892 σημαίνεται,

1965 3901 2201 3968 κατὰτὸ,
2241 3922 2260 3955 ι
2295 3905 2434 3960 Ὅσα
2457 3906 2523 3960 ἂν
2553 3914 2677 3983 ποιῇ
2719 3914 2748 3966 6
2786 3913 2994 3984 Πατὴρ,
3020 3912 3192 3967 ταῦτα
3224 3915 3315 3967 καὶ
3353 3917 3381 3968 6
3407 3915 3544 3979 Υἱὸς

1962 3995 2160 4065 ὁμοίως
2202 3999 2372 4049 ποιεῖ·
2402 4017 2420 4049 ι
2477 3999 2740 4065 ὡσαύτως
2772 4003 2866 4056 καὶ
2911 4003 2972 4057 τὸ
3008 4003 3231 4074 Πνεῦμα
3273 4003 3367 4056 τοῦ
3396 4005 3542 4058 Θεοῦ

1963 4084 2210 4154 κατὰτὸ,
2244 4105 2262 4140 ι
2295 4088 2479 4142 Πάντα
2534 4090 2592 4143 δὲ
2646 4093 2818 4146 ταῦτα
2854 4095 3064 4166 ἐνεργεῖ
3111 4097 3173 4148 τὸ
3224 4094 3282 4147 ἓν
3335 4096 3430 4148 καὶ
3479 4097 3543 4150 τὸ

2003 4289 2246 4372 ,(50-5ξ)
2288 4292 2518 4362 Spiritus
2537 4295 2674 4372 pris.
2709 4292 2849 4372 Psal.
2893 4309 3091 4372 xxxtt._
3123 4313 3142 4346 ι
3191 4291 3375 4350 Flatus
3406 4297 3540 4353 Om-

1965 4362 2272 4428 nipotentis,
2311 4383 2328 4413 ι
2366 4379 2505 4416 vers.
2531 4363 2584 4428 6,
2615 4374 2668 4416 et
2705 4362 2804 4417 Job
2840 4380 3030 4426 XXXIII,
3063 4365 3116 4418 4.

1357 4443 1456 4512 pro
1493 4427 1624 4512 Θεός
1669 4427 1851 4512 liabet,

2025 4427 2146 4512 (62)
2178 4430 2354 4512 Emis.
2379 4427 2581 4512 _Ep|tes.
2615 4433 2982 4512 IV,_5..GI':I'C:I
3013 4437 3102 4512 ed.
3140 4430 3251 4512 εἷς,
3292 4437 3410 4492 sine
3443 4457 3525 4492 ar-

1961 4500 2144 4572 ticulo.
2175 4500 2242 4572 Et
2273 4502 2430 4568 paulo
2466 4514 2602 4570 post,
2645 4505 2674 4556 6
2702 4504 2797 4572 ἐπέ
2819 4521 2915 4572 pro
2944 4505 3035 4558 καὶ
3060 4505 3172 4560 ἐπί.

1954 4571 2134 4694 didi?)
2163 4569 2248 4624 Ex
2277 4589 2336 4640 eo
2379 4568 2536 4642 qudd'
2573 4572 2715 4643 Lego
2766 4568 2945 4647 ᾖνρτο
2991 4576 3044 4644 ἦ.
3115 4577 3378 4644 scriptura
3434 4594 3533 4631 en-

1993 4655 2110 4695 ICIS.

2026 4709 2137 4778 (δι)
2176 4709 2299 4774 Qui.
2335 4709 2491 4768 Joan.
2515 4725 2624 4775 xw,
2651 4712 2703 4767 9.

2023 4779 2170 4904 (15329
2197 4779 2261 4834 In
2329 4780 2446 4836 hoc.
2499 4779 2716 4836 lJoan.
2763 4797 2855 4849 tv,
2903 4783 2985 4837 15.
3041 4781 3174 4838 Vide
3234 4796 3346 4840 not.
3416 4789 3528 4853 15,

1990 4864 2072 4906 θα.
2099 4864 2191 4906 23.

1953 4863 2356 4996 paigéﬁjuijiunt.
2386 4921 2588 4996 Codex,
2631 4922 2817 4996 (pnciv.
2858 4921 3030 4996 Lego.
3054 4925 3238 4996 φασιν.

2025 4989 2136 5056 (57)
2177 4990 2414 5046 Domine.
2455 4992 2574 5047 Act.
2621 4989 2705 5054 rv.‘
2744 4993 2813 5046 24
2863 4989 3077 5050 ειῖὅζ
3127 4995 3314 5050 ϐιωοιι
3360 4997 3530 5049 editio

1952 5070 2071 5128 post
2095 5060 2339 5114 Δέσποτα
2368 5061 2534 5127 addit,
2569 5065 2632 5116 σὺ
2683 5063 2712 5115 6
2743 5063 2906 5126 Θεός·
2942 5064 3136 5120 deinde
3189 5066 3389 5118 omittit
3425 5083 3524 5120 vo-

1954 5144 2074 5189 ces.
2108 5133 2136 5183 6
2177 5131 2264 5184 διὰ
2295 5131 2608 5201 Πνεύματος
2645 5134 2822 5202 ἁγίου.
2879 5133 3132 5202 Vulgatns
3177 5137 3447 5202 interpres
3495 5155 3527 5190 e

1954 5202 2225 5255 contrario
2254 5218 2354 5256 nec
2387 5203 2546 5257 habet
2576 5219 2770 5258 nomen
2805 5202 2931 5257 illud
2973 5222 2992 5255 ι
3030 5207 3189 5269 Deus,
3229 5223 3248 5257 ι
3285 5217 3338 5259 et
3375 5209 3529 5259 addit

1953 5283 2132 5344 voces,
2169 5290 2188 5322 ι
2228 5270 2635 5344 Spiritusancto
2667 5292 2686 5326 ι
2726 5275 2952 5344 {itaque
2977 5273 3102 5344 legit
3138 5277 3305 5329 ferme
3347 5288 3401 5328 ut
3434 5277 3526 5326 lti-

1955 5340 2178 5410 dymus;
2206 5347 2292 5408 qui
2320 5343 2372 5394 in
2391 5341 2526 5398 libro
2547 5345 2707 5398 etiam
2733 5343 2807 5396 De
2837 5340 3231 5411 Spirim'saucto
3254 5361 3402 5397 num.
3426 5344 3523 5404 29.

1953 5412 2140 5463 eadem
2174 5412 2380 5465 ratione
2408 5411 2580 5466 locum
2614 5413 2758 5467 hunc
2788 5415 3048 5467 citaverat
3077 5429 3092 5466 :
3140 5416 3217 5468 sic
3259 5416 3400 5468 enim
3451 5417 3522 5468 ibi

1957 5481 2228 5554 transtulit
2265 5479 2622 5554 Hieronymus
2663 5501 2694 5554 :_
2722 5483 2786 5537 Et
2836 5485 2890 5554 in
2935 5485 3110 5536 eodem
3151 5501 3334 5554 rursus
3382 5485 3521 5537 libro

1958 5553 1975 5623 (
2001 5550 2051 5601 in
2088 5549 2236 5623 Actis
2263 5549 2854 5623 scilicet‘apostolorum
2881 5552 2900 5623 )
2934 5569 2948 5606 :
2978 5555 3078 5619 Qui
3108 5569 3202 5621 per
3232 5552 3522 5619 Spiritum,

1955 5621 2146 5688 inquit,
2189 5630 2431 5673 sanctum
2463 5621 2558 5675 ore
2587 5621 2936 5689 Davidpneri
2976 5627 3046 5676 ttti
3087 5625 3296 5677 loeutus
3322 5641 3400 5676 es.

2027 5690 2136 5760 (38)
2153 5689 2674 5760 QttwcunqueJoan.
2693 5693 2842 5758 v,i‘.l.
2870 5692 2998 5748 Vide
3026 5706 3131 5748 not.
3160 5695 3248 5760 7-1,
3277 5711 3396 5764 pag.
3439 5693 3521 5747 ιθ.
