3688 6310
370 371 472 423 499

1634 379 1861 435 DlDYMl
1905 381 1961 435 Al

2118 378 2367 433 lNDRlNl
3493 370 3577 431 500

457 483 516 535 Et
545 483 682 539 sicul
710 499 805 553 per
839 485 1075 552 Patrem,
1130 499 1183 544 et
1212 488 1403 543 Filium
1451 489 1681 559 Spiritus
1728 502 1945 548 sanctus

2118 492 2224 544 Καὶ
2251 491 2437 560 ὥσπερ
2461 487 2546 540 διὰ
2586 485 2678 540 τοῦ
2725 484 2937 557 Πατρὸς
2968 483 3061 538 καὶ
3098 483 3192 537 τοῦ
3222 483 3346 538 Υίοῦ
3372 485 3426 537 ei)
3451 487 3579 555 ἅγιον

372 572 554 640 datur,
582 574 735 642 juxta
767 577 919 639 illud,
957 597 975 629 ι
1013 580 1290 635 Ell'undam
1327 581 1437 651 (57)
1482 582 1547 636 de
1587 583 1786 653 Spiritu
1823 598 1942 639 meo

370 679 531 733 super
555 682 767 721 omnem
792 683 1038 736 carnem,
1080 688 1100 723 ι
1127 680 1181 726 et
1226 672 1381 742 juxta
1434 672 1582 735 illud,
1626 692 1645 724 ι
1702 673 1943 743 Accipite

373 755 486 827 (58)
517 756 775 826 Spiritum
817 771 1093 828 sanctum;
1131 782 1151 815 ι
1203 764 1281 818 sic
1330 777 1425 833 per
1475 763 1734 834 Spiritum
1783 778 1942 819 sanc—

372 854 483 899 tum
513 849 673 902 datur
701 846 971 915 Christus,
1003 850 1155 919 juxta
1182 852 1405 906 Paulum
1438 853 1506 907 ad
1547 853 1806 922 Ephesios
1831 855 1945 908 haec

374 936 730 992 scribentem:
770 957 790 991 ι
836 940 906 995 Ut
934 943 1022 997 det
1042 943 1153 1013 (59)
1192 943 1344 998 vobis
1380 944 1672 999 secundum
1732 945 1944 999 divitias

373 1026 556 1095 gloria:
580 1043 710 1096 sum,
744 1031 941 1086 virtute
972 1033 1314 1088 corroborari
1364 1048 1461 1103 per
1515 1034 1773 1103 Spiritum
1805 1034 1942 1102 eius,

382 1120 436 1173 in
473 1120 782 1177 interiorem
834 1123 1104 1180 hominem
1145 1125 1417 1180 Christum
1452 1126 1717 1181 habitare.
1749 1145 1768 1178 ι
1797 1126 1944 1181 Illam

298 1214 303 1219 ’
372 1227 504 1268 vero
538 1212 885 1282 locutionem,
916 1237 933 1268 ι
966 1216 1163 1271 Factus
1206 1218 1316 1289 (60)
1374 1228 1458 1273 est
1506 1232 1685 1274 sermo
1734 1219 1945 1273 Domini

374 1303 440 1354 ad
472 1302 614 1355 hunc
642 1306 976 1373 prophetam,
1011 1324 1029 1358 ι
1050 1314 1104 1360 et
1137 1306 1302 1375 illam,
1340 1326 1359 1360 ι
1386 1308 1643 1364 Dominus
1666 1310 1823 1375 dixit,
1846 1328 1864 1361 ι
1890 1320 1946 1365 et

374 1392 539 1456 illam,
569 1409 587 1443 ι
621 1392 743 1449 Haec
774 1394 901 1450 dicit
930 1397 1188 1451 Dominus
1224 1398 1590 1470 omnipotens,
1629 1418 1647 1451 ι
1683 1399 1842 1455 simili
1893 1409 1948 1456 et

373 1484 565 1553 aequali
598 1485 755 1540 modo
795 1486 1144 1557 accipiamus,
1184 1504 1248 1543 ac
1279 1489 1433 1554 illud,
1464 1492 1606 1560 quod
1671 1492 1723 1545 in
1748 1492 1895 1546 Actis
1915 1506 1946 1545 a

374 1573 533 1630 Petro
555 1576 752 1632 dictum
778 1588 879 1643 est,
918 1599 936 1631 ι
984 1580 1281 1649 Oportebat
1309 1582 1426 1654 (61)
1456 1583 1665 1653 impleri
1698 1584 1945 1655 Scriptu-

375 1681 515 1731 ram,
546 1681 706 1736 quam
734 1671 982 1739 praedixit
1013 1671 1247 1742 Spiritus
1270 1686 1491 1730 sanctus
1517 1694 1530 1741 ;
1569 1696 1587 1728 ι
1626 1686 1681 1731 et
1712 1676 1762 1731 id
1806 1678 1947 1746 quod

375 1754 571 1813 Paulus
598 1759 781 1816 Romae
814 1762 1012 1818 Iudaeis
1065 1766 1220 1829 dixit,
1270 1784 1288 1817 ι
1351 1766 1517 1823 Recte
1569 1768 1679 1840 (62)
1716 1770 1949 1840 Spiritus

2045 581 2267 652 Πνεῦμα
2309 579 2530 639 δίδοται,
2576 573 2718 627 κατὰ
2744 574 2825 637 τὸ,
2864 591 2882 625 ι
2930 571 3135 642 Ἐκχεῶ
3170 572 3276 624 ἀπὸ
3305 572 3393 624 τοῦ
3441 573 3580 628 Πνεῦ-

2047 675 2213 744 ματός
2240 689 2338 743 μου
2360 671 2453 725 ἐπὶ
2480 672 2657 724 πᾶσαν
2691 669 2889 738 σάρκα,
2915 684 2933 717 ι
2965 667 3059 718 κα).
3086 662 3226 716 κατὰ
3255 663 3331 725 τὸ,
3368 682 3384 714 ι
3408 666 3581 719 Λάϐετε

2046 764 2266 835 Πνεῦμα
2302 764 2481 832 ἆγιον·
2522 781 2540 813 ι
2578 761 2748 824 οὕτως
2795 758 2883 811 διὰ
2914 756 3007 810 τοῦ
3056 756 3210 825 ἁγίου
3246 754 3530 825 Πνεῦματος
3559 759 3582 809 ὀ

2045 857 2310 929 Χριστὸς,
2370 855 2511 909 κατὰ
2563 854 2653 907 τὸν
2712 850 2925 906 Παῦλον
2984 848 3250 919 Ἐφεσίοις
3303 846 3578 916 γράφοντα·

2051 966 2069 999 ι
2103 950 2216 1001 Ἵνα
2243 948 2320 1019 δῷ
2350 950 2503 1018 ὑμῖν,
2536 945 2675 999 κατὰ
2722 943 2812 997 τὸν
2859 940 3085 994 πλοῦτον
3125 939 3223 1009 τῆς
3255 937 3406 1006 δόξης
3430 936 3581 999 αὐτοῦ,

2045 1038 2270 1108 δυνάμει
2306 1035 2708 1111 κραταιωθῆναι
2737 1033 2825 1087 διὰ
2871 1030 2964 1085 τοῦ
2993 1030 3306 1100 Πνεῦματος
3333 1027 3501 1091 αὑτοῦ,
3522 1030 3584 1091 εἰς

2045 1130 2137 1182 τὸν
2166 1130 2274 1184 ἔσω
2301 1128 2585 1201 ἄνθρωπον
2616 1126 2940 1196 κατοικῆσαι
2968 1125 3059 1177 τὸν
3089 1121 3339 1193 Χριστόν.
3380 1139 3397 1170 i
3434 1119 3586 1172 Ἐπιλά-

2046 1220 2235 1289 6οιμεν
2264 1220 2310 1273 δ’
2337 1219 2403 1273 ἂν
2442 1221 2500 1273 ὲν
2533 1218 2704 1289 ὁμοίῳ
2736 1217 2830 1269 καὶ
2882 1217 2981 1285 ῐσῳ
3008 1214 3088 1280 τὸ,
3130 1233 3147 1266 ι
3187 1212 3426 1281 Ἐγένετο
3448 1211 3586 1279 Λόγος

2047 1311 2251 1381 Κυρίου
2284 1309 2420 1382 πρὸς
2447 1310 2596 1364 τόνδε
2625 1310 2716 1362 τὸν
2749 1309 3055 1380 προφήτην.
3084 1326 3100 1357 ι
3143 1306 3234 1359 καὶ
3261 1304 3344 1368 τὸ,
3372 1322 3389 1353 ι
3419 1302 3587 1375 Κῦριος

2047 1398 2220 1466 εἶπεν,
2253 1420 2271 1453 ι
2316 1404 2429 1465 καὶ,
2468 1420 2485 1452 ι
2521 1400 2660 1454 Τάδε
2712 1399 2858 1467 λέγει
2900 1397 3103 1469 Κύριος
3136 1394 3539 1466 παντοκράτωρ,
3569 1414 3582 1443 ι

2045 1492 2124 1564 τῷ
2148 1494 2203 1546 ἐν
2226 1496 2347 1556 ταῖς
2382 1490 2653 1564 Πράξεσιν
2686 1492 2791 1544 ὑπὸ
2824 1490 3029 1561 Πέτρου
3081 1487 3385 1559 εἰρημένῳ·
3428 1504 3445 1536 ι
3469 1485 3587 1537 Ἔδει

2049 1583 2400 1655 πληρωθῆναι
2426 1583 2525 1652 τὴν
2560 1580 2803 1653 Γραφὴν,
2838 1581 2904 1651 ἣν
2940 1581 3199 1651 προεῖπεν
3228 1576 3290 1629 τὸ
3315 1574 3519 1645 Πνεῦμα
3542 1577 3589 1627 τ)

2048 1671 2201 1740 ἅγιον
2223 1711 2237 1735 ,
2273 1690 2290 1722 ι
2328 1672 2421 1724 κα)¹
2462 1669 2542 1740 τῷ
2596 1669 2701 1722 ὑπὸ
2748 1667 2962 1720 Παύλου
2999 1669 3057 1719 ἐν
3094 1665 3280 1735 Ῥώμῃ
3326 1665 3456 1735 πρὸς
3489 1664 3588 1727 τοὺς

2062 1763 2363 1825 Ἰουδαίους.
2397 1778 2418 1813 ι
2449 1759 2646 1824 Καλῶς
2685 1759 2748 1812 τὸ
2800 1758 3026 1828 Πνεῦμα
3076 1756 3136 1810 τὸ
3179 1758 3334 1824 ἆγιον
3366 1756 3589 1823 ἐλάλησεν

374 1856 591 1903 sanctus
620 1850 827 1907 locutus
874 1863 956 1908 est
989 1868 1084 1923 per
1120 1854 1315 1910 Isaiam
1358 1859 1704 1928 prophetam;
1746 1879 1764 1912 ι
1789 1868 1845 1915 et
1882 1859 1947 1913 il-

2118 1856 2134 1907 ι
2176 1855 2397 1907 Ἡσαΐου
2431 1853 2524 1907 τοῦ
2549 1855 2851 1927 προφήτου,
2884 1871 2901 1903 ι
2933 1852 3027 1903 καὶ
3057 1849 3155 1920 τῷ,
3192 1850 3295 1903 «Τὸ
3320 1849 3373 1902 δε
3402 1849 3590 1919 Πνεῦμι

376 1935 486 2003 Ind,
525 1956 544 1989 ι
586 1940 817 2007 Spiritus
846 1943 958 2014 (65)
985 1954 1166 2000 autem
1210 1947 1495 2004 manifeste
1536 1950 1693 2017 dicit;
1728 1970 1746 2003 ι
1783 1960 1836 2004 et
1879 1952 1944 2003 il-

374 2027 488 2094 lud,
526 2048 545 2081 ι
596 2030 721 2086 Hazc
747 2032 857 2104 (64)
892 2036 1022 2089 dicit
1047 2037 1303 2091 Dominus
1327 2038 1686 2106 omnipotens.
1730 2058 1749 2090 ι
1788 2040 1851 2093 Et
1874 2040 1947 2094 illi

376 2123 565 2191 textui,
620 2143 637 2175 ι
675 2124 812 2180 Deus
862 2126 973 2198 (65)
1011 2137 1307 2195 aeternus,»
1352 2130 1641 2198 respondet
1690 2131 1946 2200 aequalem

374 2213 710 2280 maiestatem
740 2217 999 2271 denotans
1030 2219 1169 2286 quod
1196 2234 1223 2272 a
1252 2218 1420 2275 Paulo
1443 2228 1527 2275 est
1555 2221 1903 2290 praedicatum
1933 2239 1947 2275 :

381 2317 400 2352 ι
435 2301 533 2368 Qui
564 2303 675 2375 (66)
715 2308 1062 2377 semetipsum
1116 2308 1312 2363 obtulit
1350 2324 1447 2378 per
1486 2309 1744 2378 Spiritum
1788 2318 1949 2365 aeter-

375 2408 538 2456 num;
570 2413 588 2446 ι
609 2404 664 2450 et
684 2412 804 2451 cum
832 2398 937 2453 illis
955 2399 1169 2455 verbis:
1202 2417 1221 2452 ι
1248 2399 1415 2456 Nemo
1444 2402 1557 2471 (67)
1583 2413 1756 2472 potest
1778 2402 1951 2472 Spiri-

376 2493 489 2540 tum
511 2497 754 2542 sanctum
782 2490 1027 2559 accipere
1051 2491 1157 2547 nisi
1186 2507 1216 2546 a
1245 2494 1491 2562 Domino,
1525 2513 1543 2545 ι
1575 2496 1810 2566 itemque
1828 2510 1949 2549 cum

379 2577 482 2634 illis
501 2586 529 2634 :‘
553 2599 571 2632 ι
596 2582 836 2652 Accipite
861 2582 972 2653 (68)
1006 2582 1265 2653 Spiritum
1288 2584 1447 2656 1M
1463 2595 1728 2653 sanctum,
1754 2604 1772 2638 ι
1806 2601 1955 2641 com-

378 2679 634 2738 parantur
669 2674 813 2730 haac:
853 2692 872 2726 ι
910 2675 1079 2731 Nemo
1110 2674 1220 2748 (69)
1257 2687 1431 2746 potest
1454 2677 1635 2731 dicere
1670 2676 1951 2731 Dominum

378 2762 556 2816 Jesum
575 2764 867 2833 Christum,
889 2768 988 2821 nisi
1010 2768 1062 2821 in
1087 2767 1289 2838 Spiritu
1334 2779 1587 2830 sanctop
1621 2777 1693 2833 et,
1727 2768 1953 2822 «Deduci

382 2855 495 2925 (70)
533 2868 562 2907 a
599 2855 799 2924 Spiritu
840 2867 1027 2912 sancto
1056 2859 1122 2913 ad
1152 2860 1457 2924 veritatem,
1495 2877 1513 2908 ι
1548 2873 1759 2927 nempe,
1793 2859 1953 2912 dedu-

382 2948 427 2997 ci
453 2962 480 2997 a
512 2944 713 3014 Spiritu
741 2957 931 3001 sancto
955 2949 1021 3002 ad
1054 2962 1239 3002 veram
1278 2949 1453 3008 (idem,
1490 2948 1630 3001 idem
1663 2958 1744 3002 est
1772 2962 1836 3001 ac
1862 2949 1955 3001 deo

383 3037 503 3090 duci
537 3052 565 3089 a
600 3036 826 3092 Domino
853 3039 1090 3105 Christo,
1122 3040 1235 3094 haac
1293 3040 1635 3109 praecipiente
1672 3057 1685 3092 :
1719 3057 1737 3091 ι
1773 3038 1956 3109 Bapti-

382 3135 568 3182 zautes
594 3127 704 3198 (71)
733 3144 825 3185 eos
856 3130 907 3183 in
932 3133 1147 3186 nomine
1177 3131 1374 3195 Patris,
1404 3140 1459 3186 et
1486 3130 1628 3194 Filii,
1679 3141 1734 3187 et
1781 3131 1953 3201 Spiri-

385 3226 473 3272 tus
521 3221 725 3285 sancti;
766 3239 784 3272 ι
819 3229 871 3275 et
892 3237 1010 3275 cum
1039 3223 1104 3277 iis
1125 3223 1319 3286 verbis,
1349 3241 1367 3273 ι
1398 3223 1478 3275 An
1503 3222 1817 3276 annolamur
1840 3222 1952 3292 (72)

2050 1946 2227 2016 ῥητῶς
2246 1945 2411 2015 λέγει·
2427 1964 2445 1996 ι
2468 1946 2562 1999 καὶ
2586 1963 2604 1995 ι
2632 1944 2767 1999 Τάδε
2785 1944 2935 2012 λέγει
2958 1942 3161 2014 Κύριος
3179 1942 3585 2012 παντοκράτωρμ

2063 2037 2322 2108 ’ἰσότιμον
2354 2055 2415 2090 τε
2459 2036 2558 2107 τῷ,
2593 2054 2612 2087 ι
2656 2037 2714 2089 '0
2756 2035 2888 2098 Θεὸς
2925 2034 3162 2098 αἰώνιος,
3195 2052 3212 2085 ι
3249 2033 3314 2085 τὸ
3346 2034 3445 2086 ὑπὸ
3474 2031 3591 2087 [lati-

2048 2128 2138 2181 λου
2177 2127 2467 2199 κηρυχθὲν,
2506 2146 2524 2177 ι
2560 2128 2655 2189 Ὃς
2698 2126 2894 2179 ἑαυτὸν
2940 2126 3311 2196 προσήνεγκεν
3343 2123 3426 2177 διὰ
3456 2122 3592 2176 Πνεῦ-

2053 2237 2219 2290 ματος
2247 2218 2486 2272 αἰωνίου.
2515 2236 2532 2268 ι
2563 2217 2918 2286 Συγκριτικόν
2942 2234 3001 2269 τε
3025 2215 3122 2287 τῷ,
3158 2235 3175 2267 ι
3200 2215 3387 2277 Οὐδεὶς
3405 2214 3593 2267 δύναται

2052 2310 2275 2381 Πνεῦμα
2332 2311 2485 2378 ἅγιον
2536 2308 2740 2375 λαϐεῖν,
2798 2308 2832 2379 ἦ
2885 2309 3037 2379 παρὰ
3083 2307 3314 2379 Κυρίου,
3347 2326 3365 2359 ι
3403 2307 3487 2358 καὶ
3513 2304 3591 2374 τῷ,

2056 2423 2075 2453 ι
2114 2402 2319 2456 Λάϐετε
2348 2400 2571 2472 Πνεῦμα
2593 2400 2768 2469 ἆγιον,
2798 2418 2816 2451 ι
2839 2400 2917 2464 τὸ,
2952 2419 2970 2450 ι
3001 2399 3189 2461 Οὐδεὶς
3214 2398 3429 2451 δύναται
3452 2399 3593 2450 εἰπεῖν

2054 2492 2254 2562 Κύριον
2288 2490 2493 2561 Ἰησοῦν
2526 2490 2781 2563 Χριστὸν,
2818 2492 2865 2542 εί
2902 2490 2976 2561 μὴ
3012 2492 3069 2542 ὲν
3106 2488 3381 2559 Πνεῦματι
3414 2488 3549 2557 ἁγίῳ.
3578 2508 3590 2538 ι

2054 2584 2258 2637 Ταυτόν
2294 2584 2353 2636 τέ
2388 2586 2535 2637 ἐστιν
2566 2583 2627 2635 τὸ
2661 2584 2708 2647 ὁ,
2745 2601 2762 2632 ι
2797 2581 3138 2653 ὐδηγείσθαι
3184 2581 3293 2633 ὑπὸ
3337 2580 3427 2632 τοῦ
3469 2580 3594 2646 ἁγίου

2054 2675 2370 2743 Πνεῦμα-τος
2400 2673 2536 2744 πρὸς
2565 2672 2663 2744 τὴν
2713 2670 2986 2743 ἀλήθειαν,
3025 2691 3044 2723 ι
3079 2670 3221 2723 τοῦτ’
3252 2671 3399 2723 ἔστιν
3426 2670 3479 2721 τὸ
3499 2670 3596 2738 661g-

2054 2766 2268 2834 γεῖσθαι
2312 2765 2418 2817 ὑπὸ
2457 2765 2549 2817 τοῦ
2603 2764 2757 2832 ἁγίου
2799 2762 3109 2832 Πνεῦματος
3141 2766 3280 2833 πρὸς
3316 2762 3419 2833 [65
3443 2760 3598 2832 ὺ]τὴν

2054 2854 2311 2925 ἀληθινὴν
2340 2854 2544 2916 πίστιν,
2598 2853 2675 2924 τῷ
2708 2853 3014 2924 ὣηγεῖσθαι
3070 2853 3173 2905 ὑπὸ
3216 2852 3313 2904 τοῦ
3365 2851 3598 2904 Aser-.6200

2055 2946 2289 3019 Χριστοῦ
2310 2985 2325 3009 ,
2364 2945 2729 3010 θεσπίζοντος’
2781 2964 2799 2996 ι
2832 2944 3189 3009 Βαπτίζοντες
3221 2943 3417 3005 αὐτοὺς
3454 2944 3521 3005 είς
3552 2942 3600 2993 τὸ

2055 3042 2223 3111 ὄνομα
2249 3040 2343 3093 τοῦ
2370 3038 2604 3109 Πατρὸς,
2625 3040 2719 3091 καὶ
2747 3037 2841 3091 τοῦ
2864 3038 3013 3103 Υίοῦ,
3044 3039 3138 3090 καὶ
3166 3037 3258 3090 τοῦ
3283 3038 3434 3104 ἁγίου
3462 3036 3600 3090 Πνεῦ-

2060 3149 2244 3203 ματος.
2286 3150 2303 3182 ι
2344 3131 2453 3183 Καὶ
2492 3130 2759 3193 ίσοσθενὲς
2789 3129 2867 3201 τῷ
2898 3129 3103 3199 λέγοντι
3147 3130 3316 3201 ῥητῷ,
3359 3152 3373 3177 α
3410 3130 3492 3199 Μὴ
3521 3145 3601 3181 πα·

2066 3220 2411 3294 ραςηλοῦμεν
2458 3220 2547 3273 τὸν
2594 3219 2840 3290 Κύριον;
2914 3221 3007 3291 Μὴ
3083 3221 3421 3291 ίσχυρότεροι
3469 3218 3602 3272 αὑτοῦ

387 3309 667 3364 Dominum
695 3313 717 3364 ?
742 3311 989 3381 Nunquid
1037 3313 1286 3367 fortiores
1324 3312 1413 3367 illo
1458 3326 1643 3367 sumus
1670 3313 1693 3365 ?
1722 3332 1740 3364 ι
1780 3326 1957 3380 aequa-

2118 3281 2259 3382 -μένς
2294 3281 2324 3363 »-
2349 3312 2410 3364 τὸ
2436 3312 2667 3381 γράφειν
2684 3281 2700 3341 ί
2716 3281 2836 3383 «Μή
2848 3281 3067 3365 λυπείτε
3092 3281 3389 3382 τδΠνεῦμα
3413 3312 3467 3364 τὸ
3479 3312 3603 3378 ἅγιον

386 3399 491 3454 lem
523 3403 629 3455 vim
666 3401 866 3458 habent
892 3403 1041 3459 haec:
1078 3423 1096 3455 ι
1134 3404 1313 3459 Nolite
1341 3404 1453 3475 (75)
1493 3405 1817 3458 contristare
1844 3403 1959 3471 Spi-

388 3492 549 3549 ritum
586 3505 829 3551 sanctum
858 3496 974 3562 Dei,
1009 3497 1062 3551 in
1094 3511 1201 3565 quo
1228 3496 1419 3567 signati
1451 3495 1584 3550 estis
1626 3497 1675 3548 in
1708 3497 1846 3550 diem
1878 3511 1959 3549 re-

489 3853 576 3924 58)
610 3853 856 3924 Accipite.
895 3854 1051 3908 Juan.
1086 3869 1185 3915 xx,
1225 3853 1315 3924 22.

487 3920 576 3993 59)
609 3924 677 3980 Ut
694 3920 798 3979 det.
831 3926 1025 3993 Ephes.
1058 3940 1153 3989 ιιι,
1179 3923 1266 3977 16.
1302 3920 1433 3977 Vide
1466 3929 1621 3977 notas
1636 3923 1725 3989 45,
1748 3922 1841 3981 44,
1867 3921 1960 3989 45,

463 3785 577 3855 (57)
617 3783 926 3855 Effundam.
964 3782 1098 3838 Joel.
1134 3782 1317 3855 ιι,

539 3787 627 3838 ἵι

539 3858 627 3907 i1

539 3924 627 3981 ll

575 3998 627 4052 9.

391 4014 831 4139 νθῗίῖὧῠὶθαειιιε.
874 4063 1068 4139 Ezech.
1116 4063 1260 4139 1,3,
1290 4072 1345 4116 et
1387 4061 1512 4117 alibi
1546 4061 1744 4139 passim
1781 4062 1831 4116 in
1861 4064 1965 4118 Ve-

392 4133 493 4195 teri
519 4133 884 4197 Testamento,
905 4136 1030 4188 item
1055 4142 1111 4187 ut
1131 4135 1293 4196 binm,
1318 4148 1435 4201 quae
1460 4133 1703 4202 proxime
1720 4148 1957 4202 sequun-

393 4219 484 4265 tur
512 4205 773 4260 formulae.

465 4278 576 4344 (61)
610 4274 906 4344 Oportebat.
935 4274 1057 4328 Act.
1088 4290 1128 4335 1,
1158 4273 1243 4327 16.

467 4342 581 4418 (62)
618 4343 788 4418 Recte.
815 4346 934 4399 Act.
960 4359 1148 4404 xxvnt.
1175 4344 1267 4418 25.
1304 4343 1437 4418 V_ide
1466 4354 1577 4418 not.
1605 4343 1696 4405 41,
1726 4342 1959 4418 ρος-58.

398 4413 746 4484 Ηιιιιοῖρειιιιι
775 4414 947 4469 locum
974 4430 1077 4469 non
1106 4416 1261 4469 modo
1284 4414 1440 4468 affert
1465 4414 1719 4484 Didymus
1750 4414 1800 4465 in
1826 4413 1964 4466 libro

396 4488 474 4543 De
497 4483 637 4556 Spir.
668 4483 897 4556 S.num.
915 4484 949 4538 5
968 4524 982 4549 ,
1003 4486 1373 4556 verumetiam
1400 4483 1645 4556 eumdem
1666 4526 1679 4549 ,
1705 4491 1769 4556 ut
1798 4493 1925 4552 puto
1945 4522 1959 4547 ,

2062 3404 2153 3457 τοῦ
2180 3404 2335 3470 Θεοῦ,
2370 3406 2426 3456 ὲν
2530 3404 2933 3475 ἐσφραγίσθητε
2964 3407 3043 3469 είς
3075 3405 3290 3476 ἡμέραν
3322 3401 3603 3474 ἀπολυτρὼ-

2066 3515 2218 3559 σεως.
2269 3516 2286 3547 ι
2345 3498 2453 3550 Καὶ
2502 3499 2843 3568 ὁμοιόλεκτον
2892 3497 3001 3569 τῷ,
3058 3517 3076 3551 ι
3122 3497 3521 3562 Ἐξαττοστελεῐς
3559 3495 3605 3547 τὸ

2129 3783 2238 3853 (65)
2280 3783 2532 3848 Spiritus.
2569 3783 2587 3837 Ι
2620 3784 2757 3838 Tim.
2788 3800 2863 3849 tv,
2902 3784 2953 3838 1.

2130 3852 2240 3919 (64)
2285 3852 2540 3924 Ηιεεηυι
2586 3854 2852 3924 intelligas
2890 3871 2987 3908 cur
3032 3856 3131 3909 ista
3174 3855 3339 3909 verba
3376 3856 3457 3910 hic
3478 3857 3606 3919 citet,

2063 3924 2183 3997 lege
2204 3924 2397 3997 librum
2428 3923 2502 3979 De
2517 3923 2657 3994 Spir.
2679 3922 2736 3979 S.
2766 3922 2914 3979 ilum.
2938 3925 3028 3978 28.
3066 3927 3193 3981 Vide
3223 3928 3387 3981 etiam
3420 3943 3529 3997 cap.
3560 3929 3607 3981 l‘J

2066 3995 2185 4047 libri
2213 3996 2527 4060 superioris.

2135 4062 2245 4133 (65)
2283 4064 2442 4118 Deus.
2486 4064 2589 4119 lsa.
2637 4080 2804 4129 XXVI,
2848 4064 2912 4129 4,
2963 4066 3051 4118 ubi
3110 4064 3265 4133 Vulg.
3314 4066 3415 4121 int.
3457 4067 3609 4121 aliter.

2072 4132 2388 4205 Videretiam
2421 4134 2590 4205 Epist.
2617 4138 2679 4188 ad
2707 4134 3004 4205 Rom.xv1,
3030 4135 3120 4202 9.6,
3151 4132 3365 4191 et’Dan.
3396 4153 3508 4205 xm,
3534 4137 3608 4194 42.

2134 4204 2245 4275 (66)
2280 4202 2402 4275 Qui.
2435 4204 2603 4275 Hebr:
2635 4221 2711 4264 Ix,
2747 4205 2834 4258 M.
2870 4204 3127 4275 Vulgatus
3153 4208 3246 4260 int.
3284 4208 3459 4262 aliter.

2130 4273 2241 4345 (67)
2280 4273 2468 4345 Nemo.
2499 4275 2550 4328 In
2578 4273 2763 4329 Bibliis
2797 4278 2910 4330 haec
2945 4273 3048 4329 non
3086 4288 3303 4331 exstant
3327 4318 3341 4342 ,
3372 4280 3424 4333 ni
3458 4278 3608 4333 fallor.

2063 4342 2247 4397 Simon
2278 4343 2464 4413 Magus
2504 4346 2821 4417 objurgatur
2850 4348 2969 4417 ᾼοι.
3000 4353 3118 4417 vlli,
3156 4347 3244 4411 20,
3282 4351 3427 4415 quod
3462 4350 3610 4417 Spiri-

2065 4424 2173 4483 tum
2191 4424 2633 4483 sanctumiemere
2655 4414 2829 4468 vellet.
2858 4416 2920 4469 Et
2940 4418 2990 4469 in
3016 4415 3181 4483 Epist.
3200 4419 3263 4470 ad
3291 4414 3445 4473 Rom.
3466 4414 3604 4475 xiu.l

2064 4482 2258 4556 legitur
2291 4503 2303 4539 :
2347 4501 2365 4534 ι
2405 4482 2532 4556 Non?
2552 4495 2637 4539 est
2672 4496 2946 4553 potestas,
2990 4482 3089 4541 uitii
3120 4503 3150 4540 a
3185 4487 3313 4542 Deo.
3354 4509 3373 4542 ι
3410 4490 3471 4543 Et
3493 4490 3609 4556 apud

398 4552 620 4628 respicit
642 4555 828 4610 eodem
857 4569 1079 4607 numero
1115 4554 1202 4608 ubi
1240 4554 1433 4628 legitur
1453 4568 1479 4628 _:
1510 4552 1574 4607 Et
1611 4554 1811 4628 Isaiam
1838 4568 1961 4628 pro;
1994 4572 2037 4625 ι)
2062 4554 2323 4607 Joannem
2355 4569 2445 4616 ιιι,
2475 4554 2543 4607 54
2574 4569 2589 4607 :
2636 4573 2655 4606 ι
2689 4557 2768 4609 Ad
2802 4572 3120 4628 mensuram
3152 4559 3239 4610 dat
3282 4560 3424 4613 Deus
3462 4552 3611 4626 Spiri-

437 4622 650 4684 hetasse
691 4633 1080 4679 commemorat
1122 4638 1242 4678 cum
1272 4622 1551 4679 a’rticulata
1594 4640 1725 4677 voce
1750 4663 1765 4687 ,
1787 4622 1874 4675 διὰ
1902 4622 1963 4676 τὸ

449 4698 624 4771 νεῦμα
659 4696 719 4750 τὸ
750 4695 924 4771 ἅγιον,
961 4695 1125 4771 idest
1150 4732 1165 4758 ,
1200 4710 1367 4771 t_per_
1384 4695 1524 4771 hnn_c
1549 4693 1963 4771 Spirit_t_t_mlsan-

396 4763 567 4831 ctum,
604 4787 622 4820 ι
657 4776 842 4821 etnon
877 4764 1189 4833 simpliciter
1230 4764 1454 4834 Πνεῦμα
1481 4763 1655 4833 ἆγιον.
1699 4764 1962 4818 Nimirum

398 4838 703 4910 huiusmodi
732 4835 1012 4910 lectionem
1040 4834 1349 4910 mendosam
1364 4850 1497 4910 esse
1526 4835 1810 4910 existimo;
1838 4850 1963 4888 nus-

398 4904 559 4977 quam
612 4908 754 4963 enim
807 4907 884 4960 ait
928 4904 1156 4971 Paulus,
1200 4906 1251 4959 ni
1286 4905 1481 4977 (fallor,
1523 4913 1613 4958 aut
1662 4906 1962 4977 scriptura,

399 4975 593 5035 Isaiam
623 4996 641 5030 ι
690 4976 1042 5046 prOphetasse
1069 4992 1166 5045 per
1205 4976 1462 5044 Spiritum
1494 4984 1738 5030 sanctum
1763 5014 1778 5038 ,
1819 4991 1837 5025 ι
1872 4975 1964 5027 sed

400 5052 519 5105 vice
546 5064 703 5103 versa
731 5050 826 5113 ait,
860 5065 879 5098 ι
906 5047 1163 5115 Spiritum
1189 5057 1433 5100 sanctum
1469 5046 1705 5099 locutum
1725 5059 1846 5115 esse
1868 5059 1965 5115 per

400 5119 614 5173 Isaiam.
642 5136 660 5170 ι
690 5118 765 5171 Ac
793 5112 1051 5185 praeterea
1086 5132 1245 5171 voces
1274 5116 1409 5179 illas,
1438 5115 1526 5168 διὰ
1548 5115 1607 5168 τὸ
1638 5114 1865 5185 Πνεῦμα
1904 5112 1965 5166 τὸ

402 5191 586 5257 ἅγιον,
617 5201 720 5241 non
751 5196 896 5241 recte
941 5195 1171 5241 verteret
1205 5185 1582 5257 Hieronymus,
1637 5204 1655 5236 ι
1688 5200 1785 5254 per
1822 5186 1967 5237 hunc

404 5256 664 5328 Spiritum
717 5265 1002 5328 sanctum;
1044 5273 1063 5306 ι
1111 5257 1417 5328 signiﬁcant
1464 5256 1969 5328 enim,__¢_proptcr

403 5324 547 5384 hunc
589 5325 848 5395 Spiritum
898 5324 1224 5395 sanctum.)
1280 5324 1449 5381 Porro
1501 5340 1568 5379 ex
1623 5324 1968 5379 bibliotheca:

403 5407 604 5453 nostra:
634 5394 843 5452 codice
882 5410 981 5449 ms.
1018 5394 1151 5448 nihil
1193 5394 1328 5450 lucis
1366 5396 1595 5449 mutuari
1640 5409 1964 5464 possumus:

404 5469 598 5524 menda
626 5466 768 5521 enim
801 5466 1007 5519 mendis
1032 5466 1200 5529 addit,
1231 5479 1350 5519 cum
1380 5466 1596 5531 habeat,
1634 5483 1652 5516 ι
1693 5465 1803 5534 ipsa
1830 5465 1965 5533 jam,

403 5554 533 5608 pro,
562 5536 777 5608 Isaiam.
808 5553 826 5586 ι
869 5536 1053 5608 Itaque
1097 5535 1177 5590 sic
1222 5536 1504 5604 legendum
1543 5535 1658 5604 ipse
1690 5534 1967 5608 conjicio_,

409 5604 430 5660 ἱ
457 5609 523 5662 Et
548 5623 643 5678 per
673 5607 859 5678 Isaiam
897 5606 1249 5678 p_rophetass_e
1269 5615 1658 5678 commemorat
1689 5621 1810 5658 cum
1829 5604 1972 5678 arti-

403 5674 578 5732 culate
630 5693 763 5733 voce
807 5676 867 5730 τὸ
910 5674 1135 5747 Πνεῦμα
1184 5675 1244 5727 τὸ
1280 5676 1463 5743 ἆγιον,
1514 5676 1564 5747 id
1606 5684 1719 5747 est,
1750 5692 1789 5747 έ
1828 5675 1971 5747 hunc

404 5748 664 5873 Epiritum
719 5757 963 5806 sanctum
989 5786 1005 5814 ,
1044 5744 1070 5801 »⁷
1112 5754 1167 5803 et
1219 5762 1322 5803 non
1390 5744 1705 5817 simpliciter
1746 5744 1971 5808 Πνεῦμα

444 5835 578 5873 γιον.
1713 5870 1718 5873 .

444 5835 578 5888 γιον.

2066 4634 2175 4675 ιιιιιι
2208 4640 2223 4677 :
2268 4643 2286 4675 ι
2319 4633 2374 4678 et
2404 4639 2520 4693 cap.
2559 4640 2671 4687 xiv,
2702 4640 2842 4680 vers.
2870 4626 2935 4679 17
2968 4644 2983 4682 :
3034 4644 3053 4678 ι
3095 4626 3332 4695 Spiritus
3366 4629 3608 4689 veritatis,

2066 4708 2222 4768 quem
2256 4695 2486 4768 mundus
2511 4710 2614 4748 non
2638 4697 3099 4768 potestaccipere.
3126 4717 3147 4750 ι
3185 4695 3377 4752 Utrum
3400 4701 3609 4768 aliquem

2065 4780 2130 4816 ex
2169 4765 2251 4818 his
2280 4763 2411 4837 locis
2442 4763 2741 4837 respexerit
2768 4763 3043 4836 Didymus,
3079 4769 3244 4821 lector
3267 4763 3609 4837 judicetJScd

2067 4848 2189 4886 cum
2240 4834 2566 4902 privatorum
2621 4834 2894 4888 hominum
2946 4837 3162 4892 codices
3204 4834 3386 4893 brevia
3427 4840 3610 4893 scholia

2067 4911 2161 4957 aut
2184 4903 2249 4957 ad
2283 4905 2581 4971 marginem
2618 4905 2908 4959 Bibliorum
2946 4908 3237 4972 haberent,
3278 4920 3373 4963 aut
3403 4912 3531 4963 intra
3557 4910 3612 4960 li-

2068 4988 2216 5037 neas,
2250 4973 2362 5026 ﬁeri
2394 4982 2569 5042 potest
2595 4986 2650 5028 ut
2679 4991 2842 5028 unum
2873 4977 2943 5031 sit
2968 4976 3134 5032 hocce
3161 4992 3225 5031 ex
3256 4979 3363 5034 illis
3392 4980 3608 5038 scholiis,

2068 5044 2207 5113 quod
2232 5043 2461 5113 Didymo
2494 5045 2645 5113 quasi
2674 5060 2804 5111 pars
2835 5056 3012 5100 textus
3042 5050 3179 5102 sacri
3211 5048 3413 5103 lectqu
3442 5050 3604 5104 fuerit.

2140 5112 2250 5184 (68)
2286 5112 2534 5184 Accipite.
2569 5114 2723 5169 Joan.
2758 5131 2850 5181 xx,
2882 5116 2973 5169 22.

2139 5181 2249 5254 (69)
2286 5181 2472 5237 Nemo.
2513 5183 2686 5239 lCor.
2739 5200 2851 5249 xu,
2910 5187 2964 5240 5.
3022 5186 3191 5242 Biblia
3248 5199 3438 5242 carent
3472 5203 3613 5245 voce.

2069 5254 2326 5323 Χριστόνο
2353 5271 2518 5326 quam
2556 5256 2809 5324 Didymus
2852 5258 2966 5325 ipse
2991 5261 3193 5312 Omittit
3228 5259 3369 5311 infra
3396 5303 3411 5326 ,
3447 5273 3616 5326 nempe

2071 5341 2237 5395 segni.
2270 5323 2372 5395 154
2410 5325 2483 5395 ὁ,
2504 5323 2769 5395 ειηὶιιί1ἰ1).
2802 5323 2884 5379 De
2907 5327 3002 5395 Sp.
3035 5326 3095 5381 S.
3130 5344 3272 5381 num.
3320 5330 3374 5382 4.

2145 5392 2253 5464 (70)
2291 5394 2506 5447 Deduci.
2548 5394 2627 5447 Ex
2664 5394 2819 5449 Joan.
2849 5392 2959 5459 xvi,
2998 5399 3087 5453 15.
3137 5397 3504 5453 Passioneiani
3533 5410 3616 5451 co-

2072 5464 2206 5539 dit-ts
2250 5464 2410 5518 lectio
2450 5464 2535 5539 illa
2558 5503 2574 5527 ,
2608 5466 2670 5539 τὸ
2697 5466 2761 5539 ὁ,
2793 5470 3050 5524 mendosa
3078 5480 3159 5525 est
3188 5487 3203 5524 :
3246 5470 3617 5539 expungendus

2073 5535 2282 5587 Scilicet
2312 5545 2396 5587 est
2429 5535 2708 5597 articulus,
2742 5538 2790 5591 ὁ.

2145 5604 2259 5673 (71)
2293 5603 2648 5672 Baptizantes.
2692 5604 2878 5660 Matth.
2911 5623 3101 5672 xxvm,
3136 5609 3222 5666 19.

2141 5673 2253 5753 (72)
2286 5678 2366 5753 Au
2392 5675 2723 5753 tumulumur.
2752 5676 2773 5729 l
2814 5674 2940 5732 Cor.
2988 5696 3042 5747 ι,
3082 5680 3169 5735 22.
3224 5679 3416 5738 Greca
3447 5677 3619 5736 editio:

2079 5741 2157 5797 ’Ἡ
2173 5741 2613 5815 παραζηλοῦμεν.

2144 5812 2263 5887 (75)
2286 5812 2710 5886 ΝοΙὶιε.Ἐρ1ιεε.
2750 5833 2821 5886 iv,
2858 5816 2946 5874 50.
