3688 6302
146 348 225 403 501
1158 354 1245 409 DE
1284 356 1652 413 TRINITATE
1688 360 1890 415 LIBER
1930 359 2309 417 SECUNDUS.

3243 368 3349 425 502

145 462 343 530 Πνεῦμά
372 479 484 524 σου,
512 465 607 516 καὶ
642 466 1040 535 κτισθήσονται,
1064 489 1081 520 ι
1108 478 1187 531 τὸ,
1219 491 1233 520 ι
1280 473 1665 538 Ἑξαποστελεϊς

1840 480 2136 546 tmptiouis;
2174 498 2189 527 ι
2228 490 2273 529 et
2309 476 2493 531 iisdem
2523 479 2699 535 verbis
2730 493 3040 549 expressum
3077 489 3161 535 est
3190 480 3344 547 illud,

143 553 217 606 τὸν
249 554 409 620 Λόγον
445 571 561 618 σου,
614 560 707 609 καὶ
740 562 887 629 τήξει
943 562 1097 613 αὐτὰ.
1133 582 1149 611 ι
1196 563 1491 633 Ἰσάμιλλὸν
1522 584 1580 618 τε
1608 567 1684 638 τῷ

142 649 311 707 εἰπεῖν,
352 664 369 696 ι
393 646 598 717 Κύριος
639 655 902 720 μαρτυρεῖ
922 656 984 723 τῇ
1018 655 1122 725 ἐμῇ
1160 655 1326 727 ψυχῇ,
1361 657 1440 709 ὅτι
1469 658 1527 709 οὐ
1556 659 1686 728 ψεύ-

140 735 299 804 δομαι,
333 754 350 786 ι
384 737 443 788 τὸ
484 740 716 808 γράφειν
740 758 755 772 ·
796 762 812 790 ι
846 743 917 795 Τὸ
960 744 1181 814 Πνεῦμα
1216 747 1312 815 τῆς
1346 746 1619 816 ἀληθείας,
1658 749 1686 801 ὃ

141 827 269 897 παρὰ
293 826 382 878 τοῦ
426 829 641 897 Πατρδς
679 832 1053 901 ἐκπορεύεται,
1102 835 1306 898 ἐκεῖνος
1350 839 1684 908 μαρτυρήσει

44 988 51 995 ο
138 919 439 988 περὶ.ἐ.μοῦ·
479 938 497 969 ι
543 922 655 982 καὶ,
702 939 719 971 ι
761 923 832 974 Τὸ
874 924 1097 993 Πνεῦμα
1144 925 1567 999 διαμαρτύρεταί
1620 946 1685 997 με

138 1009 261 1062 κατὰ
309 1009 462 1061 πόλιν
516 1010 691 1078 λέγον.
728 1031 745 1063 ι
792 1015 1214 1085 Ἀπεικασμένον
1258 1034 1316 1069 τε
1366 1016 1442 1087 τῷ
1478 1018 1685 1087 λέγοντι

136 1100 425 1170 Δεσποτικῷ
455 1102 681 1172 ῥήματι,
712 1122 730 1153 ι
772 1104 898 1156 Ἰδοὺ
926 1106 1235 1159 ἀποστέλλω
1263 1108 1424 1178 ὑμᾶς,
1450 1109 1525 1172 ὡς
1554 1111 1686 1181 πρό-

135 1190 257 1243 ὁατα
290 1192 346 1243 ὲν
375 1193 527 1261 μέσῳ
560 1193 758 1256 λύκων,
797 1214 814 1245 ι
852 1195 931 1261 τὸ,
963 1216 981 1248 ι
1020 1192 1177 1251 Οὗτοι.
1210 1198 1307 1268 μὲν
1354 1196 1445 1252 οῦν
1480 1202 1685 1271 ἐκπεμ-

136 1282 341 1349 φθέντες
387 1284 494 1336 ὑπὸ
530 1284 626 1336 τοῦ
675 1288 986 1356 Πνεύματος
1038 1287 1131 1341 τοῦ
1180 1290 1368 1357 ἁγίου,
1423 1291 1687 1361 κατῆλθον

135 1376 205 1433 είς
230 1374 569 1428 Σελεύκειαν.
605 1397 621 1425 ι
657 1379 763 1429 Καὶ
799 1379 908 1430 ἴσον
938 1380 999 1431 τὸ
1024 1380 1274 1451 γράφειν,
1313 1401 1330 1432 ι
1368 1384 1430 1435 Εἰ
1464 1383 1688 1455 δοκιμὴν

138 1466 331 1535 ζητεῖτε
370 1466 466 1518 τοῦ
516 1470 575 1520 ἐν
612 1469 733 1537 ἐμοὶ
785 1468 1068 1532 λαλοῦντος
1100 1472 1353 1541 Χριστοῦ,
1390 1491 1407 1521 ι
1445 1471 1520 1541 τῷ
1556 1474 1689 1542 γρά-

139 1574 261 1623 φειν,
287 1557 368 1609 ὅτι
401 1575 417 1607 ι
450 1556 675 1626 Ἔλεγον
722 1558 801 1628 τῷ
854 1558 1050 1629 Παύλῳ
1086 1560 1174 1612 διὰ
1211 1561 1305 1612 τοῦ
1340 1562 1648 1630 Πνεύματος
1673 1578 1685 1590 ·

140 1650 217 1717 Μὴ
258 1648 512 1701 ἀνάϐαινε
561 1651 641 1711 είς
678 1649 1045 1720 Ἰερουσαλήμ.
1090 1669 1106 1698 ι
1162 1652 1426 1719 Συγγενές
1472 1670 1530 1705 τε
1575 1652 1687 1722 τῷ,

143 1760 159 1789 ι
196 1742 248 1792 '0
280 1740 403 1803 Υἱὸς
426 1741 540 1812 ζωὴ
582 1740 815 1801 αἰώνιος,
854 1761 871 1792 ι
908 1743 967 1794 τὸ
998 1744 1086 1795 ὑπ’
1114 1744 1277 1796 αὑτοῦ
1307 1744 1491 1814 λεχθέν
1512 1760 1526 1774 ·
1567 1762 1586 1794 ι
1617 1745 1688 1796 Τὸ

1792 568 2045 623 «Ειηίιιεε
2077 571 2187 641 (74)
2214 570 2474 639 Spiritum
2502 580 2672 633 tuum,
2695 584 2749 625 et
2779 573 3128 635 creabuntur,
3162 590 3182 624 ι
3221 573 3342 641 qni-

1785 662 1883 714 bus
1916 662 2016 714 hoc
2047 662 2302 716 alterum:
2339 680 2355 711 ι
2390 661 2615 715 Ειιιίιιεε
2649 663 2878 716 Verbum
2912 662 3023 733 (75)
3065 672 3236 725 tuum,
3290 673 3346 718 et

1789 748 2097 817 quucfaciet
2131 763 2226 810 ea;
2260 768 2279 801 ι
2314 760 2366 803 ει
2393 750 2514 803 huic
2547 750 2681 814 loco,
2715 767 2733 801 t
2767 749 3020 805 Dominus
3051 749 3162 819 (76)
3190 750 3346 805 testis

1784 851 1867 895 εει
1908 841 2099 894 anima:
2128 856 2279 906 mete,
2310 841 2450 909 quod
2484 857 2586 894 non
2613 844 2866 903 mentior,
2899 860 2917 891 ι
2965 843 3210 911 congruit
3256 842 3345 897 hic

1786 930 1953 985 alter:
1986 949 2006 982 ι
2050 932 2280 999 Spiritus
2312 932 2423 1001 (77)
2460 933 2699 985 veritatis
2733 933 2821 1001 qui
2854 948 2879 984 a
2909 932 3063 986 Patre
3083 931 3340 1001 procedit,

1787 1022 2274 1091 ipsetestimonium
2321 1024 2620 1092 perhibebit
2658 1024 2721 1077 de
2771 1037 2873 1089 me,
2914 1041 2932 1075 ι
2972 1024 3208 1092 itemque
3257 1023 3344 1078 hic

1785 1114 1956 1168 alius:
1990 1130 2008 1163 ι
2047 1112 2279 1181 Spiritus
2311 1113 2422 1183 (78)
2452 1123 2784 1167 contestatur
2807 1127 2888 1165 me
2925 1129 3018 1181 per
3072 1114 3343 1167 civitatem

1787 1206 2003 1269 dicens;
2040 1224 2057 1254 ι
2089 1215 2143 1259 ει
2175 1205 2276 1257 illis
2302 1205 2506 1257 Domini
2560 1206 2754 1264 verbis.
2789 1223 2806 1255 ι
2856 1206 2991 1259 Ecce
3027 1204 3138 1273 (79)
3190 1205 3344 1259 mitto

1787 1311 1882 1349 vos
1925 1297 2065 1352 sicut
2109 1311 2235 1350 oves
2285 1298 2336 1350 in
2389 1298 2564 1351 medio
2611 1297 2874 1366 luporum,
2921 1316 2939 1348 ι
2983 1298 3176 1351 similia
3220 1305 3345 1351 sunt

1788 1389 1987 1441 Ιιξιεοει
2024 1389 2234 1459 Hiergo
2275 1386 2383 1457 (80)
2439 1390 2621 1442 emissi
2671 1404 2697 1441 a
2752 1389 2952 1456 Spiritu
3019 1397 3205 1443 sancto
3252 1389 3346 1443 de-

1789 1480 2182 1533 scenderuntin
2223 1478 2561 1544 Seleuciam;
2604 1498 2622 1531 ι
2671 1490 2724 1533 ει
2770 1481 2923 1544 illud,
2957 1499 2974 1531 ι
3009 1479 3064 1535 Si
3111 1480 3343 1551 (81)ex-

1788 1572 2141 1640 perimentutn
2182 1572 2421 1639 quaeritis
2468 1571 2734 1639 loquentis
2785 1572 2836 1624 in
2896 1586 2980 1623 me
3033 1571 3255 1634 Christi,
3318 1588 3338 1621 ι

1787 1680 1938 1734 teque
1975 1664 2113 1718 valet
2139 1679 2203 1719 ac
2232 1664 2357 1718 illud
2380 1682 2392 1693 ·
2438 1683 2457 1715 ι
2499 1664 2757 1717 Dicebant
2783 1662 2893 1732 (82)
2927 1662 3090 1716 Paulo
3114 1678 3208 1731 per
3231 1662 3348 1731 Spio

1795 1737 1953 1808 ritum
1979 1772 1992 1806 :
2019 1752 2097 1808 Ne
2119 1755 2377 1809 ascendas
2410 1754 2461 1807 in
2494 1753 2827 1819 Jerusalem;
2864 1772 2883 1805 )
2921 1763 2975 1809 ει
3007 1755 3078 1808 illi
3133 1756 3343 1822 capitu—

139 1832 287 1901 ὗέωρ,
306 1831 334 1883 ὃ
353 1831 464 1898 ἐγὼ
482 1832 633 1885 δώσω
650 1832 814 1906 αὐτῷ,
834 1835 1117 1903 γενήσεται
1142 1836 1197 1886 ὲν
1219 1835 1365 1905 αὐτῷ
1389 1835 1538 1906 πηγὴ
1566 1834 1662 1888 ὖδα

1840 1861 1875 1905 ›,
1908 1845 2105 1899 «Filius
2131 1846 2241 1914 (85)
2263 1846 2371 1899 vita
2395 1855 2594 1900 aeterna
2620 1863 2664 1912 ι,
2693 1856 2978 1911 cognatum
3005 1855 3087 1899 est
3113 1846 3254 1913 quod
3276 1846 3344 1898 ab

136 1940 215 1983 τος
243 1922 531 1992 ἁλλομένου
561 1926 639 1986 είς
666 1925 807 1993 ζωὴν
827 1923 1056 1977 αἰώνιον.
1080 1924 1247 1978 Τοῦτο
1268 1926 1321 1977 δὲ
1350 1926 1531 1994 ἔλεγεν
1559 1944 1623 1978 πε
1631 1927 1685 1997 pi

140 2014 217 2066 τοῦ
235 2013 382 2081 ἁγίου
408 2016 548 2067 [Ινεύ
558 2032 747 2084 ματος,
766 2010 823 2067 οῦ
852 2015 1068 2085 ἔμελλον
1094 2016 1386 2086 λαμϐάνειν
1401 2019 1448 2069 οἱ
1476 2018 1687 2070 πιστεύ-

136 2124 271 2169 οντες
292 2109 370 2170 είς
396 2108 583 2159 αὐτόν·
601 2126 617 2157 ι
648 2108 741 2160 καὶ
761 2107 858 2177 τῷ,
902 2126 917 2157 ι
938 2108 1167 2176 Μέτοχοι
1195 2109 1301 2178 γὰρ
1325 2108 1419 2161 τοῦ
1450 2109 1683 2179 Χριστοῦ

135 2200 440 2270 γεγόναμεν,
455 2218 472 2250 ι
501 2199 583 2261 τὸ,
611 2220 630 2252 ι
654 2200 933 2253 Ἀδύνατον
956 2203 1062 2272 γὰρ
1080 2202 1204 2264 τοὺς
1226 2201 1370 2267 ana:
1390 2202 1683 2270 φωτισθέν-

134 2310 240 2355 τας,
259 2293 623 2363 γευσαμένους
651 2310 710 2345 τε
739 2293 838 2362 τῆς
866 2293 1068 2363 δωρεᾶς
1093 2294 1185 2346 τοῦ
1220 2295 1561 2365 ἐπουρανίου,
1593 2295 1686 2348 καὶ

138 2385 379 2455 μετόχους
412 2385 737 2456 γενηθέντας
762 2384 899 2437 Πνεύ
909 2402 1075 2454 ματος
1098 2385 1274 2453 ἁγίου.
1323 2405 1342 2436 ι
1374 2386 1482 2438 Καὶ
1511 2386 1685 2438 ἔοικεν

137 2474 322 2545 σςνὸδρα
373 2474 434 2527 τὸ
496 2477 554 2527 ὲν
614 2478 734 2537 ταῖς
786 2475 1021 2545 Πράξεσι
1082 2477 1302 2529 τοιῶσδε
1365 2477 1683 2547 εἰρημένον,

140 2585 155 2614 ι
196 2565 472 2635 Ὠφθησαν
519 2568 631 2629 τοῖς
677 2569 994 2633 ἀποστόλοις
1036 2567 1481 2639 διαμεριζόμεναι
1513 2568 1688 2637 γλῶσ-

136 2673 214 2710 σαι
241 2657 371 2711 ὡσεὶ
428 2660 619 2729 πυρὸς,
656 2661 747 2713 καὶ
785 2661 1040 2716 ἐκάθισαν
1074 2663 1157 2730 ἐφ’
1187 2662 1282 2714 ἕνα
1337 2662 1565 2715 ἕκαστον
1593 2663 1688 2715 αὺ-

132 2750 247 2809 τῶν,
292 2734 401 2803 καὶ(
437 2751 782 2823 ἐπλήσθησαν
804 2752 1040 2817 ἅπαντες
1097 2753 1411 2824 Πνεύματος
1455 2754 1632 2820 ἁγίου·
1664 2773 1681 2803 ι

134 2838 217 2909 [64
238 2836 290 2909 α]
336 2841 429 2893 καὶ
470 2840 536 2892 τὸ
570 2841 675 2893 ὑπὸ
732 2842 976 2895 Ἰωάννου
1032 2843 1241 2913 λεχθὲν,
1272 2862 1289 2894 t
1322 2843 1490 2906 Αὐτὸς
1545 2843 1687 2913 ὑμᾶς

132 2930 369 2999 βαπτίσει
422 2933 482 2984 ὲν
516 2933 793 3003 Πνεύματι
849 2935 986 3005 ἁγίῳ
1038 2935 1132 2989 καὶ
1174 2936 1326 3008 πυρὶ,
1370 2934 1498 3005 »τῷ
1554 2952 1688 3007 χρη-

132 3021 478 3093 σμῳδηθέντι,
519 3024 626 3077 ὑπὸ
687 3025 786 3093 μὲν
848 3025 1144 3089 Μωῦσέως·
1189 3044 1207 3076 ι
1276 3026 1332 3080 '0
1391 3026 1523 3089 Θεὸς
1575 3025 1687 3097 πῦρ

130 3116 530 3168 καταναλίσκον·
560 3136 578 3168 ι
624 3118 729 3170 ὑπὸ
783 3118 839 3171 δὲ
878 3119 1118 3172 Ἡσαΐου·
1152 3137 1173 3170 ι
1213 3118 1343 3172 Ἰδοὺ
1378 3117 1582 3189 Κύριος
1612 3119 1686 3181 ὡς

132 3205 234 3277 πῦρ
268 3206 404 3277 ἥξει.
440 3227 460 3260 ι
484 3207 585 3261 Καὶ
627 3210 839 3281 συνᾴδει
887 3210 961 3281 τῷ
991 3212 1176 3280 φάναι,
1221 3228 1240 3262 ‹
1277 3210 1685 3282 Περιετμήθητε

130 3300 385 3367 περιτομῇ
426 3299 846 3370 ἀχειροποιήτῳ,
889 3302 947 3354 ὲν
972 3304 1036 3371 τῇ
1093 3300 1384 3354 ἀπεκδύσει
1434 3299 1527 3352 τοῦ
1575 3299 1678 3353 σώ-

131 3406 286 3456 ματος
306 3389 416 3443 τῶν
451 3391 756 3462 ἁμαρτιῶν,
792 3394 849 3444 ὲν
880 3394 943 3463 τῇ
968 3395 1235 3463 περιτομῇ
1274 3390 1366 3444 τοῦ
1389 3390 1677 3463 Χριστοῦ,›

127 3481 181 3532 τὸ
206 3482 529 3553 γεγράφθαι·
573 3501 592 3533 ι
627 3484 903 3554 Περιτομὴ
953 3484 1177 3553 καρδίας
1224 3486 1281 3536 ὲν
1328 3481 1632 3553 Πνεύμαειῖι.⁸
1658 3501 1677 3533 ι

128 3572 228 3624 Καὶ
254 3574 301 3641 εί
333 3573 615 3644 ἐμπρέπει
675 3575 802 3645 περὶ
847 3574 941 3627 τοῦ
986 3573 1122 3627 Θεοῦ
1163 3572 1414 3641 λέγεσθαι
1453 3574 1550 3644 τὴν
1577 3572 1682 3625 Πέ-

129 3681 243 3732 τρου
289 3667 496 3735 φωνήν·
533 3685 552 3716 ι
587 3666 925 3737 Ηετανοήσει
967 3666 1194 3728 ἕκαστος
1230 3665 1337 3719 ἀπὸ
1362 3665 1458 3737 τῆς
1485 3664 1682 3730 κακίας

128 3756 300 3822 αὐτοῦ,
354 3758 451 3811 καὶ
498 3757 608 3810 ἀπὸ
634 3759 734 3827 τῆς
783 3757 900 3811 ὀδοῦ
938 3759 1036 3828 τῆς
1063 3760 1323 3830 πονηρᾶς,
1366 3760 1459 3812 καὶ
1492 3758 1683 3828 βαπτι-

179 3938 285 4011 (7})
320 3938 773 4011 E_’mittes._Psalm
804 3955 918 4011 cur,
946 3956 1085 3993 vers.
1112 3942 1171 3995 5i
1213 3940 1324 4011 (seu
1352 3938 1462 4009 50).

190 4009 293 4073 (73)
328 4006 549 4062 Emitte:
579 4009 820 4063 Verbum.
848 4010 933 4062 Ps.
960 4019 1157 4071 chvu.
1186 4006 1327 4065 vers.
1363 4011 1391 4061 7
1416 4006 1530 4078 (seu
1565 4008 1674 4077 18).

131 4073 282 4129 Biblia
313 4094 433 4131 cum
469 4079 683 4138 (ἔπνεε,
731 4092 839 4133 tuzn
882 4080 1066 4133 Latina
1108 4082 1303 4135 habent
1337 4097 1350 4134 :
1392 4073 1430 4130 ι’
1462 4073 1679 4133 Ειιιίιιει

130 4143 347 4199 Verbum
382 4164 562 4202 suum.
607 4167 624 4199 ι

192 4216 297 4285 (76)
335 4216 612 4271 Dominus.
640 4217 870 4288 Sensum
889 4219 1037 4281 citat,
1080 4234 1181 4273 non
1216 4219 1395 4275 verba.
1426 4218 1558 4274 Vide
1586 4233 1672 4288 ep.

130 4282 287 4338 Rom.
314 4302 353 4346 ι.
394 4288 451 4349 9,
483 4299 536 4339 et
566 4303 650 4355 ep.
688 4290 753 4340 ad
779 4286 950 4342 Galat.
984 4305 1019 4352 ι,
1052 4288 1140 4342 20.

189 4356 293 4418 (77)
331 4355 587 4423 Spiritus.
621 4356 772 4411 Joan.
812 4374 897 4416 xv,
927 4359 1015 4411 26.

190 4426 292 4492 (78)
330 4424 584 4492 Spiritus.
620 4429 737 4480 Act.
776 4444 863 4491 xx,
888 4428 976 4481 25.
1003 4427 1183 4483 Grmca
1213 4428 1470 4496 ed.paulo
1493 4431 1669 4487 aliter.

131 4492 177 4546 In
206 4512 262 4546 ea
298 4497 451 4568 deest
485 4498 667 4549 vocula
699 4514 814 4568 με,
868 4514 1025 4564 quam
1082 4498 1234 4566 Vulg.
1294 4492 1557 4568 interpres
1598 4502 1675 4557 le-

130 4570 253 4630 gisse
282 4564 497 4636 videtur
526 4584 539 4619 :
577 4564 735 4620 vertit
764 4568 903 4636 enim
931 4585 943 4620 :
982 4585 1000 4617 ι
1037 4569 1165 4622 tnihi
1188 4564 1538 4636 protestatur.
1575 4594 1598 4619 ι

190 4636 294 4703 (79)
332 4633 490 4687 Ecce.
529 4636 716 4690 Matth.
751 4652 805 4697 χ.
838 4635 920 4688 16.

191 4706 293 4771 (8U)
327 4704 399 4756 Hi
424 4721 568 4772 ergo.
604 4708 723 4759 Act.
760 4723 874 4766 xm,
903 4707 954 4758 4.

193 4774 423 4845 (8t)Si.
473 4775 512 4829 Il
566 4776 692 4830 Cor.
755 4791 882 4837 xm,
942 4776 993 4830 5.
1046 4775 1228 4829 Grzeca
1283 4777 1445 4832 editio
1502 4795 1596 4845 pro
1630 4784 1677 4835 et

132 4839 457 4917 ιηιτιὲτῖεί.
513 4847 563 4897 id
595 4856 696 4907 est,
728 4863 747 4895 ι
777 4848 1045 4914 quoniam.
1078 4865 1095 4896 ι
1136 4848 1387 4917 Vulgatus
1416 4839 1540 4903 vero
1576 4852 1673 4904 int.

132 4910 239 4979 legit
275 4925 333 4965 ut
364 4914 641 4984 Didymus.

196 4984 299 5049 (82)
335 4984 608 5039 Dicebant.
632 4984 750 5039 Act.
773 4984 952 5049 “1,4.
982 4984 1166 5040 Graeca
1196 4986 1358 5040 editio
1379 4989 1576 5043 habet:
1602 4989 1676 5061 μὴ

133 5050 444 5102 ἀναϐαίνειν.

172 5070 444 5105 ναοαινειν.

196 5121 505 5193 (83)Filius.
540 5122 561 5175 1
593 5121 749 5193 Joau.
792 5139 844 5184 ν.
902 5124 998 5186 20,
1057 5125 1143 5178 ubi
1216 5124 1405 5191 legitur
1459 5144 1472 5180 :
1525 5122 1676 5192 οὗτός

136 5190 328 5246 ἐστιν...
384 5194 418 5263 ἡ
465 5194 581 5264 ζωὴ
634 5191 873 5257 αίώνιος,
925 5196 976 5249 id
1036 5206 1134 5248 est.
1172 5212 1190 5244 ι
1246 5190 1342 5249 Hic
1383 5206 1530 5251 est...
1568 5190 1675 5251 vita

136 5274 335 5320 eterna.
372 5282 391 5315 ι

197 5332 296 5401 (84)
343 5335 512 5403 Aqua.
557 5330 750 5388 Joann.
811 5349 897 5397 tv,
950 5334 1036 5388 N.
1091 5333 1273 5388 Graeca
1321 5335 1484 5390 editio
1529 5346 1677 5391 caret

138 5414 269 5459 voce.
292 5404 417 5459 ἐγώ.

138 5421 615 5607 ἷθὲἕέῗγὲδᾶίὶεηιίε.
668 5471 846 5527 Codex
901 5473 1060 5528 habet
1113 5472 1405 5543 ἁλλομένου
1448 5490 1543 5545 pro
1582 5476 1675 5529 ἁλ-

140 5556 203 5590 Αὑ¹
251 5560 357 5594 νου.

140 5556 338 5594 Αοιιενου
354 5588 357 5591 ,

200 5609 300 5680 (86)
335 5610 637 5667 Etet-nam.
702 5612 813 5667 Hac
867 5627 998 5668 voce
1048 5612 1341 5667 absolvitur
1398 5616 1545 5670 locus
1606 5631 1672 5671 ex

142 5691 309 5751 quarto
341 5680 563 5736 Joannis
602 5683 776 5749 capite
816 5683 1179 5751 depromptus.
1200 5682 1327 5748 Quae
1353 5695 1673 5750 sequuntur,

140 5745 230 5822 huc
256 5753 517 5805 transtulit
558 5745 813 5822 Didjums
853 5745 915 5806 ex
949 5745 1066 5819 Cap.
1095 5768 1197 5815 VII,
1222 5745 1383 5810 _vers.
1419 5745 1489 5809 39
1526 5745 1671 5821 ejus;

142 5815 246 5871 deut
279 5815 745 5892 exangelistaafco
778 5824 915 5892 quod
949 5815 1179 5892 perbelle
1212 5823 1265 5878 in
1297 5825 1510 5882 allatam
1537 5815 1670 5895 quo-

1791 1934 1904 2003 ipso
1933 1934 2066 1987 Filio
2095 1934 2295 1988 dictum
2326 1933 2459 1989 fuit:
2492 1953 2510 1985 ι
2540 1938 2688 2005 Aqua
2724 1936 2859 2005 (84),
2922 1950 3080 2004 quam
3117 1950 3214 2005 ego
3250 1935 3344 1987 da-

1788 2030 1853 2079 bo
1893 2028 1985 2089 illi,
2018 2028 2103 2080 liet
2140 2028 2190 2079 in
2226 2029 2341 2094 ipso
2376 2029 2495 2081 l'ons
2524 2043 2675 2097 aquae
2694 2029 2934 2082 salientis
2963 2028 3071 2097 (85)
3096 2029 3149 2083 in
3178 2030 3341 2082 vitam

1785 2126 2036 2170 aeternam
2061 2118 2191 2188 (86).
2222 2117 2329 2171 Hoc
2351 2128 2528 2172 autem
2567 2119 2778 2173 dicebat
2801 2121 2866 2172 de
2891 2117 3090 2188 Spiritu
3131 2132 3341 2181 Sancto,

1785 2223 1942 2275 quem
1965 2210 2232 2276 accepturi
2252 2211 2701 2264 erantcredentes
2725 2210 3004 2279 inipsum:
3038 2229 3057 2263 ι
3119 2218 3174 2266 ει
3228 2212 3344 2265 loco

1788 2300 1877 2352 illi.
1907 2325 1924 2350 ι
1946 2299 2520 2370 Participes(87)enim
2539 2302 2733 2357 Christi
2756 2302 2876 2356 facti
2904 2317 3104 2361 sumus.
3133 2322 3152 2355 ι
3176 2302 3345 2357 aiiinis

1785 2392 1999 2445 estltic:
2037 2410 2055 2442 ι
2092 2390 2422 2460 impossibile
2456 2394 2568 2458 (88)
2601 2404 2681 2448 est
2719 2394 2883 2459 enim,
2919 2409 3011 2449 eos
3052 2395 3143 2464 qui
3180 2395 3344 2449 semel

1786 2489 1909 2533 Sunt
1926 2479 2229 2544 illuminati,
2248 2483 2335 2547 qui
2353 2491 2768 2547 etgustaverunt
2785 2482 2983 2536 donum
3000 2484 3343 2555 cmlesle(89)

1791 2571 1947 2642 145
1976 2582 2027 2625 et
2065 2572 2349 2641 participes
2374 2572 2494 2625 lacti
2519 2584 2640 2627 sunt
2676 2571 2906 2641 Spiritus
2935 2576 3159 2630 sancti.»
3192 2575 3343 2642 Quod

1785 2680 1913 2717 vero
1964 2665 2014 2717 in
2048 2664 2196 2719 Actis
2221 2666 2288 2718 ita
2326 2665 2585 2733 scriptum
2628 2674 2729 2731 est,
2785 2684 2805 2717 ι
2829 2666 3203 2736 Apparucrunt
3231 2667 3342 2738 (90)

1787 2756 2042 2824 apostolis
2065 2756 2360 2825 dispertita:
2380 2755 2570 2824 lingua!
2585 2756 2724 2810 sicut
2754 2758 3237 2826 ignis,et-sedernut
3256 2774 3344 2811 su-

1788 2861 1879 2914 pra
1903 2844 2142 2914 singulos
2167 2859 2380 2909 eorum,
2416 2856 2470 2898 et
2497 2846 2678 2915 repleti
2704 2858 2831 2901 sunt
2883 2862 3067 2901 omnes
3141 2846 3341 2915 Spiritu

1785 2944 2023 2995 sancto,»
2046 2943 2098 2988 et
2126 2933 2251 2987 illud
2282 2935 2420 3002 quod
2446 2934 2693 2989 aJoanue
2713 2936 2911 2989 dictum
2941 2947 3043 3001 est,
3062 2936 3209 3005 clpse
3229 2937 3342 3006 (9i)

1790 3039 1884 3078 vos
1918 3024 2214 3090 baptizabit
2274 3024 2325 3077 in
2365 3023 2567 3093 Spiritu
2622 3034 2829 3091 sancto,
2861 3036 2916 3080 et
2964 3027 3103 3096 igne,
3135 3046 3152 3077 ι
3191 3027 3345 3081 valde

1789 3117 1967 3170 simile
2025 3125 2109 3170 est
2173 3116 2297 3170 huic
2334 3117 2494 3171 Mosis
2548 3118 2784 3179 oraculo,
2854 3118 3168 3187 (Deus(9‘2)
3208 3120 3345 3190 ignis

1790 3224 2138 3272 consumens,
2176 3228 2194 3260 ›
2228 3219 2282 3263 ει
2312 3209 2467 3264 alteri
2522 3208 2690 3273 Isaiae,
2722 3210 2915 3265 (.Ecce
2943 3212 3054 3282 (95)
3090 3213 3343 3267 Dominus

1789 3299 1942 3368 quasi
1980 3298 2118 3368 ignis
2167 3300 2364 3352 veniet.
2393 3317 2413 3351 ι
2469 3300 2535 3353 Ει
2587 3301 2953 3356 testimonium
2994 3304 3117 3368 hoc,
3173 3323 3192 3355 ί
3226 3304 3344 3359 Cir-

1788 3388 2012 3441 ctttttcisi
2050 3387 2164 3456 (94)
2197 3389 2329 3442 estis
2360 3389 2774 3446 circumcisione
2800 3406 2902 3445 non
2953 3394 3341 3458 manufacta,in

1787 3494 1850 3532 ex
1888 3480 2180 3546 poliatione
2208 3480 2453 3549 corporis
2501 3492 2864 3552 peccatorum,
2903 3484 2952 3536 iu
2981 3485 3347 3539 circumcisio-

1788 3586 1851 3624 ne
1884 3570 2109 3635 Christi,
2139 3590 2156 3623 ι
2192 3586 2489 3626 consonum
2514 3583 2597 3627 est
2623 3574 2748 3627 huic
2789 3573 2966 3637 alteri,
3001 3576 3341 3631 «Circumci-

1786 3664 1865 3717 sio
1886 3662 1996 3735 (95)
2026 3664 2205 3717 cordis
2231 3680 2281 3716 ιιι
2313 3663 2652 3733 8ρίιὶιυ.›Αε
2670 3665 2712 3718 si
2744 3664 2851 3718 Deo
2868 3667 3114 3720 convenit
3141 3667 3227 3720 illa
3242 3667 3344 3722 Pe-

1792 3757 1858 3809 tri
1894 3769 2045 3818 vox,t
2073 3755 2450 3811 Paenitentiam
2470 3754 2710 3827 (96)aget
2733 3757 3100 3827 unusquisque
3128 3773 3159 3812 a
3187 3758 3340 3813 mali-

1784 3954 1888 4006 que
1908 3939 2105 3995 Christi
2145 3939 2463 3994 sententiam
2506 3938 2846 3991 conveniant.
2885 3939 3049 3993 Biblia
3091 3940 3335 3995 habent:

1785 4009 2035 4080 Toﬁzooé
2065 4008 2184 4063 εἷπε
2224 4010 2350 4080 περὶ
2386 4006 2479 4060 τοῦ
2519 4006 2869 4077 Πνεύματος,
2916 4019 2969 4063 ει
3008 4009 3243 4080 reliqua,
3285 4020 3343 4066 ut

1783 4078 1870 4132 hic
1898 4078 2211 4135 alferuntur.

1875 4149 1963 4217 87)
1999 4148 2311 4217 Participes.
2343 4147 2506 4202 Hebr.
2536 4162 2617 4213 ιιι,
2652 4146 2736 4201 14.

1874 4216 1962 4286 88)
2002 4216 2348 4286 Impossibile.
2388 4218 2550 4286 Hebr.
2580 4233 2655 4279 Vl,
2684 4218 2737 4274 4.

1852 4283 1964 4358 (89)
1994 4283 2229 4342 Cwiesle.
2262 4288 2442 4342 Codex
2469 4285 2628 4358 habet
2657 4305 2669 4340 :
2700 4283 2804 4358 :7);
2836 4283 3045 4358 δωρεᾶς
3065 4288 3156 4343 τοῦ
3182 4292 3339 4345 ἐπουρ

1781 4357 1986 4427 ρανίου.
2026 4358 2079 4411 id
2105 4369 2186 4412 est
2219 4375 2236 4407 ι
2265 4360 2460 4411 donum
2495 4356 2739 4411 Caelestis
2762 4397 2776 4419 ,
2816 4356 3053 4427 {nempe
3086 4361 3195 4414 Dei.
3227 4362 3332 4416 Sed

1782 4424 1901 4479 cum
1936 4429 1985 4481 in
2015 4435 2256 4481 extremo
2295 4430 2457 4481 hocce
2492 4427 2663 4494 capite
2702 4424 2945 4481 eumdem
2991 4424 3169 4483 locum
3206 4430 3336 4484 all‘eo

1780 4511 1904 4550 rens
1960 4497 2215 4566 Didymus
2256 4497 2536 4550 dictaverit
2580 4496 2679 4566 τῆς
2727 4497 3089 4566 ἐπουρανίου,
3134 4499 3337 4554 idcirco

1707 4555 1756 4614 Ι)
1780 4566 2021 4620 codicem
2049 4555 2136 4620 hic
2168 4567 2478 4620 mendosum
2505 4555 2842 4620 crediderim.

1849 4634 1959 4705 (90)
2012 4637 2396 4705 Apparuerunt.
2439 4634 2560 4688 Act.
2604 4651 2664 4697 ιι,
2708 4636 2741 4691 3
2768 4644 2822 4688 et
2866 4634 2920 4691 4.
2960 4636 3144 4693 Grznca
3174 4639 3338 4693 editio

1777 4703 1948 4759 habet"
1974 4704 2193 4758 ἐκάθισὲ
2222 4721 2303 4765 τε,
2335 4722 2430 4774 pro
2459 4705 2554 4757 καὶ
2585 4705 2862 4759 ἐκάθισαν.

1774 4845 1802 4901 J
1851 4776 1961 4857 (91)
2000 4775 2138 4845 Ipse.
2192 4774 2378 4831 Matth.
2412 4791 2493 4841 ιιι,
2529 4777 2615 4840 Η,
2681 4790 2785 4830 non
2816 4790 2940 4831 vero
2975 4776 3027 4829 in
3056 4777 3339 4848 Evangelio

1808 4860 2013 4901 oanms.
3264 4878 3267 4881 λ

1808 4860 2013 4901 oauuts.
3264 4878 3267 4881 λ

1850 4915 1962 4984 (9%)
1999 4914 2163 4984 Deus.
2185 4915 2346 4984 Deut.
2373 4931 2446 4981 IV,
2480 4916 2568 4970 24.

1846 4982 1957 5054 (95)
1985 4982 2137 5054 Ecce.
2180 4982 2279 5038 lsa.
2315 5001 2458 5048 wa,
2502 4987 2588 5040 15.

1846 5053 1957 5125 (94)
1994 5053 2589 5125 ᾼΕὶτςιιηιεὶειηϐοιοεε.
2633 5069 2693 5118 ιι,
2746 5055 2830 5108 Η.
2880 5053 3067 5109 Graeca
3098 5058 3184 5112 ed.
3229 5056 3339 5113 τῶν

1776 5123 2058 5194 ἁμαρτιᾶψ
2083 5123 2181 5193 τῆς
2210 5123 2429 5193 σαρκός,
2464 5125 2613 5178 idest
2644 5142 2662 5175 ι
2707 5135 3045 5189 peccatorum
3084 5129 3285 5183 carnis.
3314 5148 3334 5180 ι

1846 5195 1957 5262 (95)
1990 5192 2353 5249 Circumcisio.
2387 5195 2542 5249 Rom.
2576 5211 2635 5256 ιι.
2665 5193 2756 5248 29.

1848 5195 1935 5262 (95
1990 5195 2353 5249 Circumcisio.
2387 5195 2542 5249 Rom.
2576 5211 2635 5256 ιι.
2665 5195 2756 5248 29.

1848 5195 1957 5333 (96)
2027 5262 2409 5333 Pamitentiam.
2475 5262 2530 5316 In
2595 5265 2743 5318 Actis
2803 5279 2921 5331 cap.
2959 5280 3018 5329 ιι,
3066 5282 3209 5323 vers.
3244 5268 3336 5327 58.

1775 5332 1866 5417 sinc"
1910 5332 2100 5417 Petrus
2160 5332 2393 5417 loquitur
2447 5351 2479 5415 ε.
2528 5334 2930 5417 Μετανοῄσατε,
2989 5337 3084 5417 καὶ
3146 5337 3341 5417 βαπτι-

1776 5402 2420 5476 69ﬁ3w_3)c1670§9p&)9
2463 5403 2554 5456 ἐπὶ
2603 5403 2681 5475 τῷ
2728 5402 2951 5473 ὀνόματι
3002 5402 3174 5475 Ἰησοῦ
3214 5408 3342 5476 Χρι-

1775 5472 1923 5536 στοῦ,
1979 5473 2030 5545 id
2078 5481 2159 5526 est
2203 5490 2221 5521 ι
2274 5472 2664 5528 Paenitentiam
2700 5472 2875 5545 agite,
2925 5486 2979 5528 et
3035 5472 3339 5543 h'aptizet'ur

1774 5543 2139 5611 unusquisque
2194 5554 2429 5597 vestrum
2488 5545 2540 5597 in
2596 5543 2810 5599 nomine
2854 5543 2976 5599 Jesu
3046 5544 3283 5598 Christi.-
3316 5563 3334 5595 ι

1772 5611 1998 5677 (Σιειετιι,
2023 5626 2158 5684 _qua‘.
2186 5613 2333 5667 addit
2371 5613 2671 5684 Theologus
2703 5624 2910 5684 noster,
2942 5613 3211 5684 translata
3234 5616 3338 5665 huc

1983 5652 1998 5677 ,
2041 5652 2158 5677 Iluw
2186 5652 2333 5667 uuulu
2382 5652 2671 5677 uuvvlvbua
2703 5652 2903 5676 ιινοιυιο

1773 5694 1896 5754 sunt
1923 5698 1986 5736 ex
2014 5681 2213 5754 lenem.
2240 5698 2427 5747 xxxvi,
2458 5685 2511 5751 5,
2530 5681 2623 5740 aut
2662 5686 2840 5754 aliquo
2865 5682 2971 5738 alio
2997 5681 3161 5738 simili
3198 5681 3338 5737 loco.

1776 5752 1904 5807 Vide
1933 5752 2145 5818 not.9-i,
2169 5767 2291 5823 pag.
2309 5754 2428 5809 101.
