3688 6304
89 341 178 400 535
1095 341 1178 400 DE
1217 343 1590 401 TRINITATE
1627 345 1828 402 LIBER
1869 348 2248 408 SECUNDUS.

3199 343 3304 399 506

90 459 243 530 φύσιν,
267 455 360 528 τὴν
387 456 611 512 ἀθέατον
639 458 903 530 μένουσαν
923 459 1000 532 τῷ
1038 459 1136 532 νῷ,
1166 462 1302 532 ἀκοῇ
1335 460 1392 513 δὲ
1421 460 1512 514 καὶ
1541 461 1638 532 ρή-

1829 481 1919 522 ιιιε
1953 465 2071 521 illos
2094 481 2159 520 ex
2192 463 2396 518 Adamo
2442 476 2566 518 esse
2612 455 3046 530 respondebunt?
3074 456 3140 508 At
3166 470 3306 524 quo-

92 569 230 622 μασιν
263 549 381 603 οὒτε
411 551 766 622 προοισθῆναι
796 553 1151 625 ἁνεχομένην.
1177 554 1297 607 Κᾶν
1332 553 1439 624 γὰρ
1463 553 1633 624 μικρά

89 661 172 704 τις,
199 642 321 695 ὡσεὶ
356 641 485 697 σκιὰ
509 643 824 713 ὁμοιώσεως
846 642 1143 708 οίονείπως,
1186 643 1405 716 εὑρεθῇ,
1443 641 1633 711 φεύγει

89 735 136 787 τὸ
159 734 302 788 πλέον
341 735 476 803 ἀφὲν
514 735 605 789 τὸν
640 737 1085 806 παρεκϐἁλλοντα
1117 736 1266 790 κάτω
1295 752 1418 788 που.
1467 733 1635 786 Οὐδα-

92 826 186 896 μῶς
224 823 328 896 γὰρ
376 825 439 878 τὸ
490 825 842 898 παράδειγμα
894 827 1158 900 ταυτότης
1214 823 1352 881 εἶναι
1393 826 1630 880 δύναται·

92 920 244 970 ἐκεῖνα
271 918 326 970 δὲ
372 918 532 987 μόνον
555 919 735 987 λέγειν
769 921 1024 989 ἀσφαλὲς,
1053 922 1155 974 ᾰπε
1163 939 1194 992 ρ
1217 921 1351 992 πρὸς
1371 920 1438 973 τὰ
1457 919 1633 991 μέτρα

92 1009 220 1079 ἡμῶν
246 1009 489 1074 ἐδίδαξαν
510 1011 566 1062 αί
594 1012 830 1082 Γραφαί.
859 1011 978 1065 ’Ότι
1003 1009 1094 1066 οὖν
1122 1013 1179 1066 ἓν
1200 1013 1294 1068 καὶ
1313 1013 1470 1083 μόνον
1495 1007 1634 1066 εἶναι

92 1100 286 1172 Πνεῦμα
323 1101 419 1155 τοῦ
444 1102 580 1155 Θεοῦ
613 1105 824 1176 Πατρὸς
848 1105 1174 1178 γέγραπται,
1197 1106 1282 1160 διὰ
1305 1105 1368 1158 τὸ
1406 1105 1634 1177 κεχωρίο

93 1193 190 1247 σθαι
210 1194 302 1264 μὲν
325 1198 391 1265 τῇ
427 1195 588 1264 φύσει
641 1195 748 1250 τῶν
777 1197 948 1251 ἄλλων
981 1199 1324 1269 πνευμάτων,
1373 1197 1636 1268 συνῆφθαι

93 1288 138 1340 δὲ
165 1287 233 1358 τῷ
275 1288 454 1358 Harp).
499 1289 596 1342 καὶ
649 1289 728 1359 τῷ
761 1291 874 1361 Ἀ’ἱῷ
919 1292 1084 1345 αὐτοῦ
1125 1291 1202 1363 τῷ
1242 1291 1386 1362 λόγῳ
1427 1292 1524 1360 τῆς
1549 1292 1638 1344 οὐ-

93 1381 211 1444 σίας,
261 1378 474 1443 Παῦλος
515 1380 807 1452 ὑνρηγεῖται
864 1381 1091 1453 γράφων
1129 1382 1264 1454 πρὸς
1305 1383 1406 1453 μὲν
1446 1384 1637 1453 Κορινο

90 1471 214 1535 θίους
251 1473 306 1524 ἐν
337 1474 402 1542 τῇ
430 1472 623 1546 πρώτῃ
654 1472 960 1544 Ἐπιστολῇ.
990 1492 1008 1525 ι
1034 1473 1212 1544 Ἀλλῳ
1244 1473 1302 1526 δὲ
1325 1474 1639 1546 χαρίσματα

92 1563 312 1633 ἰαμάτων
363 1565 420 1616 ὲν
441 1563 519 1634 τῷ
544 1565 622 1617 ἑνὶ
675 1564 971 1635 Πνεύματι·
1016 1584 1034 1616 ι
1066 1566 1161 1620 καὶ
1197 1565 1379 1620 πάλιν·
1412 1567 1638 1620 ιιῖἶάντα

89 1656 133 1707 δὲ
156 1654 316 1707 ταῦτα
341 1655 554 1725 ἐνεργεῖ
571 1656 636 1708 τὸ
665 1655 722 1708 ἓν
752 1657 846 1709 καὶ
867 1656 926 1709 τὸ
947 1657 1078 1710 αὐτὸ
1115 1656 1360 1727 Πνεῦμα,
1397 1657 1640 1728 διαιροῦν

94 1748 181 1817 ἰδίᾳ
208 1747 447 1816 ἑκάστῳ,
477 1746 656 1812 καθὼς
687 1747 966 1818 βειὲλεταϋ
989 1767 1008 1800 ι
1047 1751 1141 1803 καὶ
1177 1749 1358 1804 πάλιν·
1385 1768 1402 1802 ι
1435 1750 1641 1815 Πάντες

1737 558 1897 614 modo
1920 558 1972 612 hi
2000 558 2215 627 quidem
2239 557 2491 611 dicuntur
2514 555 2566 608 in
2592 553 2868 622 Scriptura
2894 546 3133 620 generati
3159 561 3301 610 esse,

1739 649 1825 704 illa
1865 666 1994 704 vero
2029 665 2201 720 neque
2225 648 2416 704 Adami
2464 647 2570 700 tilia
2620 653 2866 707 vocatur,
2896 655 3071 710 neque
3091 653 3304 703 eorum,

1740 757 1875 810 quos
1898 743 2102 811 genuit,
2134 740 2324 795 soror?
2347 737 2612 793 Nimirum
2639 736 2754 790 ﬁeri
2787 749 2892 789 non
2930 741 3127 802 potest,
3155 738 3214 784 ut
3236 745 3304 784 ex

1738 840 2116 885 creaturarum
2176 828 2586 900 comparatione
2633 825 2937 894 exemplum
2965 823 3179 892 aliquod
3206 821 3306 874 du—

1737 936 1892 978 catur
1922 939 1987 978 ac
2035 924 2327 978 similitudo
2385 922 2450 976 ad
2507 920 2912 991 exprimendam
2945 915 3088 971 illam
3125 929 3306 968 mona-

1739 1019 1884 1080 dem,
1912 1027 1965 1071 et
1998 1015 2479 1084 incomparabilem
2514 1015 2660 1068 illam
2691 1022 2962 1073 naturam,
2994 1025 3112 1078 qua:
3141 1009 3304 1062 menti

1740 1109 2034 1163 invisibilis
2071 1106 2146 1178 (9)
2186 1116 2386 1170 manet,
2418 1121 2482 1160 ae
2538 1120 2606 1160 ne
2658 1103 2880 1158 auribus
2907 1102 3122 1172 quidem
3152 1115 3306 1152 man-

1739 1203 1877 1265 dari,
1913 1203 2160 1256 verbisve
2206 1201 2436 1270 proferri
2478 1213 2536 1252 se
2595 1197 2818 1266 patitur.
2853 1194 2986 1248 Nam
3011 1193 3113 1248 etsi
3141 1206 3303 1259 parva

1741 1293 1923 1360 aliqua
1980 1292 2146 1347 veluti
2205 1293 2395 1347 umbra
2451 1289 2821 1345 similitudinis
2863 1287 3308 1358 qualiteretmqne

1742 1383 2078 1438 inveniretur
2104 1424 2119 1448 ,
2155 1397 2428 1452 nunquam
2473 1391 2652 1435 tamen
2687 1381 2832 1435 illam
2873 1379 3008 1435 satis
3038 1377 3307 1444 explicare

1744 1488 2030 1544 possemus
2053 1471 2188 1544 (l0).
2227 1471 2536 1528 Similituda
2569 1471 2739 1535 enirn,
2773 1479 2829 1524 et
2859 1469 3188 1538 comparatio
3217 1481 3310 1520 ne-

1749 1577 2021 1634 quaquam
2053 1579 2174 1619 esse
2219 1571 2399 1632 potest
2453 1561 2730 1616 identitas.
2770 1560 2842 1614 Ea
2893 1573 3020 1614 vero
3050 1560 3310 1612 duntaxat

1742 1658 1926 1712 dicere
1955 1664 2126 1710 tutum
2158 1664 2244 1711 est
2290 1656 2425 1727 (11),
2459 1669 2578 1724 quae
2615 1653 2681 1706 ad
2723 1661 2966 1706 nostrunt
3001 1661 3214 1720 captum
3245 1665 3309 1705 ac

1745 1763 2054 1803 mensuram
2095 1747 2496 1802 accommodata
2545 1744 2700 1816 147
2755 1744 3048 1813 Scriptum
3111 1743 3311 1797 docue-

91 1840 137 1891 ἓν
161 1838 379 1904 Πνεῦμα
403 1839 800 1910 ἐποτίσθημεν·
831 1859 850 1892 ι
878 1840 1012 1912 πρὸς
1041 1840 1098 1894 δὲ
1133 1841 1435 1910 ,Ἑφεσὶουτ
1470 1861 1487 1892 t
1519 1843 1641 1896 Ὅτι

1829 1851 1890 1896 tt.
1928 1839 2077 1907 lQuod
2104 1855 2232 1909 ergo
2255 1854 2418 1893 unum
2455 1848 2508 1894 et
2538 1813 2709 1894 solum
2751 1850 2874 1890 esse
2923 1834 3182 1906 Spiritum
3215 1834 3310 1888 Dei

89 1931 311 1983 διἀὒτοῦ
334 1930 530 2002 ἔχομεν
555 1931 652 2004 τὴν
678 1931 843 2004 [ὃὸα]
870 1934 1232 2004 προσαγωγὴν
1253 1934 1302 2010 εί
1323 1935 1639 2005 ἀμερότεροι,

91 2024 135 2074 ὲν
183 2023 260 2075 ἑνὶ
307 2023 588 2094 Πνεῦματι
641 2024 778 2094 πρὸς
820 2025 910 2077 τὸν
952 2025 1191 2095 Πατέρα·
1235 2043 1254 2076 ι
1313 2025 1407 2080 καὶ
1457 2025 1640 2080 πάλιν·

96 2133 110 2163 ι
141 2112 529 2179 Σπυδάζοντες
553 2133 618 2184 τη
627 2120 740 2187 ρεῖν
766 2115 864 2186 τὴν
889 2117 1110 2188 ἑνότητα
1131 2115 1224 2168 τοῦ
1254 2116 1588 2187 Πνεῦματος·
1618 2135 1636 2167 ι

91 2202 212 2256 τοῦτ’
243 2203 408 2268 ἐστιν,
448 2203 650 2276 πολλὴν
701 2205 970 2258 ποιεῖσθαι
1027 2205 1271 2275 φυλακὴν
1309 2205 1402 2259 τοῦ
1431 2206 1505 2277 μὴ
1539 2225 1642 2276 χω-

91 2298 241 2368 ρίζειν
275 2299 406 2352 αὐτὸ
438 2299 540 2368 τῆς
567 2299 825 2353 ἀνωτάτω
873 2299 1056 2362 suae);
1093 2299 1187 2352 καὶ
1213 2297 1530 2362 αὐτοτελοῦς
1555 2299 1644 2351 οὑ-

93 2390 340 2453 σίας.”οτι
369 2389 424 2443 δὲ
460 2391 552 2443 καὶ
587 2391 768 2460 Ῥῆμα
801 2390 1136 2462 ὠνόμασται,
1165 2390 1531 2463 μαρτυροῦσιν
1557 2392 1644 2444 οῦ-

91 2481 221 2534 τωσί·
281 2479 495 2547 Παῦλος
516 2483 767 2555 γράφων,
808 2483 942 2556 πρὸς
972 2483 1253 2554 Ἐφεσίους
1284 2485 1400 2556 μέν·
1438 2503 1454 2536 ι
1491 2485 1645 2537 Ἀνα-

93 2570 321 2638 λαϐόντες
376 2575 477 2645 τὴν
543 2576 847 2629 πανοπλίαν
899 2576 994 2630 τοῦ
1065 2575 1222 2641 Θεοῦ,
1284 2577 1379 2632 καὶ
1421 2577 1642 2650 Θώρακα

93 2664 170 2734 τῆς
201 2665 570 2736 δικαιοσύνης,
617 2667 710 2720 καὶ
742 2667 832 2721 τὸν
878 2667 1070 2740 θυρεὸν
1110 2668 1210 2738 τῆς
1247 2667 1502 2732 πίστεως»
1550 2669 1643 2722 καὶ

92 2757 171 2826 τὴν
203 2757 635 2830 περικεφαλαίαν
661 2757 754 2811 τοῦ
793 2759 1080 2830 σωτηρίου,
1120 2759 1214 2812 καὶ
1240 2759 1340 2831 τὴν
1371 2761 1643 2832 μάχαιραν

92 2849 166 2901 τοῦ
205 2849 543 2920 Πνεῦματος,
587 2851 616 2904 ὃ
661 2851 812 2905 ἐστιν
855 2852 1032 2922 Ῥῆμα
1067 2852 1225 2905 Θεοῦ.
1275 2872 1294 2906 ι
1351 2847 1459 2916 *Ης
1503 2871 1644 2918 τινος

94 2942 344 3013 μαχαίρας
372 2944 779 3014 ἐμνημόνευσεν
801 2946 896 2998 καὶ
937 2945 1236 3010 Ριέατθαῖος,
1268 2947 1332 3000 ἐκ
1356 2947 1644 3017 προσώπου

92 3034 166 3086 τοῦ
203 3035 440 3105 Χριστοῦ
503 3035 692 3090 εἰπών·
745 3055 764 3088 ι
799 3037 913 3090 Οὐκ
959 3032 1123 3109 ἦλθον
1173 3037 1354 3108 βαλεῖν
1403 3039 1642 3110 εἰρήνην,

241 3128 540 3199 μάχαιραν·
643 3129 886 3222 οὑγῗξίφος
919 3129 1113 3200 λέγων,
1141 3131 1276 3184 ἀλλὰ
1299 3131 1398 3203 τὴν
1428 3133 1646 3204 εἰρήνης
1674 3167 1715 3222 8

95 3219 322 3272 ἐπέκεινα
356 3219 631 3291 τμητικὴν
662 3221 771 3273 τῶν
813 3221 1236 3294 πεπωρωμένων
1281 3223 1514 3295 καρδιῶν
1553 3223 1646 3277 τοῦ

94 3311 223 3377 ἁγίου
240 3311 562 3381 Πνεῦματος
589 3313 956 3368 ἀκατάλεκτον
980 3315 1190 3384 σοφίαν·
1209 3316 1345 3389 πρὸς
1359 3315 1415 3369 δὲ
1441 3315 1652 3387 Ἐὗραί-

92 3420 185 3468 ους·
213 3423 231 3455 ι
252 3403 440 3475 θέρων
457 3404 565 3477 γὰρ
595 3405 663 3459 τὰ
685 3407 861 3460 πάντα
891 3405 968 3478 τῷ
1000 3409 1232 3479 Ῥήματι
1249 3409 1348 3479 τῆς
1370 3408 1650 3480 δυνάμεως

93 3490 252 3544 αὑτοῦ.
305 3512 323 3543 ι
379 3493 527 3563 Ποίῳ
562 3493 618 3546 δὲ
677 3495 943 3565 Ῥή;.ιατι;
1008 3498 1417 3568 Προεςρήτευσεν
1466 3498 1646 3551 Δαυῖδ·

99 3600 112 3628 ι
152 3582 232 3652 Τῷ
258 3583 404 3654 λόγῳ
455 3586 665 3656 Κυρίου
689 3587 738 3638 οί
763 3586 977 3657 οὐρανοὶ
1004 3586 1429 3658 ἐστερεώθησαν,
1458 3590 1552 3642 καὶ
1575 3589 1652 3661 τῷ

96 3671 347 3742 Πνεῦματι
378 3673 467 3726 τοῦ
502 3676 769 3745 στόματος
797 3676 959 3730 αὐτοῦ
979 3679 1148 3732 πᾶσαι
1186 3680 1242 3732 αί
1269 3680 1526 3751 δυνάμεις
1557 3682 1654 3734 αὑ-

95 3761 200 3812 τῶν·
228 3783 244 3814 ι
279 3765 377 3816 καὶ
425 3764 590 3818 πάλιν
635 3767 665 3818 ὁ
699 3765 928 3828 Παῦλος·
981 3786 1000 3819 ι
1044 3767 1326 3823 Ἀδύνατον
1369 3769 1476 3840 γὰρ
1528 3772 1652 3836 τοὺς

97 3852 218 3918 ἅπαξ
241 3855 642 3924 φωτισθέντας.
682 3858 1057 3928 γευσαμένους
1093 3877 1152 3914 τε
1173 3861 1269 3931 τῆς
1304 3862 1513 3932 δωρεᾶς
1553 3863 1653 3934 τῆς

98 3949 435 4019 ἐπουρανίου,
488 3949 584 4003 καὶ
637 3950 898 4021 μετόχους
953 3952 1278 4024 γενηθέντας
1339 3955 1654 4026 Πνεῦματος

99 4038 249 4103 ἁγίου,
295 4040 395 4092 καὶ
427 4039 594 4092 καλὸν
629 4040 1002 4111 γευσαμένους
1051 4041 1186 4094 Θεοῦ
1256 4044 1454 4114 Ῥἧμα·
1490 4065 1508 4096 ι
1547 4045 1654 4098 Πέ-

97 4142 199 4196 rga;
239 4128 315 4181 δέ·
355 4147 375 4180 ι
409 4129 557 4182 Διότι
595 4132 746 4185 πᾶσα
810 4130 946 4204 σὰρξ
986 4132 1061 4196 ὡς
1100 4133 1310 4204 χόρτος,
1366 4136 1460 4188 καὶ
1505 4137 1656 4188 πᾶσα

97 4217 199 4284 ὤεα
223 4221 398 4291 αὐτῆς
456 4221 533 4286 ὡς
576 4223 738 4287 ἄνθος
788 4224 1004 4296 χόρτου·
1055 4226 1326 4297 ἐξηράνθη
1374 4229 1402 4280 ό
1442 4228 1653 4301 χόρτος,

99 4313 174 4362 xz".
194 4312 251 4365 τὺ
280 4313 445 4376 ἄνθος
491 4314 768 4380 ἐξέπεσεν,
809 4318 957 4387 καὶὴ
992 4317 1293 4388 εὐπρέπεια
1333 4319 1494 4388 αῦτρῦ
1547 4322 1655 4376 ἁπ-

99 4398 260 4455 ὡλετο·
291 4404 358 4456 τὸ
395 4403 453 4456 δὲ
499 4404 677 4474 Ῥῆμα
705 4403 801 4458 τοῦ
829 4406 964 4460 Θεοῦ
1004 4407 1152 4478 μένει
1184 4409 1263 4472 είς
1292 4408 1381 4462 τὸν
1403 4409 1588 4463 αἰῶνα·
1633 4429 1650 4461 ι

1742 1930 1923 1986 Patris
1948 1931 2069 1986 ideo
2094 1933 2238 1984 dicat
2279 1929 2580 1998 Scriptura,
2623 1928 2749 1997 quia
2806 1934 2998 1980 natura
3034 1924 3311 1994 seiunctus

1744 2025 1964 2094 quidem
2017 2033 2101 2078 est
2148 2021 2218 2076 ab
2264 2021 2386 2075 aliis
2431 2020 2734 2090 spiritibus,
2783 2017 3098 2086 coniunctus
3129 2020 3309 2071 autem

1743 2117 1914 2181 Patri,
1945 2125 2000 2171 et
2020 2115 2134 2186 eius
2161 2114 2299 2170 Filio
2327 2115 2534 2168 ratione
2566 2111 2837 2177 essentize,
2869 2109 3062 2164 Paulus
3089 2116 3314 2162 enarrat

1743 2209 1993 2264 scribens
2023 2209 2090 2261 ad
2122 2205 2438 2260 Corinthios
2485 2203 2702 2274 quidem
2739 2201 2794 2254 in
2840 2201 3010 2270 prima
3042 2197 3312 2267 Epistula:

1750 2320 1769 2352 ς
1799 2299 1967 2354 Alteri
2003 2297 2112 2371 (12)
2173 2305 2354 2352 autem
2406 2299 2541 2351 dona
2573 2294 2909 2348 curationum
2959 2293 3011 2346 in
3055 2306 3160 2345 uno
3190 2289 3315 2360 Spi-

1745 2394 1850 2448 ritu
1876 2409 1927 2459 ;»
1958 2401 2011 2447 et
2037 2406 2224 2446 rursus
2257 2407 2269 2442 :
2311 2409 2329 2442 ι
2351 2388 2473 2444 {late
2500 2388 2609 2458 (15)
2639 2398 2816 2440 autem
2847 2385 3027 2439 omnia
3059 2394 3316 2453 operatur

1744 2501 1884 2541 unus
1907 2494 2068 2552 atque
2095 2485 2233 2538 idem
2263 2481 2519 2551 Spiritus,
2557 2480 2803 2535 dividens
2826 2494 3066 2534 seorsum
3091 2476 3316 2544 singulis

1746 2585 1904 2648 prout
1928 2576 2044 2633 vult
2064 2591 2079 2642 ;
2099 2593 2120 2628 ι
2153 2585 2207 2630 et
2233 2587 2452 2629 rursus:
2489 2592 2508 2624 ι
2532 2573 2596 2626 Ει
2617 2586 2806 2626 omnes
2832 2569 2943 2643 (14)
2973 2585 3080 2624 uno
3109 2569 3314 2638 Spiritu

1746 2667 1914 2740 potati
1971 2681 2194 2733 sumus;
2262 2685 2283 2719 ι
2344 2665 2412 2720 ad
2473 2664 2732 2735 Ephesios
2796 2673 2976 2718 autem
3038 2679 3053 2717 :
3108 2680 3129 2714 ‹
3179 2660 3318 2725 Quo-

1746 2763 1888 2816 niam
1926 2760 2036 2833 (l5)
2056 2775 2152 2830 per
2179 2759 2352 2830 ipsum
2373 2757 2633 2812 habemus
2661 2770 2936 2811 accessum
2954 2755 3186 2809 amboin
3211 2767 3318 2807 uno

1747 2855 1950 2924 Spiritu
1974 2853 2041 2908 ad
2069 2852 2318 2919 Patrem;
2346 2869 2364 2902 ι
2393 2860 2447 2904 et
2477 2865 2667 2905 rursus
2692 2862 2708 2902 :
2739 2867 2757 2901 ι
2776 2848 3042 2904 Curantes
3067 2843 3177 2915 (16)
3207 2859 3319 2899 ser-

1749 2962 1878 3002 vare
1929 2947 2193 3000 unitatem
2244 2943 2554 3013 Spiritusp
2593 2943 2647 2998 id
2693 2951 2798 3008 est,
2835 2939 2990 2994 valde
3019 2951 3214 2992 cavere
3249 2950 3320 2991 ne

1748 3041 1920 3110 ipsum
1957 3051 2271 3106 separemus
2300 3050 2329 3089 a
2363 3049 2616 3105 suprema
2653 3033 2882 3096 unitate,
2913 3041 2968 3084 et
2990 3030 3058 3084 ab
3084 3043 3170 3094 ea,
3199 3042 3320 3097 qua:

1750 3145 1844 3200 per
1879 3142 1937 3184 se
1993 3128 2231 3198 perfecta
2279 3135 2363 3181 est
2416 3125 2673 3180 essentia.
2736 3122 2888 3190 Quod
2937 3134 3115 3175 autem
3151 3121 3316 3174 etiam

1763 3223 1964 3294 Ῥῆμα,
2001 3237 2095 3276 seu
2139 3219 2352 3274 Dictum
2405 3219 2716 3273 nominatus
2753 3218 2844 3280 sit,
2879 3231 2944 3270 ex
2986 3214 3133 3268 hisce
3163 3212 3319 3267 testi-

1751 3313 1948 3367 moniis
1975 3321 2221 3381 apparet.
2263 3310 2463 3364 Paulus
2518 3309 2766 3365 scribens
2811 3309 2876 3360 ad
2915 3305 3177 3374 Ephesios
3200 3303 3320 3373 qni-

1751 3404 1871 3458 dem
1910 3405 2120 3472 inquit:
2173 3421 2191 3454 ι
2224 3403 2568 3472 Accipientes
2606 3399 2716 3471 (17)
2756 3409 3084 3454 armaturam
3117 3397 3229 3462 Dei,
3265 3405 3322 3450 et

1750 3493 1973 3550 loricam
2003 3494 2253 3565 iustitia»,
2277 3503 2333 3549 et
2363 3506 2573 3550 scutum
2611 3494 2757 3558 ﬁdei,
2789 3503 2843 3548 et
2873 3492 3077 3563 galeam
3107 3491 3318 3552 salutis,

1751 3598 1806 3644 et
1845 3587 2081 3657 gladium
2121 3587 2376 3656 Spiritus,
2413 3588 2502 3656 qui
2552 3596 2635 3641 est
2684 3587 2892 3642 Dictum
2941 3584 3056 3638 Dei.
3085 3602 3104 3636 ι
3157 3581 3322 3650 Cujus

1754 3679 1919 3750 gladii
1971 3679 2214 3733 meminit
2269 3679 2432 3732 etiam
2491 3677 2791 3740 Matthaeus,
2824 3693 2946 3731 cum
2997 3689 3064 3729 ex
3091 3685 3321 3743 persona

1754 3769 1955 3826 Christi
1991 3770 2164 3825 dixit:
2216 3768 2367 3824 «Non
2396 3771 2517 3824 veni
2552 3769 2662 3842 (18)
2707 3784 2894 3841 pacem
2933 3768 3166 3829 mittere,
3227 3765 3321 3820 sed

1754 3861 2028 3930 gladium;
2063 3879 2082 3911 ι
2119 3874 2222 3913 non
2274 3875 2457 3914 ensem
2492 3861 2812 3929 intelligens,
2849 3860 2942 3913 sed
2986 3855 3322 3912 inenarrabi-

1755 3952 1860 4006 lem
1879 3951 2199 4020 sapientiam
2223 3948 2458 4019 Spiritus
2482 3951 2674 4012 sancti,
2698 3965 2838 4019 qum,
2874 3949 2990 4015 plus
3009 3963 3168 4017 quam
3197 3959 3322 4014 pax,

1755 4045 2017 4099 obdurata
2049 4043 2214 4096 corda
2268 4043 2478 4096 incidit.
2532 4044 2612 4096 Ad
2667 4040 2923 4095 Hebraeos
2955 4055 3110 4093 vero:
3139 4057 3156 4088 ι
3191 4037 3324 4090 Por-

1759 4138 2014 4207 tans(l9)
2064 4138 2209 4192 enim
2261 4137 2441 4191 ontnia
2501 4135 2678 4189 Verbo
2735 4134 2952 4188 virtutis
2994 4147 3122 4187 sum.
3154 4148 3172 4182 ι
3208 4129 3324 4196 Quo

1759 4237 1942 4282 autem
2008 4225 2222 4280 Verbo?
2275 4226 2662 4281 Pl'a’lllmlinvil
2711 4224 2913 4278 David:
2969 4221 3184 4276 «Verbo
3215 4219 3325 4290 (‘20)

1758 4321 1972 4375 Domini
1999 4320 2124 4375 coeli
2158 4319 2356 4373 ﬁrmati
2389 4328 2535 4382 sunt,
2574 4329 2630 4373 et
2667 4319 2873 4388 Spiritu
2909 4317 3018 4371 oris
3055 4315 3174 4386 ejus
3212 4330 3325 4370 om-

1757 4427 1856 4466 nes
1886 4411 2114 4465 virtutes
2151 4425 2377 4477 eorum;
2414 4430 2432 4462 ι
2469 4420 2524 4464 et
2572 4426 2763 4464 rursus
2794 4409 3026 4463 Paulus:
3060 4426 3078 4459 ι
3124 4406 3324 4476 Impos-

101 4490 147 4543 ὃν
171 4493 365 4563 τῷπον
411 4496 541 4566 σιτερὶ¹
578 4495 673 4549 τοῦ
715 4497 846 4551 Υίοῦ
900 4497 1092 4568 ψάλλει
1125 4499 1186 4552 ὲν
1221 4497 1346 4570 ριη’·
1377 4519 1396 4552 ι
1438 4499 1532 4562 Et;
1565 4500 1646 4553 τὸν

1829 4503 1912 4557 ›ἰΙο
1941 4502 2054 4574 (21)
2083 4511 2166 4558 est
2189 4505 2332 4556 enim
2381 4518 2473 4557 eos
2517 4504 2606 4572 qui
2638 4502 2806 4558 semel
2840 4511 2964 4556 sunt
3017 4499 3322 4562 illunﬁnati,

103 4585 267 4650 αίώνα,
295 4587 498 4660 Κύριε,
520 4589 742 4657 ὁ¹Λόγος
792 4607 885 4643 σου
913 4589 1156 4661 διαμένει
1186 4591 1244 4643 ὲν
1264 4591 1340 4662 τῷ
1376 4591 1608 4663 οὐρανῷ.
1634 4612 1652 4645 ι

160 4769 228 4839 (9)
260 4769 426 4824 Menti
467 4771 764 4826 inuisibilia.
817 4769 1064 4827 Excludit
1118 4771 1380 4827 visionem
1428 4787 1448 4822 ι
1496 4772 1641 4825 adse-

107 4850 321 4904 qnatam,
361 4859 378 4890 ι
412 4851 474 4896 et
517 4859 536 4892 ι
579 4842 1098 4908 comprehensivam,
1146 4861 1166 4894 ι
1221 4859 1324 4896 non
1370 4859 1388 4890 ι
1440 4843 1645 4894 intuiti-

110 4924 206 4960 vam
242 4927 268 4982 ιν
291 4929 310 4961 ι
345 4923 405 4965 ιιι
459 4911 596 4964 alias
629 4913 838 4966 ostendi
887 4914 937 4963 in
974 4910 1212 4982 Epistola
1240 4917 1308 4965 ad
1337 4912 1647 4966 Arclttntunt

108 4981 373 5050 praestem,
405 4997 529 5050 pag.
577 4983 645 5036 55
677 4993 728 5036 et
757 4996 911 5050 seqq.

164 5049 263 5117 (l0)
297 5048 602 5122 Passerinus.
658 5053 710 5105 In
763 5048 971 5112 Grieco,
1011 5049 1201 5119 φεύγει
1239 5051 1299 5105 τὸ
1336 5051 1494 5105 πλέον
1514 5051 1651 5122 ἀφὲν

108 5117 184 5170 τὸν
210 5121 651 5190 ιταρεκϐἁλλοντα
677 5123 824 5176 κάτω
857 5138 980 5176 που.
1013 5117 1150 5188 Οιιώ
1179 5124 1528 5190 proverbialis
1566 5117 1650 5178 lo-

112 5190 232 5261 cutio
255 5195 485 5261 videtur.
513 5191 606 5244 Est
631 5203 808 5246 autem
839 5191 1237 5261 παρεκϐάλλειν
1259 5211 1276 5244 ι
1296 5207 1583 5258 excerpere
1600 5210 1612 5246 :
1627 5211 1645 5245 ι

115 5260 230 5333 unde
247 5260 401 5333 dictae
440 5262 707 5333 Eustatltii
731 5260 1083 5333 παρεκὸολαί,
1113 5265 1406 5332 composita
1429 5278 1556 5318 voce
1586 5279 1649 5318 ex

116 5329 258 5403 παρὰ,
281 5331 373 5403 ἐκ,
400 5342 456 5385 et
496 5331 695 5403 βάλλω.
731 5329 912 5399 Itaque
945 5333 1150 5403 Didymi
1197 5329 1518 5388 locutionem
1576 5335 1653 5387 sic

118 5401 402 5479 advertatur
448 5401 872 5479 transferendam
912 5401 1109 5479 censeo
1143 5421 1156 5458 :
1195 5421 1215 5454 ι
1258 5419 1379 5459 eum
1427 5404 1555 5479 quis
1589 5420 1657 5456 ex

120 5467 327 5524 inferiori
353 5472 471 5526 loco
492 5492 510 5523 ι
533 5488 767 5541 procera:
789 5475 998 5527 arboris
1023 5487 1201 5540 poma,
1228 5467 1658 5542 exemplicausa,

121 5554 139 5587 ι
174 5543 415 5613 excerpit,
454 5561 472 5593 ι
500 5555 593 5597 aut
617 5561 636 5595 ι
677 5543 880 5613 dejicit,
913 5543 1085 5613 major
1114 5559 1299 5598 eorum
1332 5559 1457 5612 pars
1493 5559 1664 5596 rema-

1766 4594 1858 4666 qui
1909 4604 1964 4662 et
2012 4603 2366 4666 gustaverunt
2414 4596 2611 4650 donum
2663 4594 2905 4660 caeleste,
2947 4603 3002 4648 et
3040 4592 3330 4662 participes

1755 4773 1934 4896 “92)
1981 4771 2218 4828 Alteri.l
2270 4772 2396 4826 Cor.
2458 4785 2552 4832 xu,
2605 4769 2658 4824 9.
2720 4767 2853 4823 Vide
2895 4777 3002 4823 not.
3057 4766 3152 4829 9.5,
3202 4781 3323 4834 pag.

1829 4914 1938 4984 (15)
1984 4913 2130 4968 llwc.
2162 4913 2308 4968 ICur
2359 4928 2456 4971 ιιι,
2481 4911 2563 4963 11.

1827 5006 1938 5076 (14)
1977 5005 2040 5059 Et
2091 5023 2287 5060 omnes.
2329 5003 2345 5056 1
2383 5004 2509 5058 Cor.
2546 5017 2640 5058 xtl.
2693 5000 2770 5055 l5.
2796 5000 2977 5054 Cra-ca
3009 5003 3086 5052 vd.
3144 5003 3220 5061 εἰς
3270 4999 3328 5053 ἒν

1755 5077 1999 5148 Πνεῦμα,

1853 5143 1937 5213 l5)
1977 5146 2256 5211 Quoniam.
2289 5145 2485 5216 Epltes.
2514 5161 2573 5207 ιι,
2608 5143 2693 5216 18.

1853 5149 1937 5213 15)
1977 5147 2256 5211 Quoniam.
2289 5147 2485 5216 Ephes.
2514 5161 2573 5207 ιι,
2608 5147 2666 5198 18

1825 5147 1939 5289 (16)
1971 5218 2244 5270 Curantes.
2279 5217 2474 5285 Epltes.
2510 5231 2582 5280 tv,
2614 5215 2666 5269 5.

1831 5311 1945 5380 (17)
1984 5309 2326 5376 Accipient“.
2357 5308 2556 5377 Epltes.
2581 5324 2654 5376 νι,
2691 5307 2869 5363 15-17.
2907 5306 3042 5361 Citat
3088 5322 3323 5368 sensum,

1761 5380 1914 5449 plura
1940 5381 2192 5434 omittens
2229 5381 2564 5433 intermedia.

1831 5469 1945 5540 (18)
1976 5467 2098 5540 Non
2128 5472 2261 5523 veni.
2296 5468 2485 5540 Matth.
2529 5486 2584 5536 ι,
2625 5470 2713 5524 54.

1829 5536 1942 5611 (19)
1992 5539 2238 5594 Portam.
2298 5538 2460 5594 Hebr.
2528 5557 2566 5606 ι,
2629 5541 2683 5596 5.
2742 5539 2927 5597 (ἔντερα
2989 5540 3074 5592 ed.
3149 5536 3328 5607 φέρων

118 5619 238 5680 neti
269 5612 318 5663 in
376 5615 593 5669 arbore.
643 5614 699 5668 Si
742 5612 830 5666 cui
872 5612 1120 5666 haec'non
1158 5615 1421 5678 arrident,
1468 5613 1663 5668 aﬂerat
1757 5629 1835 5677 τε,
1869 5613 1919 5664 id
1948 5622 2029 5680 est
2063 5628 2081 5661 ι
2120 5621 2465 5680 portansqne.
2501 5631 2520 5662 ι

117 5679 309 5751 meliora
317 5699 341 5751 Ξ
371 5681 596 5737 libenter
620 5684 762 5737 enim
790 5697 855 5737 ea
878 5683 1165 5751 excipiam.

125 5811 155 5830 η
183 5748 281 5826 (ll)
310 5749 496 5830 Tutum
516 5762 613 5806 est.
653 5753 826 5830 Simili
854 5748 1017 5808 modo
1041 5753 1322 5824 respondet
1349 5753 1403 5808 in
1430 5751 1566 5809 libro
1587 5753 1660 5808 De

121 5824 451 5886 Garumnae,
472 5839 618 5879 uutn.
651 5824 738 5880 62.

1831 5682 1945 5752 (20)
1982 5678 2564 5752 Yerbml’salaxsxn,
2596 5696 2738 5752 vers.
2782 5681 2832 5732 6.

1828 5749 1941 5823 (21)
1974 5749 2316 5822 Ιιηροεείὺἱιε.
2363 5751 2522 5807 llebr:
2562 5769 2630 5819 γι,
2679 5751 2712 5804 4
2738 5762 2791 5806 et
2825 5750 2877 5806 5.
