3688 6304
355 344 456 401 εσῑ
1583 346 1817 401 DIDYMI
1860 345 2328 401 ALEXANDRINI
3495 338 3595 391 508

355 463 483 518 lacti
513 471 637 517 sunt
674 462 905 533 Spiritus
929 467 1130 533 sancti,
1155 478 1207 523 et
1225 476 1577 538 gustaverunt
1606 467 1805 520 bonum
1829 466 1910 518 Dei

2087 464 2197 518 »λλὰ
2221 464 2329 534 γὰρ
2356 462 2480 533 περὶ
2512 460 2619 514 τῶν
2670 460 2982 532 ἀκροτάτων
3013 460 3105 513 καὶ
3144 458 3435 513 Θειοτὰτων
3470 458 3601 509 ὑπτι-

355 550 586 606 Verbum
614 569 626 619 ;
656 572 673 603 ι
711 552 901 610 Petrus
929 566 1105 611 autem
1139 575 1151 610 :
1210 576 1228 608 ι
1273 557 1407 624 Quia
1436 557 1546 628 (ετ)
1583 556 1759 611 omnis
1792 573 1910 612 caro

2094 558 2267 611 άσεων
2302 553 2686 626 μυστικώτατα
2721 551 3106 624 παραδίδωσιν.

350 652 413 697 ut
442 643 645 707 ienum,
680 655 734 698 et
764 647 941 700 omnis
975 648 1143 716 gloria
1176 648 1294 717 ejus
1338 657 1592 718 tanquam
1644 650 1743 705 ﬂos
1772 649 1916 704 feni:
1957 650 2167 703 exaruit
2202 648 2405 709 fenum,
2436 656 2489 699 et
2543 645 2643 700 ﬂos
2707 643 2817 714 (ἳό)
2874 645 3095 708 excidit,
3166 652 3219 697 et
3270 644 3436 695 decor
3482 640 3599 708 rius

350 738 541 807 periit:
608 737 835 792 Verbum
878 750 1054 795 autem
1109 742 1198 796 Dei
1242 753 1420 797 manet
1460 744 1512 797 in
1568 745 1856 809 saeculum;
1896 764 1914 796 ι
1958 743 2421 810 Quemadmodum
2451 740 2515 793 de
2538 738 2674 792 Filio
2695 737 2991 793 Psaltesait
3019 738 3071 790 in
3124 750 3289 791 cxvttt
3351 734 3592 802 psalmo:

355 829 457 881 «In
522 839 805 895 azlernum,
836 830 948 902 (24)
1008 834 1251 899 Domine,
1287 835 1448 907 148
1501 836 1730 893 Verbum
1776 850 1924 891 tuum
1958 846 2236 907 permanet
2292 837 2343 888 in
2398 833 2559 888 coelo.
2595 850 2613 883 ι
2672 830 2833 885 Multa
2870 829 3012 884 enim
3059 829 3125 882 de
3187 827 3479 896 supremis,
3539 836 3592 878 et

350 921 705 977 divinissimis
732 924 1113 995 bypostasibus
1139 929 1303 981 tradit
1325 944 1486 985 sensu
1521 945 1730 986 summe
1762 931 1989 1003 mystico
2020 927 2393 1001 intelligenda.

990 1019 1143 1074 CAP.
1185 1019 1271 1075 Vl.

353 1100 566 1170 Omnia,
592 1122 709 1175 quw
744 1106 965 1180 Deitatis
994 1122 1114 1163 sunt
1142 1113 1377 1180 prapria,
1405 1113 1756 1167 testimonium
1791 1115 1912 1168 red-

823 1178 946 1233 dere
976 1182 1204 1249 Spiritui
1228 1178 1427 1236 sancto.

419 1264 643 1333 Insuper
667 1268 777 1339 (‘25)
807 1271 965 1338 igitur
995 1273 1060 1325 de
1088 1273 1376 1328 immortali
1423 1284 1477 1329 et
1505 1275 1761 1331 iueﬂabili
1792 1276 1911 1344 Spi-

350 1354 487 1410 ritus
509 1362 681 1412 sancti
715 1372 905 1414 natura
960 1362 1082 1416 talia
1126 1365 1378 1418 dicuntur
1410 1366 1460 1419 in
1488 1367 1687 1420 divinis
1716 1382 1911 1421 oracu-

347 1448 432 1513 lis,
464 1451 641 1517 qualia
679 1454 742 1506 de
770 1457 1007 1507 omnium
1054 1456 1388 1511 dominatore
1422 1458 1527 1511 Deo
1562 1468 1611 1512 et
1654 1457 1913 1524 l’atrc,ac

344 1540 411 1595 de
442 1544 817 1598 universorum
872 1546 1117 1609 Domino,
1163 1558 1219 1601 et
1261 1549 1439 1604 omnia
1501 1551 1913 1605 transcendente

344 1631 507 1701 Filio,
561 1648 843 1705 propterea
896 1640 1037 1707 quod
1097 1655 1269 1709 neque
1334 1641 1695 1706 beterousius,
1725 1643 1776 1696 id
1806 1653 1908 1707 est,

2662 1016 2819 1071 κει».
2854 1018 2940 1082 ς’.

2014 1112 2151 1181 Περὶ
2176 1111 2281 1167 τοῦ
2306 1111 2520 1186 πάντᾳ,
2542 1109 2664 1186 »ὅσα
2684 1108 2804 1186 ideo
2827 1108 3111 1186 Θρότῃτος
3144 1102 3247 1175 [65
3270 1100 3345 1175 b],
3374 1119 3593 1171 μαρτυο

2379 1181 2613 1249 ρεῐσθαι
2651 1179 2717 1231 τὸ
2756 1179 2926 1247 ἅγιον
2957 1179 3213 1243 Πνεῦμα.

2088 1276 2320 1328 Ἔπειτα
2348 1271 2442 1328 οὖν
2470 1271 2883 1345 χρησμῳδοῦσιν
2912 1270 3038 1340 περὶ
3070 1268 3168 1337 τῆς
3195 1268 3476 1335 ἀκηράτου
3496 1263 3592 1318 καὶ

2014 1367 2289 1437 ἀφράστου
2322 1366 2534 1435 φύσεως
2556 1363 2648 1417 τοῦ
2665 1364 2823 1430 ἁγίου
2856 1363 2992 1415 Πνεύ
3002 1379 3188 1430 ματος,
3224 1356 3311 1413 οἷα
3338 1361 3469 1429 περὶ
3492 1358 3588 1412 τοῦ

2015 1459 2148 1512 ὂλων
2165 1458 2671 1523 κατεξουσιάζοντος
2697 1456 2830 1508 Θεοῦ
2855 1455 2946 1517 καὶ
2962 1453 3193 1524 Πατρὺς,
3211 1453 3303 1505 καὶ
3322 1452 3419 1505 τοῦ
3453 1452 3588 1504 πᾶν·

2013 1569 2118 1604 των
2142 1552 2398 1605 ἐπέκεινα
2418 1552 2511 1603 καὶ
2534 1552 2751 1602 πάντων
2772 1548 2973 1617 Κυρίου
3010 1546 3159 1610 Υἱοῦ,
3182 1546 3269 1598 διὰ
3290 1546 3350 1598 τὸ
3379 1546 3457 1615 μὴ
3480 1547 3591 1598 ἑτε-

2017 1644 2272 1715 ροουσίως
2294 1644 2456 1713 ἔχειν,
2482 1642 2613 1713 μηδὲ
2631 1640 2856 1710 δυνάμει
2877 1641 2969 1692 καὶ
2988 1638 3111 1710 δόξῃ
3129 1638 3449 1698 ἐλαττόνως.
3472 1638 3515 1688 Κ
3528 1637 3585 1690 αἱ

348 1723 570 1777 alterius
598 1731 831 1782 essénlia:
888 1730 981 1791 sit,
1034 1744 1209 1797 neque
1237 1733 1490 1794 potentia:
1536 1731 1777 1795 minoris,
1823 1741 1910 1783 aut

2087 1735 2163 1787 Ξὲν
2191 1736 2500 1806 εὑρίσκεται
2518 1732 2721 1785 τούτων
2774 1731 2867 1797 ἀφ’
2898 1729 3087 1783 ἑαυτοῦ
3129 1729 3371 1799 ὑπάρχον
3410 1727 3590 1781 οὐδενὶ

343 1816 546 1884 gloriae.
577 1819 813 1885 Quorum
848 1822 979 1875 nihil
1032 1838 1126 1889 per
1175 1838 1231 1877 se
1264 1823 1373 1876 ulla
1405 1834 1661 1878 creatura
1709 1825 1909 1879 habere

344 1908 766 1976 deprehenditur
818 1915 920 1967 :id
972 1916 1358 1983 ipsum-enim,
1412 1916 1555 1984 quod
1612 1915 1793 1979 habet,
1842 1932 1908 1969 ex

344 1998 485 2067 ejus,
514 2016 634 2069 qua:
670 2003 720 2055 in
752 2020 855 2058 una
884 2006 1083 2059 deitate
1132 2016 1235 2070 est,
1290 2006 1572 2061 Trinitatis
1626 2006 1909 2075 largitione

345 2087 527 2143 habet.
553 2090 849 2159 Cujuslibet
888 2107 1067 2149 autem
1100 2095 1179 2149 rei
1213 2105 1404 2149 natura
1437 2097 1502 2149 iis
1531 2111 1746 2163 semper
1778 2112 1904 2151 Cun-

2013 1826 2232 1897 κτιστῷ.
2261 1828 2435 1898 Ὅπερ
2463 1826 2572 1896 γὰρ
2598 1825 2690 1878 καὶ
2708 1824 2817 1893 ἕχει
2851 1822 3199 1893 φιλοτιμηοὲν
3222 1823 3374 1892 παρὰ
3404 1822 3506 1892 τῆς
3527 1824 3585 1873 ἐν

2016 1922 2112 1990 μιᾷ
2138 1921 2349 1990 θεότητι
2381 1920 2629 1989 Τριάδος,
2668 1919 2799 1989 ἔχει·
2828 1918 2920 1969 καὶ
2948 1916 3187 1983 πέφυκεν
3234 1916 3469 1967 ἕκαστον
3500 1916 3587 1965 ἀεὶ

2009 2012 2100 2080 ἀφ’
2136 2004 2209 2063 ὦν
2245 2012 2388 2066 ἔστιν
2440 2010 2912 2079 ὲπιγινὼσκεσθαι,
2942 2008 3072 2061 τίτέ
3110 2010 3273 2069 ἐστιν,
3308 2009 3401 2060 καὶ
3426 2006 3479 2060 τί
3511 2009 3583 2076 μή

2007 2103 2172 2163 ἐστιν,
2204 2106 2311 2156 εἴτε
2370 2104 2499 2167 Θεὸς
2533 2104 2654 2173 ἔφυ,
2690 2103 2796 2155 εἴτε
2826 2103 3045 2170 κτίσμα.
3082 2096 3227 2152 Οίονο

342 2183 608 2249 stituitur,
660 2202 722 2240 ex
760 2189 954 2256 quibus
1008 2189 1342 2258 dignoscitur
1395 2199 1448 2244 et
1486 2190 1612 2259 quid
1640 2206 1702 2243 ea
1736 2191 1826 2255 sit,
1856 2202 1907 2245 et
1945 2196 2073 2261 quid
2110 2212 2211 2249 non
2239 2199 2327 2259 sit,
2359 2207 2413 2251 et
2445 2208 2621 2249 utrmn
2671 2195 2758 2249 illa
2814 2194 2953 2249 Deus
3015 2193 3267 2254 exsistat,
3294 2206 3361 2243 an
3428 2205 3587 2244 crea-

347 2284 484 2329 tura.
521 2276 756 2347 Exempli
784 2281 955 2345 gratia
982 2292 997 2331 :

415 2369 457 2426 ι.
497 2369 755 2425 Creatura
787 2373 945 2427 habet
971 2384 1031 2427 ut
1059 2373 1149 2433 sit.
1182 2388 1304 2427 cum
1356 2373 1511 2429 initio
1549 2375 1769 2431 omnino
1800 2394 1902 2431 non

343 2461 646 2515 exsisteret.
678 2461 983 2531 Cuiusmodi
1013 2477 1137 2518 vero
1178 2464 1245 2518 sit
1288 2469 1339 2518 in
1376 2465 1719 2519 rationalium
1748 2477 1909 2520 natu-

350 2568 536 2606 rarum
571 2553 761 2608 ordine
808 2555 1039 2623 primum
1101 2555 1243 2609 illius
1286 2570 1444 2625 Opus,
1504 2558 1739 2612 ostendit
1776 2559 1911 2611 liber

343 2642 462 2697 Jobi
503 2662 517 2698 :
561 2646 801 2700 moribus
860 2647 1002 2702 enim
1072 2648 1425 2713 mendacem,
1481 2659 1670 2704 natura
1722 2650 1911 2704 diabo-

347 2738 454 2791 lum
494 2738 606 2808 (26)
642 2739 792 2792 dicit.
853 2742 919 2792 At
956 2755 1084 2794 vero
1140 2740 1374 2809 Spiritus
1430 2752 1672 2805 sanctus,
1730 2752 1913 2811 utpote

345 2828 503 2881 ﬂatus
531 2826 925 2897 Omnipotentis
965 2830 1099 2903 (27),
1128 2845 1390 2899 nusquam
1421 2831 1477 2885 in
1512 2832 1806 2900 Scripturis
1832 2832 1913 2885 di-

345 2919 486 2970 citur
516 2926 607 2969 aut
634 2931 754 2973 esse
776 2929 1048 2979 creatura,
1082 2929 1174 2972 aut
1200 2919 1415 2973 initium
1440 2921 1663 2975 omnino
1692 2921 1909 2975 habere.

345 3008 459 3065 Nec
488 3008 632 3062 enim
675 3018 798 3061 ante
833 3018 1132 3064 creatorem
1176 3010 1435 3079 Spiritum
1456 3011 1719 3065 exsistere
1744 3012 1915 3079 potuit

346 3112 617 3166 creatura,
644 3116 708 3154 ac
738 3100 861 3154 talis
891 3102 1106 3170 quidem
1135 3112 1406 3165 creatura,
1452 3118 1571 3171 quae
1608 3119 1670 3157 ex
1699 3105 1911 3173 propria

2081 2380 2156 2430 A'.
2200 2377 2263 2429 Ἦ
2301 2376 2475 2438 κτίσις
2500 2375 2559 2427 τὸ
2603 2369 2742 2426 εἶναι
2787 2371 2919 2443 ἔχει,
2954 2370 3053 2423 οὐκ
3086 2365 3221 2423 οῦσα
3251 2368 3347 2437 τὴν
3382 2368 3585 2437 ἀρχήν.

2025 2469 2265 2540 Ἐδείχοη
2292 2469 2348 2521 δὲ
2380 2470 2435 2520 ὲν
2486 2466 2565 2537 τῷ
2612 2465 2751 2529 Ἰὼϐ,
2797 2465 2891 2516 καὶ
2934 2465 3082 2515 ποῖον
3125 2461 3297 2530 αὐτῆς
3334 2461 3483 2511 ἐστιν
3529 2461 3589 2510 ὲν

2012 2563 2247 2631 λογικοῖς
2292 2561 2507 2631 πρῶτον
2548 2557 2959 2627 ποίημα.Λὲγει
3001 2555 3107 2622 γὰρ
3122 2554 3211 2605 τὸν
3241 2552 3591 2622 ψευσάμενον

2012 2654 2088 2723 τῷ
2115 2653 2299 2723 τρόπῳ
2337 2652 2433 2721 τὴν
2468 2650 2627 2718 φύσιν
2681 2646 2943 2700 διάϐολον.
2974 2646 3014 2697 Τ
3018 2646 3045 2695 ὸ
3077 2645 3121 2696 δ’
3154 2646 3304 2712 ἅγιον
3335 2642 3587 2713 Πνεῦμα,

2014 2747 2088 2809 ὡς
2118 2750 2251 2815 πνοὴ
2280 2744 2372 2797 τοῦ
2411 2740 2874 2811 Παντοκράτορος,
2927 2737 3131 2806 κτίσμα
3168 2732 3324 2797 εἶναι,
3355 2736 3388 2804 ἦ
3412 2735 3590 2805 ἀρχὴν

2011 2839 2149 2900 ὅλως
2164 2838 2324 2908 ἔχειν,
2340 2835 2545 2905 οὐδαμῆ
2560 2835 2728 2902 γέγρσ
2739 2830 3021 2885 πται,οὐδὲ
3040 2830 3147 2898 γὰρ
3161 2827 3223 2880 ἂν
3237 2832 3370 2900 προῦ
3379 2828 3591 2899 πῆρξεν

2012 2931 2107 2985 τοῦ
2121 2928 2509 3001 δημιουργικοῦ
2525 2926 2661 2981 [lusu
2672 2942 2836 2996 ματος
2846 2924 2911 2992 δη
2920 2921 3039 2989 ιιιού
3048 2938 3151 2991 ργη
3161 2938 3255 2990 μα,
3269 2922 3361 2971 καὶ
3374 2918 3594 2971 τοιοῦτο

2014 3022 2293 3092 ἀδόκιμον,
2326 3020 2640 3090 ἀχάριστον,
2673 3018 2767 3068 καὶ
2800 3014 3021 3085 βέϐηλον
3053 3013 3110 3075 eg
3134 3012 3339 3073 οἰκείας
3360 3010 3593 3079 γνώμης

2015 3114 2201 3183 φανέν.
2260 3111 2481 3183 Γραφῆς
2509 3110 2566 3162 δὲ
2625 3110 2759 3179 μήτε
2819 3105 3080 3174 λεγούσης
3110 3100 3245 3156 εἶναι
3275 3102 3365 3155 τοῦ
3402 3100 3595 3155 Οεῖκοῦ

349 3194 625 3248 voluntate
682 3209 801 3249 sese
868 3195 1172 3262 reprobam,
1231 3195 1531 3265 ingratam,
1566 3205 1619 3249 et
1648 3196 1910 3264 impuram

2087 3205 2328 3276 νεύματος
2379 3201 2574 3273 ἀρχὴν,
2607 3199 2829 3269 Πνεῦμα
2855 3198 2911 3250 δὲ
2942 3197 3033 3250 τοῦ
3082 3195 3217 3248 Θεοῦ
3262 3194 3357 3248 καὶ
3384 3195 3451 3246 ἐκ
3491 3192 3593 3244 τοῦ

353 3286 612 3356 prodidit.
645 3286 777 3341 Cum
810 3301 939 3340 vero
976 3286 1254 3355 Scriptura
1286 3301 1459 3356 neque
1490 3286 1723 3357 Spiritus
1739 3288 1907 3342 sancti

351 3378 565 3430 initium
598 3393 716 3432 esse
738 3378 899 3443 dicat,
938 3378 1031 3433 sed
1078 3376 1230 3431 illum
1286 3378 1523 3433 celebret
1569 3378 1907 3447 utSpiritum

356 3466 516 3538 149
533 3468 644 3530 Dei,
670 3479 722 3522 et
743 3482 807 3521 ex
839 3468 967 3534 Deo,
998 3478 1051 3522 et
1082 3468 1341 3535 divinum,
1362 3477 1416 3523 et
1439 3481 1701 3537 sanctum,
1741 3484 1911 3538 neque

348 3561 403 3613 in
428 3560 727 3613 divinarum
770 3560 1141 3630 bypostasium
1197 3569 1393 3615 natura
1446 3561 1806 3630 prioritatem,
1849 3577 1911 3615 ac

349 3651 800 3720 posterioritatem
834 3653 1105 3719 admittat,
1151 3653 1371 3723 quinam
1405 3654 1727 3723 relinquitur
1752 3654 1910 3707 (ιιιὺὶ-

349 3744 495 3798 tandi
524 3743 693 3811 locus,
729 3756 904 3799 utrum
937 3746 1132 3816 ipsaein
1161 3761 1265 3800 una
1284 3746 1522 3801 increata
1552 3747 1749 3801 deitate
1783 3747 1911 3809 siut,

346 3845 402 3891 et
428 3837 617 3907 aequali
652 3837 854 3894 honore
885 3838 1213 3895 adiciendae?

420 4040 531 4109 (se)
564 4041 720 4115 Quia.
755 4043 925 4112 Epist.
959 4059 999 4107 1,
1034 4043 1179 4115 Petr.
1212 4061 1251 4107 ι,
1282 4045 1354 4100 at
1383 4054 1434 4100 et
1456 4046 1546 4101 25.
1597 4046 1702 4101 Pro
1745 4045 1914 4115 αὐτῆς
1988 4026 2008 4043 ⁸

348 4110 533 4187 Graeca
566 4113 730 4187 editio
772 4110 932 4167 habet
966 4114 1276 4187 ανθρώπον,
1316 4117 1370 4171 id
1419 4128 1501 4170 est
1534 4136 1551 4169 ι
1600 4110 1908 4170 hominis.)

351 4182 469 4263 Sed.
490 4181 643 4252 Vulg.
677 4184 940 4254 interpres
973 4181 1101 4255 legit
1135 4195 1199 4241 ut
1240 4186 1494 4255 Didymus
1532 4204 1547 4242 :
1588 4190 1748 4241 vertit
1772 4188 1914 4241 enim

354 4270 375 4303 ί
588 4271 670 4377 Ἐι
716 4324 834 4392 ﬂos.
895 4324 1078 4380 Graeca
1132 4326 1293 4379 editio
1335 4342 1347 4377 :
1397 4326 1584 4379 καὶτὸ
1632 4326 1788 4390 ἄνθος
1827 4327 1923 4379 ao-

350 4392 468 4454 τοῦ,
500 4393 645 4466 idest
694 4412 710 4443 ι
740 4405 792 4447 et
818 4394 915 4448 llos
945 4400 1081 4458 eius.
1117 4414 1135 4447 ι
1173 4397 1338 4466 Verba
1377 4412 1506 4451 vero
1543 4398 1786 4466 proxime
1834 4413 1924 4451 se-

350 4463 588 4538 quentia.
621 4466 718 4538 καὶ
744 4466 776 4534 ἡ
813 4467 1111 4538 εὐπρέπεια
1139 4465 1301 4519 αὐτοῦ
1325 4463 1594 4538 ἀπώλετο,
1625 4468 1673 4521 id
1698 4474 1781 4521 est
1815 4486 1834 4520 ι
1870 4477 1922 4521 et

2013 3296 2170 3357 Θεοῦ,
2229 3296 2323 3348 καὶ
2350 3294 2491 3347 Θείον
2530 3293 2624 3345 καὶ
2668 3292 2818 3357 ἅγιον
2846 3288 3194 3359 εὐφημοῦσης
3244 3287 3392 3338 αὑτό·
3452 3288 3595 3354 μήτε

2013 3387 2070 3439 δὲ
2122 3385 2484 3456 ἀφοριζούσης
2515 3384 2607 3436 ἐπὶ
2642 3378 2742 3452 τῆς
2770 3380 2983 3451 φύσεως
3034 3380 3143 3433 τῶν
3169 3377 3325 3431 θείων
3346 3377 3593 3429 ὑποστά-

2019 3498 2153 3533 σεων
2185 3479 2245 3532 τὸ
2275 3476 2573 3549 πρώτιστα,
2611 3476 2702 3529 καὶ
2726 3474 2786 3528 τὸ
2831 3474 3043 3537 ἔπειτα,
3070 3473 3196 3525 ποία
3226 3471 3352 3541 περὶ
3380 3468 3477 3521 τοῦ
3514 3464 3595 3521 εἶ-

2016 3590 2102 3624 ναι
2159 3570 2327 3633 αὑτὰς
2360 3570 2416 3621 ὲν
2448 3572 2513 3639 τῇ
2549 3568 2795 3636 ἀγενήτῳ
2842 3567 2940 3637 μιᾷ
2969 3564 3182 3634 θεότητι
3214 3563 3307 3615 καὶ
3344 3561 3596 3630 ἰσοτιμία

2020 3662 2362 3715 ὑπολείπεται
2390 3659 2827 3731 ἀμφισϐήτησιςς

2094 4043 2203 4114 (26)
2236 4041 2444 4095 Natura
2496 4043 2781 4096 diabolum.
2812 4041 2890 4095 Ne
2927 4040 3171 4114 videatur
3205 4040 3463 4110 Didymus
3498 4057 3596 4097 sco

2022 4112 2141 4169 enin
2175 4118 2286 4181 ipse
2318 4128 2576 4181 pugnare,
2624 4130 2685 4165 ac
2723 4113 2787 4165 iis
2815 4112 3082 4167 contraria
3131 4112 3352 4177 dictare,
3380 4128 3503 4179 quae
3541 4116 3596 4167 in

2022 4131 2141 4169 eum
2175 4130 2286 4181 Ipse
2318 4130 2382 4181 pu
2427 4130 2576 4175 nare,
2624 4130 2685 4165 ac
2723 4130 2787 4165 us
2815 4130 3082 4167 contraria
3131 4130 3352 4177 (uetare,
3380 4130 3503 4179 qua:
3541 4131 3596 4167 ιη

2022 4188 2157 4239 libro
2185 4186 2303 4238 adu.
2350 4130 2582 4237 Mgam'cli.
2646 4184 2876 4245 dixerat,
2911 4182 3446 4235 animadvertendum
3482 4196 3596 4247 eat,

2023 4272 2215 4309 numen
2261 4275 2277 4307 ι
2323 4255 2522 4309 diaboli
2558 4273 2576 4305 ι
2615 4256 2680 4307 ab
2722 4255 2834 4321 ipso
2868 4254 2952 4307 hic
3002 4269 3104 4306 non
3137 4254 3273 4306 sumi
3316 4264 3599 4321 quatenus

2027 4346 2043 4376 ι
2085 4325 2520 4379 calumniatorcm
2542 4342 2560 4375 ι
2586 4324 2849 4391 designat,
2871 4322 2963 4376 sed
2988 4333 3045 4375 ut
3072 4337 3263 4375 nomen
3287 4326 3597 4389 proprium.

2024 4398 2073 4451 In
2103 4396 2237 4450 .lubo
2264 4395 2405 4463 enim
2455 4409 2572 4463 cap.
2608 4411 2624 4449 1
2667 4404 2719 4447 et
2749 4410 2786 4447 tl
2822 4392 3004 4449 Grzeca
3044 4394 3207 4463 editio
3249 4393 3426 4451 habet.
3474 4392 3597 4446 διά-

2021 4467 2191 4529 ϐολος,
2226 4466 2313 4519 ubi
2348 4462 2669 4519 Hebra’icum
2707 4464 3001 4531 exemplar,
3037 4473 3090 4515 et
3127 4462 3315 4515 Latina
3357 4465 3598 4517 transla-

351 4533 581 4604 t-ximius
602 4533 1117 4604 decorejus'periit,
1155 4556 1172 4587 ι
1220 4533 1593 4591 desiderantur
1618 4548 1672 4591 et
1717 4538 1825 4601 hic,
1864 4547 1918 4591 et
1948 4545 1991 4599 1)
2023 4542 2088 4589 tia
2127 4536 2322 4591 habent
2356 4552 2375 4585 ι
2410 4534 2573 4587 Satan
2602 4552 2616 4588 :
2665 4553 2683 4586 ι
2728 4551 2845 4603 qua:
2880 4548 2980 4588 vox
3001 4533 3103 4587 etsi
3142 4534 3591 4604 tadversariunn

352 4602 455 4657 lsa.
488 4619 576 4665 χι,
607 4606 659 4669 8,
695 4602 895 4659 cum'in
928 4606 1131 4662 Graecis
1171 4607 1375 4669 Bibliis,
1412 4616 1522 4660 tum
1566 4607 1616 4660 in
1669 4606 1912 4662 Latinis:

354 4673 409 4727 in
438 4674 633 4746 quibus
665 4688 923 4744 przetcrea
968 4693 1083 4745 pro,
1112 4697 1131 4729 ‹
1170 4677 1286 4739 Dei,
1312 4696 1330 4729 ι
1359 4678 1574 4746 legitur,
1618 4678 1909 4733 «Domini.»

444 4743 535 4813 24)
563 4743 630 4798 In
659 4743 931 4804 alternum.
966 4743 1109 4801 Psal.
1140 4762 1326 4813 cxvui,
1353 4743 1495 4802 vers.
1543 4746 1632 4803 89.

444 4748 535 4812 24)
563 4748 630 4798 In
659 4756 931 4804 wterunm.
966 4748 1109 4801 Psal.
1140 4762 1326 4813 cxvui,
1353 4763 1495 4802 vers.
1543 4748 1632 4803 89.

422 4748 536 4885 E25)
578 4814 821 4884 Insuper.
857 4820 1046 4881 Dictio,
1086 4837 1104 4868 ι
1156 4820 1392 4885 insuper.
1430 4838 1447 4870 ι
1482 4818 1619 4871 idem
1652 4819 1739 4872 hic
1774 4818 1917 4872 valet

350 4894 556 4957 atque,_
591 4902 631 4957 (ν
659 4888 815 4942 tertio
842 4888 977 4944 loco.
1024 4907 1040 4939 ι
1078 4888 1339 4942 Nimirum
1380 4890 1430 4942 in
1467 4899 1709 4943 extremo
1743 4892 1917 4957 capite

349 4955 705 5030 primohujns
738 4958 856 5012 libri
901 4961 973 5012 ait
1005 4959 1282 5030 Didymus,
1329 4974 1385 5012 se
1414 4974 1476 5013 ex
1532 4959 1705 5012 Veteri
1742 4955 1916 5013 Novo-

348 5042 453 5095 que
492 5025 835 5083 Testamento
872 5030 1020 5095 plura
1073 5025 1400 5092 testimonia,
1456 5030 1569 5083 sive
1598 5041 1912 5097 argumenta

351 5097 656 5166 allaturum,
712 5098 905 5165 quibus
956 5102 1142 5163 probet
1189 5100 1446 5166 Spiritum
1499 5110 1744 5152 sanctum
1797 5114 1917 5153 esse

352 5164 537 5238 Deum,
566 5164 743 5233 eaque
765 5168 830 5220 ad
856 5168 1107 5222 nonnulla
1137 5164 1308 5238 cap—ita
1348 5178 1580 5231 revocat,
1602 5183 1664 5223 ac
1685 5169 1914 5237 primum

355 5234 484 5286 illud
522 5246 697 5313 _caput
725 5239 940 5315 secundi
986 5238 1144 5306 hujus
1173 5234 1291 5315 libri
1319 5240 1397 5293 sic
1424 5234 1699 5315 concludit
1726 5256 1740 5291 :
1774 5238 1918 5290 αὐτί-

352 5321 422 5357 κα
454 5308 581 5371 γοῦν
607 5308 991 5377 μαρτυροῦσιν·
1027 5319 1135 5361 tum
1166 5310 1344 5362 statim
1378 5308 1603 5377 primum
1627 5323 1915 5379 argumen-

354 5385 526 5447 torum
564 5387 722 5443 caput
750 5387 844 5447 aut
869 5392 1036 5445 genus
1079 5380 1296 5446 exponit
1327 5379 1503 5447 capite
1537 5380 1793 5442 secundo,
1836 5380 1913 5431 sic

353 5444 617 5512 incipiens
664 5461 679 5498 :
728 5444 949 5516 Πρῶτον
995 5447 1112 5516 μέν.
1148 5444 1409 5501 Ἀιιέιιιηὶ
1459 5450 1707 5516 proponit
1745 5449 1918 5513 capite

352 5517 531 5576 tertio,
574 5516 651 5570 sic
684 5530 954 5588 exorsus;
986 5516 1013 5569 ὁ
1049 5517 1106 5570 δὲ
1129 5517 1384 5588 ἐλέγομεν
1416 5518 1474 5583 ἐξ
1502 5517 1698 5588 ἀρχῆς
1734 5517 1917 5572 δεύτε-

352 5600 446 5655 ρον
480 5585 867 5658 μαρτυροῦσιν.
909 5587 1149 5642 Tertium
1189 5590 1239 5641 in
1265 5585 1418 5643 sexto
1450 5585 1555 5641 hoc
1578 5585 1752 5658 capite
1778 5607 1793 5644 :
1826 5604 1917 5641 ea-

354 5669 458 5728 q_ue
489 5657 553 5709 de
587 5657 1001 5728 causa,omisso
1042 5659 1394 5720 nominativo,
1434 5658 1619 5728 incipit
1650 5657 1683 5713 ι
1726 5659 1916 5712 ἔπειτα

348 5720 443 5798 οὖν
468 5720 895 5798 χρησμῳδοῦσιν.
926 5728 1183 5794 Quartum
1212 5730 1262 5782 iu
1291 5730 1515 5791 septimo
1537 5720 1730 5798 capite,
1762 5740 1816 5785 et
1846 5731 1916 5784 ita

351 5795 626 5867 deinceps.
665 5795 791 5854 Vide
816 5809 968 5856 notas
990 5799 1054 5854 ad
1083 5814 1249 5869 segm.
1274 5800 1377 5852 21?.
1406 5820 1457 5852 α.

2020 4608 2203 4675 etipsa
2240 4604 2527 4675 signiﬁcet,
2578 4618 2870 4673 usurpatur
2920 4612 3097 4675 tamen
3124 4603 3309 4675 instar
3352 4606 3597 4658 nominis

2019 4673 2237 4745 proprii.
2265 4674 2449 4743 Itaque
2478 4691 2599 4729 cum
2646 4677 2906 4729 adversus
2947 4673 3262 4745 Manichaeos
3306 4684 3598 4745 creaturas

2024 4743 2039 4798 ε
2087 4743 2272 4800 natura
2311 4764 2329 4797 ι
2381 4745 2548 4815 malas
2607 4745 2978 4815 contingentes
3044 4743 3389 4815 loquensait
3437 4746 3594 4815 (pag.

2016 4819 2140 4897 ξι),
2200 4826 2325 4897 tom.
2385 4814 2404 4868 l
2455 4810 3213 4897 Leclt..A'ntiqq.u§unisii)':
3249 4812 3306 4864 τὸ
3335 4811 3444 4897 γὰρ
3473 4810 3597 4897 διξο

2021 4888 2171 4957 βο).ος
2228 4885 2417 4955 ὄνομα,
2442 4886 2565 4957 ,οὐκ
2603 4886 2810 4949 οὐσίαν,
2843 4881 3003 4937 αλλὰ
3039 4881 3352 4957 προαίρεσιν
3411 4881 3593 4951 δηλοῖ,

2022 4956 2069 5011 id
2098 4968 2177 5011 est
2218 4974 2236 5006 ι
2276 4956 2472 5010 diaboli
2499 4957 2639 5009 enim
2673 4971 2864 5009 nomen
2899 4971 3001 5008 non
3032 4957 3221 5013 usiam,
3265 4956 3379 5006 sive
3422 4967 3594 5006 natu-

2019 5044 2134 5080 ram
2184 5027 2443 5089 declarat,
2502 5027 2593 5078 sed
2645 5026 2995 5090 voluntatem,
3038 5042 3055 5073 ι
3106 5034 3318 5092 etymOn
3367 5025 3597 5091 respicit

2019 5096 2261 5151 vocabuli
2307 5113 2325 5147 ι
2363 5096 2641 5149 diabolus:
2676 5116 2693 5148 ι
2727 5112 2848 5148 cum
2874 5111 3000 5148 vero
3030 5096 3116 5147 hic
3138 5100 3235 5157 ait,
3274 5094 3371 5161 τὴν
3422 5094 3595 5162 φύσιν

2017 5166 2277 5229 διάϐολον,
2326 5167 2428 5219 hoc
2458 5177 2540 5219 est
2590 5185 2606 5217 ι
2639 5177 2829 5219 natura
2883 5164 3177 5223 diabolum,
3211 5183 3228 5212 ι
3265 5164 3373 5216 imo
3418 5168 3594 5218 etiam

2019 5254 2138 5289 cum
2166 5239 2218 5289 in
2260 5239 2374 5305 ipso
2404 5237 2540 5307 libro
2566 5238 2682 5307 adu.
2716 5236 2949 5307 Manieh.
2981 5250 3104 5304 pag.
3136 5233 3242 5286 212
3275 5234 3597 5307 ἰηῳιίι,τὴν

2017 5308 2202 5361 οὐσίαν
2246 5304 2343 5378 τὴν
2386 5305 2719 5378 καλονμένην
2743 5304 3002 5367 διάϐολον,
3029 5307 3264 5378 idest}
3311 5304 3596 5371 naturain,

2019 5394 2138 5443 qua:
2167 5374 2391 5432 vocatur
2421 5374 2686 5437 diabolus,
2735 5394 2753 5426 ι
2786 5390 2967 5429 vocem
3004 5394 3021 5425 ι
3056 5374 3301 5427 diabolus
3332 5392 3349 5425 ι
3382 5379 3601 5443 accipit

2020 5457 2076 5500 ut
2107 5462 2299 5528 nomen
2340 5446 2635 5528 proprium.
2666 5446 2816 5528 Quod
2844 5457 2900 5528 ut
2920 5446 3120 5499 clarius
3150 5454 3429 5528 appareat,
3463 5446 3600 5517 τρό-

2020 5534 2118 5570 πον
2165 5518 2271 5571 ἀπὸ
2306 5515 2403 5588 τῆς
2454 5515 2701 5588 φύσεως,
2737 5517 2787 5569 id
2820 5526 2902 5588 est
2948 5534 2966 5565 ι
3001 5530 3176 5588 mores
3200 5531 3244 5588 Va
3301 5515 3515 5588 natura,
3543 5534 3593 5588 Δι

2022 5589 2109 5659 hic
2149 5585 2402 5659 sejungit,
2446 5590 2587 5659 sicut
2635 5587 2706 5640 ibi
2737 5587 3053 5657 προαίρεσιν
3087 5586 3368 5654 distinguit
3400 5586 3470 5639 ab
3498 5585 3600 5641 οὐ·

2022 5658 2131 5728 σία,
2156 5659 2207 5712 id
2238 5657 2344 5728 est,
2382 5676 2399 5707 ι
2458 5657 2787 5711 voluntatem
2820 5673 2849 5709 a
2880 5668 3091 5728 natura.
3138 5673 3156 5706 ι

2092 5723 2203 5799 (2⁸1)
2236 5727 2424 5783 Flauus
2453 5728 2851 5784 Omniootentis.
2887 5726 2965 5781 Ex
2997 5723 3097 5782 Job
3132 5741 3304 5781 xxxiii
3353 5724 3407 5779 4.
