  <div class='ocr_page' id='page_1' title='image "/cluster/home/n/w/nwhite01/storage/ocr_20150623/39/hvd.32044019207778/265.png"; bbox 0 0 3688 6304; ppageno 0'>
   <div class='ocr_carea' id='block_1_1' title="bbox 407 247 513 301">
    <p class='ocr_par' dir='ltr' id='par_1_1' title="bbox 407 247 513 301">
     <span class='ocr_line' id='line_1_1' title="bbox 407 247 513 301; baseline 0 0"><span class='ocrx_word' id='word_1_1' title='bbox 407 247 513 301; x_wconf 81' lang='grc'><strong>515</strong></span> 
     </span>
    </p>
   </div>
   <div class='ocr_carea' id='block_1_2' title="bbox 1624 235 2363 293">
    <p class='ocr_par' dir='ltr' id='par_1_2' title="bbox 1624 235 2363 293">
     <span class='ocr_line' id='line_1_2' title="bbox 1624 235 2363 293; baseline -0.001 0"><span class='ocrx_word' id='word_1_2' title='bbox 1624 237 1862 293; x_wconf 80' lang='lat' dir='ltr'><strong>DlDYMl</strong></span> <span class='ocrx_word' id='word_1_3' title='bbox 1897 235 2363 293; x_wconf 80' lang='lat' dir='ltr'><strong>ALEXANDRINI</strong></span> 
     </span>
    </p>
   </div>
   <div class='ocr_carea' id='block_1_3' title="bbox 3520 242 3610 297">
    <p class='ocr_par' dir='ltr' id='par_1_3' title="bbox 3520 242 3610 297">
     <span class='ocr_line' id='line_1_3' title="bbox 3520 242 3610 297; baseline 0.044 -4"><span class='ocrx_word' id='word_1_4' title='bbox 3520 242 3610 297; x_wconf 73' lang='lat' dir='ltr'><strong>.‘ill&#39;.</strong></span> 
     </span>
    </p>
   </div>
   <div class='ocr_carea' id='block_1_4' title="bbox 402 346 1970 425">
    <p class='ocr_par' dir='ltr' id='par_1_4' title="bbox 402 348 1962 425">
     <span class='ocr_line' id='line_1_4' title="bbox 402 348 1962 425; baseline -0.005 -16"><span class='ocrx_word' id='word_1_5' title='bbox 402 368 578 425; x_wconf 84' lang='lat' dir='ltr'><strong>neque</strong></span> <span class='ocrx_word' id='word_1_6' title='bbox 603 350 968 409; x_wconf 82' lang='lat' dir='ltr'><strong>conversionis</strong></span> <span class='ocrx_word' id='word_1_7' title='bbox 1000 350 1376 417; x_wconf 80' lang='lat' dir='ltr'><strong>obumbratio;</strong></span> <span class='ocrx_word' id='word_1_8' title='bbox 1412 369 1430 403; x_wconf 79' lang='grc' dir='ltr'><strong>ι</strong></span> <span class='ocrx_word' id='word_1_9' title='bbox 1453 360 1505 405; x_wconf 89' lang='lat' dir='ltr'><strong>et</strong></span> <span class='ocrx_word' id='word_1_10' title='bbox 1531 364 1559 402; x_wconf 92' lang='lat' dir='ltr'><strong>a</strong></span> <span class='ocrx_word' id='word_1_11' title='bbox 1589 349 1753 403; x_wconf 84' lang='lat' dir='ltr'><strong>Paulo</strong></span> <span class='ocrx_word' id='word_1_12' title='bbox 1784 366 1796 401; x_wconf 95' lang='lat'><strong>:</strong></span> <span class='ocrx_word' id='word_1_13' title='bbox 1836 364 1855 398; x_wconf 72' lang='grc' dir='ltr'><strong>ι</strong></span> <span class='ocrx_word' id='word_1_14' title='bbox 1882 348 1962 401; x_wconf 91' lang='lat' dir='ltr'><strong>ln-</strong></span> 
     </span>
    </p>
   </div>
   <div class='ocr_carea' id='block_1_5' title="bbox 2148 346 3619 425">
    <p class='ocr_par' dir='ltr' id='par_1_5' title="bbox 2148 346 3619 421">
     <span class='ocr_line' id='line_1_5' title="bbox 2148 346 3619 421; baseline 0.008 -21"><span class='ocrx_word' id='word_1_15' title='bbox 2148 348 2277 412; x_wconf 80' lang='grc' dir='ltr'>ιοὺς,</span> <span class='ocrx_word' id='word_1_16' title='bbox 2316 349 2409 401; x_wconf 71' lang='grc' dir='ltr'><strong>καὶ</strong></span> <span class='ocrx_word' id='word_1_17' title='bbox 2440 346 2852 421; x_wconf 83' lang='grc' dir='ltr'><strong>ἀλλαγήσονται·</strong></span> <span class='ocrx_word' id='word_1_18' title='bbox 2885 347 2947 403; x_wconf 71' lang='grc' dir='ltr'><strong>σὺ</strong></span> <span class='ocrx_word' id='word_1_19' title='bbox 2973 348 3029 403; x_wconf 85' lang='grc' dir='ltr'><strong>δὲ</strong></span> <span class='ocrx_word' id='word_1_20' title='bbox 3064 350 3093 402; x_wconf 95' lang='lat'><strong>0</strong></span> <span class='ocrx_word' id='word_1_21' title='bbox 3124 348 3285 414; x_wconf 76' lang='grc' dir='ltr'>αὐτὸς</span> <span class='ocrx_word' id='word_1_22' title='bbox 3315 351 3419 416; x_wconf 71' lang='grc' dir='ltr'>ἀεὶ,</span> <span class='ocrx_word' id='word_1_23' title='bbox 3447 356 3535 407; x_wconf 68' lang='grc' dir='ltr'><strong>καὶ</strong></span> <span class='ocrx_word' id='word_1_24' title='bbox 3560 355 3619 412; x_wconf 78' lang='grc' dir='ltr'><strong>τὰ</strong></span> 
     </span>
    </p>
   </div>
   <div class='ocr_carea' id='block_1_6' title="bbox 404 439 1955 513">
    <p class='ocr_par' dir='ltr' id='par_1_6' title="bbox 404 439 1955 513">
     <span class='ocr_line' id='line_1_6' title="bbox 404 439 1955 513; baseline -0.006 -13"><span class='ocrx_word' id='word_1_25' title='bbox 404 443 739 513; x_wconf 75' lang='lat' dir='ltr'><strong>corruptibili</strong></span> <span class='ocrx_word' id='word_1_26' title='bbox 793 442 928 513; x_wconf 86' lang='lat'><strong>(59),</strong></span> <span class='ocrx_word' id='word_1_27' title='bbox 976 442 1251 508; x_wconf 85' lang='lat' dir='ltr'><strong>invisibili,</strong></span> <span class='ocrx_word' id='word_1_28' title='bbox 1308 442 1409 497; x_wconf 88' lang='lat' dir='ltr'><strong>soli</strong></span> <span class='ocrx_word' id='word_1_29' title='bbox 1456 442 1706 512; x_wconf 74' lang='lat' dir='ltr'><strong>sapienti,</strong></span> <span class='ocrx_word' id='word_1_30' title='bbox 1772 439 1901 493; x_wconf 88' lang='lat' dir='ltr'><strong>Deo.</strong></span> <span class='ocrx_word' id='word_1_31' title='bbox 1937 457 1955 491; x_wconf 78' lang='grc' dir='ltr'><strong>ι</strong></span> 
     </span>
    </p>
   </div>
   <div class='ocr_carea' id='block_1_7' title="bbox 2068 438 2843 510">
    <p class='ocr_par' dir='ltr' id='par_1_7' title="bbox 2068 438 2843 510">
     <span class='ocr_line' id='line_1_7' title="bbox 2068 438 2843 510; baseline -0.001 -19"><span class='ocrx_word' id='word_1_32' title='bbox 2068 438 2162 510; x_wconf 77' lang='grc' dir='ltr'>ἐτη</span> <span class='ocrx_word' id='word_1_33' title='bbox 2198 456 2288 491; x_wconf 93' lang='grc' dir='ltr'><strong>σου</strong></span> <span class='ocrx_word' id='word_1_34' title='bbox 2312 440 2410 492; x_wconf 80' lang='grc' dir='ltr'><strong>οὐκ</strong></span> <span class='ocrx_word' id='word_1_35' title='bbox 2434 438 2790 509; x_wconf 75' lang='grc' dir='ltr'>ἐκλείψουσιν.</span> <span class='ocrx_word' id='word_1_36' title='bbox 2825 459 2843 490; x_wconf 77' lang='grc' dir='ltr'><strong>ι</strong></span> 
     </span>
    </p>
   </div>
   <div class='ocr_carea' id='block_1_8' title="bbox 400 530 3622 605">
    <p class='ocr_par' dir='ltr' id='par_1_8' title="bbox 400 530 3622 605">
     <span class='ocr_line' id='line_1_8' title="bbox 400 530 3622 605; baseline 0 -16"><span class='ocrx_word' id='word_1_37' title='bbox 400 536 861 603; x_wconf 80' lang='lat' dir='ltr'><strong>Quemadmodum</strong></span> <span class='ocrx_word' id='word_1_38' title='bbox 900 536 1063 590; x_wconf 87' lang='lat' dir='ltr'><strong>etiam</strong></span> <span class='ocrx_word' id='word_1_39' title='bbox 1102 537 1166 591; x_wconf 91' lang='lat' dir='ltr'><strong>de</strong></span> <span class='ocrx_word' id='word_1_40' title='bbox 1219 536 1355 591; x_wconf 87' lang='lat' dir='ltr'><strong>Filio</strong></span> <span class='ocrx_word' id='word_1_41' title='bbox 1406 536 1457 589; x_wconf 93' lang='lat' dir='ltr'><strong>in</strong></span> <span class='ocrx_word' id='word_1_42' title='bbox 1491 533 1695 605; x_wconf 82' lang='lat' dir='ltr'><strong>psalmo</strong></span> <span class='ocrx_word' id='word_1_43' title='bbox 1735 548 1785 588; x_wconf 87' lang='lat' dir='ltr'><strong>Cl</strong></span> <span class='ocrx_word' id='word_1_44' title='bbox 1828 541 2050 586; x_wconf 89' lang='lat' dir='ltr'><strong>testatur</strong></span> <span class='ocrx_word' id='word_1_45' title='bbox 2104 531 2313 587; x_wconf 84' lang='lat' dir='ltr'><strong>Psaltes</strong></span> <span class='ocrx_word' id='word_1_46' title='bbox 2347 549 2360 586; x_wconf 88' lang='lat'><strong>:</strong></span> <span class='ocrx_word' id='word_1_47' title='bbox 2401 551 2419 583; x_wconf 70' lang='grc' dir='ltr'><strong>ι</strong></span> <span class='ocrx_word' id='word_1_48' title='bbox 2449 534 2530 588; x_wconf 86' lang='lat' dir='ltr'><strong>Tu</strong></span> <span class='ocrx_word' id='word_1_49' title='bbox 2564 544 2740 587; x_wconf 83' lang='lat' dir='ltr'><strong>autem</strong></span> <span class='ocrx_word' id='word_1_50' title='bbox 2789 531 2925 603; x_wconf 85' lang='lat'><strong>(60),</strong></span> <span class='ocrx_word' id='word_1_51' title='bbox 2992 533 3238 601; x_wconf 87' lang='lat' dir='ltr'><strong>Domine,</strong></span> <span class='ocrx_word' id='word_1_52' title='bbox 3283 530 3335 588; x_wconf 91' lang='lat' dir='ltr'><strong>iu</strong></span> <span class='ocrx_word' id='word_1_53' title='bbox 3380 540 3622 589; x_wconf 74' lang='lat' dir='ltr'><strong>aeternum</strong></span> 
     </span>
    </p>
   </div>
   <div class='ocr_carea' id='block_1_9' title="bbox 401 622 3621 697">
    <p class='ocr_par' dir='ltr' id='par_1_9' title="bbox 401 622 3621 697">
     <span class='ocr_line' id='line_1_9' title="bbox 401 622 3621 697; baseline -0.001 -15"><span class='ocrx_word' id='word_1_54' title='bbox 401 642 619 692; x_wconf 87' lang='lat' dir='ltr'><strong>manes;</strong></span> <span class='ocrx_word' id='word_1_55' title='bbox 654 645 671 679; x_wconf 78' lang='grc' dir='ltr'><strong>ι</strong></span> <span class='ocrx_word' id='word_1_56' title='bbox 714 638 769 680; x_wconf 88' lang='lat' dir='ltr'><strong>et</strong></span> <span class='ocrx_word' id='word_1_57' title='bbox 824 641 1054 681; x_wconf 85' lang='lat' dir='ltr'><strong>rursus:</strong></span> <span class='ocrx_word' id='word_1_58' title='bbox 1116 645 1133 677; x_wconf 79' lang='grc' dir='ltr'><strong>ι</strong></span> <span class='ocrx_word' id='word_1_59' title='bbox 1166 626 1325 681; x_wconf 88' lang='lat' dir='ltr'><strong>Initio</strong></span> <span class='ocrx_word' id='word_1_60' title='bbox 1351 625 1460 697; x_wconf 89' lang='lat'><strong>(6|)</strong></span> <span class='ocrx_word' id='word_1_61' title='bbox 1508 636 1704 680; x_wconf 86' lang='lat' dir='ltr'><strong>terram</strong></span> <span class='ocrx_word' id='word_1_62' title='bbox 1743 633 1823 689; x_wconf 93' lang='lat' dir='ltr'><strong>tu,</strong></span> <span class='ocrx_word' id='word_1_63' title='bbox 1858 622 2100 686; x_wconf 85' lang='lat' dir='ltr'><strong>Domine,</strong></span> <span class='ocrx_word' id='word_1_64' title='bbox 2139 622 2393 689; x_wconf 82' lang='lat' dir='ltr'><strong>fundasti,</strong></span> <span class='ocrx_word' id='word_1_65' title='bbox 2447 633 2501 678; x_wconf 87' lang='lat' dir='ltr'><strong>et</strong></span> <span class='ocrx_word' id='word_1_66' title='bbox 2556 639 2721 694; x_wconf 87' lang='lat' dir='ltr'><strong>opera</strong></span> <span class='ocrx_word' id='word_1_67' title='bbox 2784 640 3041 678; x_wconf 91' lang='lat' dir='ltr'><strong>manuum</strong></span> <span class='ocrx_word' id='word_1_68' title='bbox 3071 636 3281 678; x_wconf 87' lang='lat' dir='ltr'><strong>tuarum</strong></span> <span class='ocrx_word' id='word_1_69' title='bbox 3318 635 3443 679; x_wconf 90' lang='lat' dir='ltr'><strong>sunt</strong></span> <span class='ocrx_word' id='word_1_70' title='bbox 3493 628 3621 681; x_wconf 66' lang='lat' dir='ltr'><strong>ctuti.</strong></span> 
     </span>
    </p>
   </div>
   <div class='ocr_carea' id='block_1_10' title="bbox 405 720 3625 793">
    <p class='ocr_par' dir='ltr' id='par_1_10' title="bbox 405 720 3625 793">
     <span class='ocr_line' id='line_1_10' title="bbox 405 720 3625 793; baseline -0.001 -14"><span class='ocrx_word' id='word_1_71' title='bbox 405 724 511 793; x_wconf 89' lang='lat' dir='ltr'><strong>Ipsi</strong></span> <span class='ocrx_word' id='word_1_72' title='bbox 547 724 812 793; x_wconf 86' lang='lat' dir='ltr'><strong>peribunt,</strong></span> <span class='ocrx_word' id='word_1_73' title='bbox 848 735 902 777; x_wconf 89' lang='lat' dir='ltr'><strong>tu</strong></span> <span class='ocrx_word' id='word_1_74' title='bbox 941 732 1120 776; x_wconf 90' lang='lat' dir='ltr'><strong>autem</strong></span> <span class='ocrx_word' id='word_1_75' title='bbox 1150 735 1455 790; x_wconf 86' lang='lat' dir='ltr'><strong>permanes,</strong></span> <span class='ocrx_word' id='word_1_76' title='bbox 1504 731 1558 775; x_wconf 89' lang='lat' dir='ltr'><strong>et</strong></span> <span class='ocrx_word' id='word_1_77' title='bbox 1596 734 1783 776; x_wconf 88' lang='lat' dir='ltr'><strong>omnes</strong></span> <span class='ocrx_word' id='word_1_78' title='bbox 1822 720 1962 775; x_wconf 90' lang='lat' dir='ltr'><strong>sicut</strong></span> <span class='ocrx_word' id='word_1_79' title='bbox 1999 720 2376 775; x_wconf 85' lang='lat' dir='ltr'><strong>vestimentum</strong></span> <span class='ocrx_word' id='word_1_80' title='bbox 2420 728 2796 783; x_wconf 84' lang='lat' dir='ltr'><strong>velerascent,</strong></span> <span class='ocrx_word' id='word_1_81' title='bbox 2851 727 2905 773; x_wconf 87' lang='lat' dir='ltr'><strong>et</strong></span> <span class='ocrx_word' id='word_1_82' title='bbox 2965 720 3102 773; x_wconf 86' lang='lat' dir='ltr'><strong>sicut</strong></span> <span class='ocrx_word' id='word_1_83' title='bbox 3168 721 3496 789; x_wconf 83' lang='lat' dir='ltr'><strong>opertorium</strong></span> <span class='ocrx_word' id='word_1_84' title='bbox 3558 721 3625 775; x_wconf 74' lang='lat' dir='ltr'><strong>itr</strong></span> 
     </span>
    </p>
   </div>
   <div class='ocr_carea' id='block_1_11' title="bbox 403 812 3007 883">
    <p class='ocr_par' dir='ltr' id='par_1_11' title="bbox 403 812 3007 883">
     <span class='ocr_line' id='line_1_11' title="bbox 403 812 3007 883; baseline -0.003 -12"><span class='ocrx_word' id='word_1_85' title='bbox 403 818 589 872; x_wconf 84' lang='lat' dir='ltr'><strong>volves</strong></span> <span class='ocrx_word' id='word_1_86' title='bbox 620 818 760 881; x_wconf 87' lang='lat' dir='ltr'><strong>illos,</strong></span> <span class='ocrx_word' id='word_1_87' title='bbox 794 828 847 871; x_wconf 89' lang='lat' dir='ltr'><strong>et</strong></span> <span class='ocrx_word' id='word_1_88' title='bbox 870 817 1218 870; x_wconf 87' lang='lat' dir='ltr'><strong>mutabuntur</strong></span> <span class='ocrx_word' id='word_1_89' title='bbox 1249 833 1262 868; x_wconf 89' lang='lat'>:</span> <span class='ocrx_word' id='word_1_90' title='bbox 1320 825 1375 868; x_wconf 93' lang='lat' dir='ltr'><strong>tu</strong></span> <span class='ocrx_word' id='word_1_91' title='bbox 1424 824 1601 868; x_wconf 91' lang='lat' dir='ltr'><strong>autem</strong></span> <span class='ocrx_word' id='word_1_92' title='bbox 1649 815 1792 869; x_wconf 90' lang='lat' dir='ltr'><strong>idem</strong></span> <span class='ocrx_word' id='word_1_93' title='bbox 1834 829 2046 883; x_wconf 85' lang='lat' dir='ltr'><strong>semper</strong></span> <span class='ocrx_word' id='word_1_94' title='bbox 2079 829 2159 876; x_wconf 88' lang='lat' dir='ltr'><strong>es,</strong></span> <span class='ocrx_word' id='word_1_95' title='bbox 2183 824 2236 867; x_wconf 91' lang='lat' dir='ltr'><strong>et</strong></span> <span class='ocrx_word' id='word_1_96' title='bbox 2275 813 2403 866; x_wconf 89' lang='lat' dir='ltr'><strong>anni</strong></span> <span class='ocrx_word' id='word_1_97' title='bbox 2441 813 2516 865; x_wconf 91' lang='lat' dir='ltr'><strong>tui</strong></span> <span class='ocrx_word' id='word_1_98' title='bbox 2547 828 2650 866; x_wconf 91' lang='lat' dir='ltr'><strong>non</strong></span> <span class='ocrx_word' id='word_1_99' title='bbox 2684 812 2954 866; x_wconf 83' lang='lat' dir='ltr'><strong>deﬁcient.</strong></span> <span class='ocrx_word' id='word_1_100' title='bbox 2989 830 3007 862; x_wconf 77' lang='grc' dir='ltr'><strong>ι</strong></span> 
     </span>
    </p>
   </div>
   <div class='ocr_carea' id='block_1_12' title="bbox 476 906 1964 976">
    <p class='ocr_par' dir='ltr' id='par_1_12' title="bbox 476 906 1964 976">
     <span class='ocr_line' id='line_1_12' title="bbox 476 906 1964 976; baseline -0.002 -13"><span class='ocrx_word' id='word_1_101' title='bbox 476 908 560 964; x_wconf 88' lang='lat' dir='ltr'><strong>IV.</strong></span> <span class='ocrx_word' id='word_1_102' title='bbox 587 909 841 963; x_wconf 90' lang='lat' dir='ltr'><strong>Creatura</strong></span> <span class='ocrx_word' id='word_1_103' title='bbox 877 924 981 961; x_wconf 92' lang='lat' dir='ltr'><strong>non</strong></span> <span class='ocrx_word' id='word_1_104' title='bbox 1013 918 1095 960; x_wconf 83' lang='lat' dir='ltr'><strong>cst</strong></span> <span class='ocrx_word' id='word_1_105' title='bbox 1125 906 1390 967; x_wconf 84' lang='lat' dir='ltr'><strong>absolute,</strong></span> <span class='ocrx_word' id='word_1_106' title='bbox 1418 915 1472 959; x_wconf 90' lang='lat' dir='ltr'><strong>et</strong></span> <span class='ocrx_word' id='word_1_107' title='bbox 1507 921 1601 974; x_wconf 91' lang='lat' dir='ltr'><strong>per</strong></span> <span class='ocrx_word' id='word_1_108' title='bbox 1632 921 1689 960; x_wconf 90' lang='lat' dir='ltr'><strong>se</strong></span> <span class='ocrx_word' id='word_1_109' title='bbox 1724 906 1964 976; x_wconf 81' lang='lat' dir='ltr'><strong>perfecte</strong></span> 
     </span>
    </p>
   </div>
   <div class='ocr_carea' id='block_1_13' title="bbox 406 996 1969 1069">
    <p class='ocr_par' dir='ltr' id='par_1_13' title="bbox 406 996 1969 1069">
     <span class='ocr_line' id='line_1_13' title="bbox 406 996 1969 1069; baseline -0.004 -13"><span class='ocrx_word' id='word_1_110' title='bbox 406 1011 639 1056; x_wconf 73' lang='lat' dir='ltr'><strong>aeterna:</strong></span> <span class='ocrx_word' id='word_1_111' title='bbox 668 1000 895 1069; x_wconf 88' lang='lat' dir='ltr'><strong>primum</strong></span> <span class='ocrx_word' id='word_1_112' title='bbox 934 999 1144 1067; x_wconf 84' lang='lat' dir='ltr'><strong>quidem</strong></span> <span class='ocrx_word' id='word_1_113' title='bbox 1171 996 1292 1064; x_wconf 90' lang='lat' dir='ltr'><strong>quia</strong></span> <span class='ocrx_word' id='word_1_114' title='bbox 1350 997 1451 1050; x_wconf 89' lang='lat' dir='ltr'><strong>hoc</strong></span> <span class='ocrx_word' id='word_1_115' title='bbox 1498 996 1566 1051; x_wconf 89' lang='lat' dir='ltr'><strong>de</strong></span> <span class='ocrx_word' id='word_1_116' title='bbox 1610 1012 1708 1051; x_wconf 91' lang='lat' dir='ltr'><strong>suo</strong></span> <span class='ocrx_word' id='word_1_117' title='bbox 1751 1013 1854 1050; x_wconf 91' lang='lat' dir='ltr'><strong>non</strong></span> <span class='ocrx_word' id='word_1_118' title='bbox 1880 999 1969 1051; x_wconf 84' lang='lat' dir='ltr'><strong>ha-</strong></span> 
     </span>
    </p>
   </div>
   <div class='ocr_carea' id='block_1_14' title="bbox 404 1087 1967 1159">
    <p class='ocr_par' dir='ltr' id='par_1_14' title="bbox 404 1087 1967 1159">
     <span class='ocr_line' id='line_1_14' title="bbox 404 1087 1967 1159; baseline -0.006 -10"><span class='ocrx_word' id='word_1_119' title='bbox 404 1096 516 1159; x_wconf 90' lang='lat' dir='ltr'><strong>bet,</strong></span> <span class='ocrx_word' id='word_1_120' title='bbox 546 1094 635 1147; x_wconf 88' lang='lat' dir='ltr'><strong>scd</strong></span> <span class='ocrx_word' id='word_1_121' title='bbox 667 1094 732 1145; x_wconf 90' lang='lat' dir='ltr'><strong>ah</strong></span> <span class='ocrx_word' id='word_1_122' title='bbox 763 1106 827 1143; x_wconf 91' lang='lat' dir='ltr'><strong>eo</strong></span> <span class='ocrx_word' id='word_1_123' title='bbox 867 1099 1108 1156; x_wconf 87' lang='lat' dir='ltr'><strong>tempore</strong></span> <span class='ocrx_word' id='word_1_124' title='bbox 1142 1104 1248 1157; x_wconf 91' lang='lat' dir='ltr'><strong>quo</strong></span> <span class='ocrx_word' id='word_1_125' title='bbox 1280 1088 1417 1142; x_wconf 80' lang='lat' dir='ltr'><strong>facta</strong></span> <span class='ocrx_word' id='word_1_126' title='bbox 1444 1087 1565 1152; x_wconf 77' lang='lat' dir='ltr'><strong>fuit,</strong></span> <span class='ocrx_word' id='word_1_127' title='bbox 1600 1089 1650 1141; x_wconf 91' lang='lat' dir='ltr'><strong>id</strong></span> <span class='ocrx_word' id='word_1_128' title='bbox 1677 1097 1967 1143; x_wconf 83' lang='lat' dir='ltr'><strong>consecuta</strong></span> 
     </span>
    </p>
   </div>
   <div class='ocr_carea' id='block_1_15' title="bbox 403 1179 1968 1254">
    <p class='ocr_par' dir='ltr' id='par_1_15' title="bbox 403 1179 1968 1254">
     <span class='ocr_line' id='line_1_15' title="bbox 403 1179 1968 1254; baseline -0.005 -13"><span class='ocrx_word' id='word_1_129' title='bbox 403 1199 567 1242; x_wconf 80' lang='lat' dir='ltr'><strong>estex</strong></span> <span class='ocrx_word' id='word_1_130' title='bbox 621 1183 1028 1254; x_wconf 90' lang='lat' dir='ltr'><strong>participatione</strong></span> <span class='ocrx_word' id='word_1_131' title='bbox 1079 1197 1142 1235; x_wconf 89' lang='lat' dir='ltr'><strong>ac</strong></span> <span class='ocrx_word' id='word_1_132' title='bbox 1198 1183 1337 1236; x_wconf 89' lang='lat' dir='ltr'><strong>dono</strong></span> <span class='ocrx_word' id='word_1_133' title='bbox 1391 1179 1507 1243; x_wconf 90' lang='lat' dir='ltr'><strong>Dei,</strong></span> <span class='ocrx_word' id='word_1_134' title='bbox 1557 1180 1649 1249; x_wconf 91' lang='lat' dir='ltr'><strong>qui</strong></span> <span class='ocrx_word' id='word_1_135' title='bbox 1705 1181 1861 1235; x_wconf 90' lang='lat' dir='ltr'><strong>unice</strong></span> <span class='ocrx_word' id='word_1_136' title='bbox 1914 1190 1968 1235; x_wconf 92' lang='lat' dir='ltr'><strong>et</strong></span> 
     </span>
    </p>
   </div>
   <div class='ocr_carea' id='block_1_16' title="bbox 403 1281 1967 1354">
    <p class='ocr_par' dir='ltr' id='par_1_16' title="bbox 403 1281 1967 1354">
     <span class='ocr_line' id='line_1_16' title="bbox 403 1281 1967 1354; baseline -0.004 -13"><span class='ocrx_word' id='word_1_137' title='bbox 403 1296 767 1354; x_wconf 68' lang='lat' dir='ltr'><strong>superazterne</strong></span> <span class='ocrx_word' id='word_1_138' title='bbox 795 1292 877 1338; x_wconf 89' lang='lat' dir='ltr'><strong>est</strong></span> <span class='ocrx_word' id='word_1_139' title='bbox 903 1299 930 1335; x_wconf 91' lang='lat' dir='ltr'><strong>a</strong></span> <span class='ocrx_word' id='word_1_140' title='bbox 958 1298 1015 1337; x_wconf 91' lang='lat' dir='ltr'><strong>se</strong></span> <span class='ocrx_word' id='word_1_141' title='bbox 1039 1301 1050 1335; x_wconf 91' lang='lat'><strong>:</strong></span> <span class='ocrx_word' id='word_1_142' title='bbox 1080 1298 1198 1335; x_wconf 87' lang='lat' dir='ltr'><strong>cum</strong></span> <span class='ocrx_word' id='word_1_143' title='bbox 1227 1282 1368 1334; x_wconf 90' lang='lat' dir='ltr'><strong>enim</strong></span> <span class='ocrx_word' id='word_1_144' title='bbox 1403 1282 1572 1335; x_wconf 90' lang='lat' dir='ltr'><strong>bonus</strong></span> <span class='ocrx_word' id='word_1_145' title='bbox 1598 1281 1688 1344; x_wconf 91' lang='lat' dir='ltr'><strong>sit,</strong></span> <span class='ocrx_word' id='word_1_146' title='bbox 1717 1289 1884 1343; x_wconf 87' lang='lat' dir='ltr'><strong>creat,</strong></span> <span class='ocrx_word' id='word_1_147' title='bbox 1905 1294 1967 1334; x_wconf 90' lang='lat' dir='ltr'><strong>ac</strong></span> 
     </span>
    </p>
   </div>
   <div class='ocr_carea' id='block_1_17' title="bbox 402 1368 1967 1441">
    <p class='ocr_par' dir='ltr' id='par_1_17' title="bbox 402 1368 1967 1441">
     <span class='ocr_line' id='line_1_17' title="bbox 402 1368 1967 1441; baseline -0.004 -13"><span class='ocrx_word' id='word_1_148' title='bbox 402 1389 513 1428; x_wconf 75' lang='lat' dir='ltr'><strong>Suae</strong></span> <span class='ocrx_word' id='word_1_149' title='bbox 537 1373 756 1427; x_wconf 72' lang='lat' dir='ltr'><strong>factura:</strong></span> <span class='ocrx_word' id='word_1_150' title='bbox 790 1371 1104 1441; x_wconf 69' lang='lat' dir='ltr'><strong>praesidens,</strong></span> <span class='ocrx_word' id='word_1_151' title='bbox 1158 1370 1513 1423; x_wconf 66' lang='lat' dir='ltr'><strong>aeternitatem</strong></span> <span class='ocrx_word' id='word_1_152' title='bbox 1578 1369 1678 1438; x_wconf 89' lang='lat' dir='ltr'><strong>ipsi</strong></span> <span class='ocrx_word' id='word_1_153' title='bbox 1719 1368 1967 1422; x_wconf 81' lang='lat' dir='ltr'><strong>muniﬁce</strong></span> 
     </span>
    </p>
   </div>
   <div class='ocr_carea' id='block_1_18' title="bbox 403 1457 1965 1528">
    <p class='ocr_par' dir='ltr' id='par_1_18' title="bbox 403 1457 1965 1528">
     <span class='ocr_line' id='line_1_18' title="bbox 403 1457 1965 1528; baseline 0 -17"><span class='ocrx_word' id='word_1_154' title='bbox 403 1459 630 1527; x_wconf 83' lang='lat' dir='ltr'><strong>largitur</strong></span> <span class='ocrx_word' id='word_1_155' title='bbox 668 1477 681 1511; x_wconf 87' lang='lat'><strong>:</strong></span> <span class='ocrx_word' id='word_1_156' title='bbox 712 1460 946 1512; x_wconf 90' lang='lat' dir='ltr'><strong>secundo</strong></span> <span class='ocrx_word' id='word_1_157' title='bbox 979 1470 1159 1511; x_wconf 88' lang='lat' dir='ltr'><strong>autem</strong></span> <span class='ocrx_word' id='word_1_158' title='bbox 1187 1459 1254 1512; x_wconf 92' lang='lat' dir='ltr'><strong>ob</strong></span> <span class='ocrx_word' id='word_1_159' title='bbox 1286 1472 1477 1511; x_wconf 89' lang='lat' dir='ltr'><strong>causas</strong></span> <span class='ocrx_word' id='word_1_160' title='bbox 1508 1457 1560 1511; x_wconf 92' lang='lat' dir='ltr'><strong>in</strong></span> <span class='ocrx_word' id='word_1_161' title='bbox 1605 1457 1965 1528; x_wconf 63' lang='lat' dir='ltr'><strong>capitulo(62)</strong></span> 
     </span>
    </p>
   </div>
   <div class='ocr_carea' id='block_1_19' title="bbox 404 1548 1968 1619">
    <p class='ocr_par' dir='ltr' id='par_1_19' title="bbox 404 1548 1968 1619">
     <span class='ocr_line' id='line_1_19' title="bbox 404 1548 1968 1619; baseline -0.001 -15"><span class='ocrx_word' id='word_1_162' title='bbox 404 1552 646 1619; x_wconf 78' lang='lat' dir='ltr'><strong>proxime</strong></span> <span class='ocrx_word' id='word_1_163' title='bbox 677 1550 956 1619; x_wconf 90' lang='lat' dir='ltr'><strong>superiore</strong></span> <span class='ocrx_word' id='word_1_164' title='bbox 983 1550 1276 1619; x_wconf 83' lang='lat' dir='ltr'><strong>expositas.</strong></span> <span class='ocrx_word' id='word_1_165' title='bbox 1307 1548 1462 1619; x_wconf 79' lang='lat'><strong>153</strong></span> <span class='ocrx_word' id='word_1_166' title='bbox 1489 1550 1704 1603; x_wconf 84' lang='lat' dir='ltr'><strong>Atvero</strong></span> <span class='ocrx_word' id='word_1_167' title='bbox 1736 1550 1968 1619; x_wconf 88' lang='lat' dir='ltr'><strong>Spiritus</strong></span> 
     </span>
    </p>
   </div>
   <div class='ocr_carea' id='block_1_20' title="bbox 2141 900 3619 968">
    <p class='ocr_par' dir='ltr' id='par_1_20' title="bbox 2141 900 3619 968">
     <span class='ocr_line' id='line_1_20' title="bbox 2141 900 3619 968; baseline -0.001 -11"><span class='ocrx_word' id='word_1_168' title='bbox 2141 906 2213 958; x_wconf 85' lang='lat' dir='ltr'><strong>A&#39;.</strong></span> <span class='ocrx_word' id='word_1_169' title='bbox 2267 905 2329 959; x_wconf 86' lang='lat' dir='ltr'><strong>&#39;H</strong></span> <span class='ocrx_word' id='word_1_170' title='bbox 2376 905 2554 968; x_wconf 88' lang='grc' dir='ltr'>κτίσις</span> <span class='ocrx_word' id='word_1_171' title='bbox 2582 905 2642 956; x_wconf 80' lang='grc' dir='ltr'><strong>οὐ</strong></span> <span class='ocrx_word' id='word_1_172' title='bbox 2682 902 2934 965; x_wconf 81' lang='grc' dir='ltr'>καθάπαξ</span> <span class='ocrx_word' id='word_1_173' title='bbox 2963 902 3056 954; x_wconf 78' lang='grc' dir='ltr'><strong>καὶ</strong></span> <span class='ocrx_word' id='word_1_174' title='bbox 3082 900 3381 964; x_wconf 81' lang='grc' dir='ltr'>αὐτοτελῶς</span> <span class='ocrx_word' id='word_1_175' title='bbox 3426 902 3487 954; x_wconf 84' lang='grc' dir='ltr'><strong>τὸ</strong></span> <span class='ocrx_word' id='word_1_176' title='bbox 3512 904 3619 956; x_wconf 81' lang='grc' dir='ltr'><strong>αἰώ-</strong></span> 
     </span>
    </p>
   </div>
   <div class='ocr_carea' id='block_1_21' title="bbox 2072 993 3627 1067">
    <p class='ocr_par' dir='ltr' id='par_1_21' title="bbox 2072 993 3627 1067">
     <span class='ocr_line' id='line_1_21' title="bbox 2072 993 3627 1067; baseline 0 -19"><span class='ocrx_word' id='word_1_177' title='bbox 2072 1012 2181 1048; x_wconf 82' lang='grc' dir='ltr'>νιον</span> <span class='ocrx_word' id='word_1_178' title='bbox 2212 997 2497 1066; x_wconf 83' lang='grc' dir='ltr'>κέκτηται,</span> <span class='ocrx_word' id='word_1_179' title='bbox 2531 996 2743 1067; x_wconf 86' lang='grc' dir='ltr'>πρῶτον</span> <span class='ocrx_word' id='word_1_180' title='bbox 2784 995 2882 1065; x_wconf 83' lang='grc' dir='ltr'><strong>μὲν</strong></span> <span class='ocrx_word' id='word_1_181' title='bbox 2909 994 3095 1064; x_wconf 72' lang='grc' dir='ltr'>ἐπειδὴ</span> <span class='ocrx_word' id='word_1_182' title='bbox 3127 993 3336 1047; x_wconf 77' lang='grc' dir='ltr'>οἴκοθεν</span> <span class='ocrx_word' id='word_1_183' title='bbox 3362 993 3518 1046; x_wconf 79' lang='grc' dir='ltr'>τοῦτο</span> <span class='ocrx_word' id='word_1_184' title='bbox 3545 997 3627 1048; x_wconf 71' lang='grc' dir='ltr'><strong>οὐκ</strong></span> 
     </span>
    </p>
   </div>
   <div class='ocr_carea' id='block_1_22' title="bbox 2074 1082 3628 1158">
    <p class='ocr_par' dir='ltr' id='par_1_22' title="bbox 2074 1082 3628 1158">
     <span class='ocr_line' id='line_1_22' title="bbox 2074 1082 3628 1158; baseline 0.001 -19"><span class='ocrx_word' id='word_1_185' title='bbox 2074 1087 2203 1157; x_wconf 76' lang='grc' dir='ltr'>ἔχει,</span> <span class='ocrx_word' id='word_1_186' title='bbox 2238 1087 2349 1141; x_wconf 78' lang='grc' dir='ltr'>ἀλλ’</span> <span class='ocrx_word' id='word_1_187' title='bbox 2375 1088 2559 1158; x_wconf 77' lang='grc' dir='ltr'>ἔτυχεν</span> <span class='ocrx_word' id='word_1_188' title='bbox 2593 1085 2756 1139; x_wconf 74' lang='grc' dir='ltr'>αὑτοῦ</span> <span class='ocrx_word' id='word_1_189' title='bbox 2800 1088 2879 1150; x_wconf 86' lang='grc' dir='ltr'><strong>είς</strong></span> <span class='ocrx_word' id='word_1_190' title='bbox 2902 1087 2961 1139; x_wconf 88' lang='grc' dir='ltr'><strong>τὸ</strong></span> <span class='ocrx_word' id='word_1_191' title='bbox 3004 1084 3152 1155; x_wconf 71' lang='grc' dir='ltr'>ἑξῆς,</span> <span class='ocrx_word' id='word_1_192' title='bbox 3184 1087 3277 1156; x_wconf 74' lang='grc' dir='ltr'><strong>ἀφ’</strong></span> <span class='ocrx_word' id='word_1_193' title='bbox 3305 1082 3365 1139; x_wconf 77' lang='grc' dir='ltr'><strong>οῦ</strong></span> <span class='ocrx_word' id='word_1_194' title='bbox 3411 1087 3628 1153; x_wconf 75' lang='grc' dir='ltr'>ἐγένετο,</span> 
     </span>
    </p>
   </div>
   <div class='ocr_carea' id='block_1_23' title="bbox 2077 1178 3633 1249">
    <p class='ocr_par' dir='ltr' id='par_1_23' title="bbox 2077 1178 3633 1249">
     <span class='ocr_line' id='line_1_23' title="bbox 2077 1178 3633 1249; baseline -0.001 -17"><span class='ocrx_word' id='word_1_195' title='bbox 2077 1180 2357 1249; x_wconf 81' lang='grc' dir='ltr'><strong>μεταδόσει</strong></span> <span class='ocrx_word' id='word_1_196' title='bbox 2382 1180 2475 1232; x_wconf 87' lang='grc' dir='ltr'><strong>τοῦ</strong></span> <span class='ocrx_word' id='word_1_197' title='bbox 2505 1180 2679 1249; x_wconf 83' lang='grc' dir='ltr'><strong>μόνως</strong></span> <span class='ocrx_word' id='word_1_198' title='bbox 2712 1180 2805 1232; x_wconf 73' lang='grc' dir='ltr'><strong>καὶ</strong></span> <span class='ocrx_word' id='word_1_199' title='bbox 2837 1178 3213 1249; x_wconf 81' lang='grc' dir='ltr'>ὑπεραιωνίως</span> <span class='ocrx_word' id='word_1_200' title='bbox 3236 1179 3387 1241; x_wconf 80' lang='grc' dir='ltr'>δντος</span> <span class='ocrx_word' id='word_1_201' title='bbox 3413 1178 3633 1248; x_wconf 67' lang='grc' dir='ltr'>αὐτομάα</span> 
     </span>
    </p>
   </div>
   <div class='ocr_carea' id='block_1_24' title="bbox 2072 1264 3631 1341">
    <p class='ocr_par' dir='ltr' id='par_1_24' title="bbox 2072 1264 3631 1341">
     <span class='ocr_line' id='line_1_24' title="bbox 2072 1264 3631 1341; baseline -0.002 -18"><span class='ocrx_word' id='word_1_202' title='bbox 2072 1287 2165 1323; x_wconf 93' lang='grc' dir='ltr'><strong>του</strong></span> <span class='ocrx_word' id='word_1_203' title='bbox 2193 1270 2348 1325; x_wconf 86' lang='grc' dir='ltr'>Θεοῦ.</span> <span class='ocrx_word' id='word_1_204' title='bbox 2392 1270 2617 1338; x_wconf 76' lang='grc' dir='ltr'>Ἀγαθὸς</span> <span class='ocrx_word' id='word_1_205' title='bbox 2642 1270 2748 1341; x_wconf 84' lang='grc' dir='ltr'>γὰρ</span> <span class='ocrx_word' id='word_1_206' title='bbox 2783 1269 2858 1323; x_wconf 88' lang='grc' dir='ltr'><strong>ῶν</strong></span> <span class='ocrx_word' id='word_1_207' title='bbox 2880 1264 3050 1333; x_wconf 75' lang='grc' dir='ltr'>οὗτος,</span> <span class='ocrx_word' id='word_1_208' title='bbox 3071 1270 3425 1340; x_wconf 83' lang='grc' dir='ltr'>δημιουργεῖ·</span> <span class='ocrx_word' id='word_1_209' title='bbox 3460 1267 3551 1340; x_wconf 82' lang='grc'>[68</span> <span class='ocrx_word' id='word_1_210' title='bbox 3574 1267 3631 1341; x_wconf 84' lang='grc' dir='ltr'>α]</span> 
     </span>
    </p>
   </div>
   <div class='ocr_carea' id='block_1_25' title="bbox 2075 1361 3629 1435">
    <p class='ocr_par' dir='ltr' id='par_1_25' title="bbox 2075 1361 3629 1435">
     <span class='ocr_line' id='line_1_25' title="bbox 2075 1361 3629 1435; baseline -0.002 -20"><span class='ocrx_word' id='word_1_211' title='bbox 2075 1363 2469 1435; x_wconf 79' lang='grc' dir='ltr'>προϊστάμενος</span> <span class='ocrx_word' id='word_1_212' title='bbox 2501 1363 2597 1432; x_wconf 81' lang='grc' dir='ltr'>τῆς</span> <span class='ocrx_word' id='word_1_213' title='bbox 2622 1361 2812 1414; x_wconf 79' lang='grc' dir='ltr'>ἑαυτοῦ</span> <span class='ocrx_word' id='word_1_214' title='bbox 2841 1363 3129 1431; x_wconf 77' lang='grc' dir='ltr'>ποιήσεως,</span> <span class='ocrx_word' id='word_1_215' title='bbox 3157 1361 3518 1432; x_wconf 81' lang='grc' dir='ltr'>φιλοτιμεῖται</span> <span class='ocrx_word' id='word_1_216' title='bbox 3548 1362 3629 1413; x_wconf 75' lang='grc' dir='ltr'><strong>αὺ-</strong></span> 
     </span>
    </p>
   </div>
   <div class='ocr_carea' id='block_1_26' title="bbox 2073 1452 3631 1527">
    <p class='ocr_par' dir='ltr' id='par_1_26' title="bbox 2073 1452 3631 1527">
     <span class='ocr_line' id='line_1_26' title="bbox 2073 1452 3631 1527; baseline -0.001 -20"><span class='ocrx_word' id='word_1_217' title='bbox 2073 1458 2139 1527; x_wconf 78' lang='grc' dir='ltr'><strong>τῇ</strong></span> <span class='ocrx_word' id='word_1_218' title='bbox 2173 1455 2501 1526; x_wconf 84' lang='grc' dir='ltr'>αἰωνιότητα</span> <span class='ocrx_word' id='word_1_219' title='bbox 2518 1470 2532 1483; x_wconf 86' lang='grc'><strong>·</strong></span> <span class='ocrx_word' id='word_1_220' title='bbox 2563 1455 2811 1522; x_wconf 80' lang='grc' dir='ltr'>δεύτερον</span> <span class='ocrx_word' id='word_1_221' title='bbox 2836 1454 2913 1518; x_wconf 69' lang='grc' dir='ltr'><strong>δὲ,</strong></span> <span class='ocrx_word' id='word_1_222' title='bbox 2952 1453 3039 1507; x_wconf 75' lang='grc' dir='ltr'><strong>διὰ</strong></span> <span class='ocrx_word' id='word_1_223' title='bbox 3066 1454 3164 1515; x_wconf 79' lang='grc' dir='ltr'>τὰς</span> <span class='ocrx_word' id='word_1_224' title='bbox 3186 1452 3545 1523; x_wconf 80' lang='grc' dir='ltr'>ὲξηγηθείσας</span> <span class='ocrx_word' id='word_1_225' title='bbox 3562 1454 3631 1507; x_wconf 76' lang='grc' dir='ltr'>σί-</span> 
     </span>
    </p>
   </div>
   <div class='ocr_carea' id='block_1_27' title="bbox 2073 1544 3633 1618">
    <p class='ocr_par' dir='ltr' id='par_1_27' title="bbox 2073 1544 3633 1618">
     <span class='ocr_line' id='line_1_27' title="bbox 2073 1544 3633 1618; baseline -0.003 -19"><span class='ocrx_word' id='word_1_226' title='bbox 2073 1547 2191 1610; x_wconf 86' lang='grc' dir='ltr'>τίας</span> <span class='ocrx_word' id='word_1_227' title='bbox 2239 1548 2297 1599; x_wconf 83' lang='grc' dir='ltr'>ὲν</span> <span class='ocrx_word' id='word_1_228' title='bbox 2347 1547 2425 1618; x_wconf 80' lang='grc' dir='ltr'><strong>τῷ</strong></span> <span class='ocrx_word' id='word_1_229' title='bbox 2459 1546 2735 1617; x_wconf 78' lang='grc' dir='ltr'>κεφαλαίῳ</span> <span class='ocrx_word' id='word_1_230' title='bbox 2789 1546 2866 1616; x_wconf 85' lang='grc' dir='ltr'>τῷ</span> <span class='ocrx_word' id='word_1_231' title='bbox 2910 1545 3015 1616; x_wconf 84' lang='grc' dir='ltr'>πρὸ</span> <span class='ocrx_word' id='word_1_232' title='bbox 3060 1544 3231 1597; x_wconf 84' lang='grc' dir='ltr'>τοῦδε.</span> <span class='ocrx_word' id='word_1_233' title='bbox 3284 1545 3356 1596; x_wconf 80' lang='grc' dir='ltr'>Τὸ</span> <span class='ocrx_word' id='word_1_234' title='bbox 3408 1546 3467 1597; x_wconf 79' lang='grc' dir='ltr'><strong>δὲ</strong></span> <span class='ocrx_word' id='word_1_235' title='bbox 3501 1545 3633 1612; x_wconf 70' lang='grc' dir='ltr'>ἅγιον</span> 
     </span>
    </p>
   </div>
   <div class='ocr_carea' id='block_1_28' title="bbox 406 1637 1970 1709">
    <p class='ocr_par' dir='ltr' id='par_1_28' title="bbox 406 1642 1966 1705">
     <span class='ocr_line' id='line_1_28' title="bbox 406 1642 1966 1705; baseline 0 -10"><span class='ocrx_word' id='word_1_236' title='bbox 406 1650 626 1695; x_wconf 86' lang='lat' dir='ltr'><strong>sanctus</strong></span> <span class='ocrx_word' id='word_1_237' title='bbox 663 1657 783 1695; x_wconf 90' lang='lat' dir='ltr'><strong>eum</strong></span> <span class='ocrx_word' id='word_1_238' title='bbox 809 1652 1000 1695; x_wconf 87' lang='lat' dir='ltr'><strong>natura</strong></span> <span class='ocrx_word' id='word_1_239' title='bbox 1030 1642 1383 1695; x_wconf 78' lang='lat' dir='ltr'><strong>aeternitatem</strong></span> <span class='ocrx_word' id='word_1_240' title='bbox 1428 1643 1641 1705; x_wconf 88' lang='lat' dir='ltr'><strong>habeat,</strong></span> <span class='ocrx_word' id='word_1_241' title='bbox 1668 1642 1805 1696; x_wconf 87' lang='lat' dir='ltr'><strong>sicut</strong></span> <span class='ocrx_word' id='word_1_242' title='bbox 1834 1657 1966 1697; x_wconf 82' lang='lat' dir='ltr'><strong>con-</strong></span> 
     </span>
    </p>
   </div>
   <div class='ocr_carea' id='block_1_29' title="bbox 2148 1637 3633 1709">
    <p class='ocr_par' dir='ltr' id='par_1_29' title="bbox 2150 1637 3633 1709">
     <span class='ocr_line' id='line_1_29' title="bbox 2150 1637 3633 1709; baseline -0.001 -18"><span class='ocrx_word' id='word_1_243' title='bbox 2150 1638 2313 1709; x_wconf 84' lang='grc' dir='ltr'>εῦμα,</span> <span class='ocrx_word' id='word_1_244' title='bbox 2356 1641 2433 1702; x_wconf 86' lang='grc' dir='ltr'>ὼς</span> <span class='ocrx_word' id='word_1_245' title='bbox 2471 1639 2629 1708; x_wconf 79' lang='grc' dir='ltr'>φύσει</span> <span class='ocrx_word' id='word_1_246' title='bbox 2663 1639 2723 1691; x_wconf 82' lang='grc' dir='ltr'><strong>τὸ</strong></span> <span class='ocrx_word' id='word_1_247' title='bbox 2758 1638 2974 1691; x_wconf 74' lang='grc' dir='ltr'>αἰώνιον</span> <span class='ocrx_word' id='word_1_248' title='bbox 3006 1638 3147 1707; x_wconf 78' lang='grc' dir='ltr'>ἕχον,</span> <span class='ocrx_word' id='word_1_249' title='bbox 3196 1637 3338 1691; x_wconf 82' lang='grc' dir='ltr'><strong>καθὰ</strong></span> <span class='ocrx_word' id='word_1_250' title='bbox 3379 1638 3633 1708; x_wconf 77' lang='grc' dir='ltr'>προσῆκεν</span> 
     </span>
    </p>
   </div>
   <div class='ocr_carea' id='block_1_30' title="bbox 404 1732 1967 1803">
    <p class='ocr_par' dir='ltr' id='par_1_30' title="bbox 404 1732 1967 1803">
     <span class='ocr_line' id='line_1_30' title="bbox 404 1732 1967 1803; baseline 0.001 -18"><span class='ocrx_word' id='word_1_251' title='bbox 404 1733 551 1785; x_wconf 88' lang='lat' dir='ltr'><strong>venit</strong></span> <span class='ocrx_word' id='word_1_252' title='bbox 576 1732 776 1786; x_wconf 83' lang='lat' dir='ltr'><strong>habere</strong></span> <span class='ocrx_word' id='word_1_253' title='bbox 813 1733 1148 1796; x_wconf 86' lang='lat' dir='ltr'><strong>Creatorem,</strong></span> <span class='ocrx_word' id='word_1_254' title='bbox 1182 1741 1234 1786; x_wconf 88' lang='lat' dir='ltr'><strong>et</strong></span> <span class='ocrx_word' id='word_1_255' title='bbox 1261 1733 1332 1785; x_wconf 89' lang='lat' dir='ltr'><strong>sit</strong></span> <span class='ocrx_word' id='word_1_256' title='bbox 1382 1734 1557 1787; x_wconf 91' lang='lat' dir='ltr'><strong>bonus</strong></span> <span class='ocrx_word' id='word_1_257' title='bbox 1590 1734 1820 1803; x_wconf 89' lang='lat' dir='ltr'><strong>Spiritus</strong></span> <span class='ocrx_word' id='word_1_258' title='bbox 1852 1734 1967 1799; x_wconf 84' lang='lat' dir='ltr'><strong>Dei,</strong></span> 
     </span>
    </p>
   </div>
   <div class='ocr_carea' id='block_1_31' title="bbox 405 1825 1969 1897">
    <p class='ocr_par' dir='ltr' id='par_1_31' title="bbox 405 1825 1969 1897">
     <span class='ocr_line' id='line_1_31' title="bbox 405 1825 1969 1897; baseline 0.003 -18"><span class='ocrx_word' id='word_1_259' title='bbox 405 1826 582 1879; x_wconf 89' lang='lat' dir='ltr'><strong>omnia</strong></span> <span class='ocrx_word' id='word_1_260' title='bbox 617 1834 675 1879; x_wconf 89' lang='lat' dir='ltr'><strong>ut</strong></span> <span class='ocrx_word' id='word_1_261' title='bbox 708 1825 753 1879; x_wconf 91' lang='lat' dir='ltr'><strong>is</strong></span> <span class='ocrx_word' id='word_1_262' title='bbox 780 1825 871 1895; x_wconf 89' lang='lat' dir='ltr'><strong>qui</strong></span> <span class='ocrx_word' id='word_1_263' title='bbox 910 1835 1139 1880; x_wconf 73' lang='lat' dir='ltr'><strong>aeternus</strong></span> <span class='ocrx_word' id='word_1_264' title='bbox 1161 1826 1232 1879; x_wconf 88' lang='lat' dir='ltr'><strong>sit</strong></span> <span class='ocrx_word' id='word_1_265' title='bbox 1261 1840 1514 1895; x_wconf 87' lang='lat' dir='ltr'><strong>operans,</strong></span> <span class='ocrx_word' id='word_1_266' title='bbox 1544 1837 1599 1882; x_wconf 91' lang='lat' dir='ltr'><strong>et</strong></span> <span class='ocrx_word' id='word_1_267' title='bbox 1630 1828 1969 1897; x_wconf 75' lang='lat' dir='ltr'><strong>ipse‘quidem</strong></span> 
     </span>
    </p>
   </div>
   <div class='ocr_carea' id='block_1_32' title="bbox 407 1916 1974 1987">
    <p class='ocr_par' dir='ltr' id='par_1_32' title="bbox 407 1916 1974 1987">
     <span class='ocr_line' id='line_1_32' title="bbox 407 1916 1974 1987; baseline 0.003 -17"><span class='ocrx_word' id='word_1_268' title='bbox 407 1932 676 1985; x_wconf 88' lang='lat' dir='ltr'><strong>nunquam</strong></span> <span class='ocrx_word' id='word_1_269' title='bbox 707 1916 987 1983; x_wconf 89' lang='lat' dir='ltr'><strong>limitetur,</strong></span> <span class='ocrx_word' id='word_1_270' title='bbox 1016 1918 1110 1972; x_wconf 83' lang='lat' dir='ltr'><strong>sed</strong></span> <span class='ocrx_word' id='word_1_271' title='bbox 1144 1931 1263 1986; x_wconf 74' lang='lat' dir='ltr'><strong>quae</strong></span> <span class='ocrx_word' id='word_1_272' title='bbox 1306 1917 1374 1971; x_wconf 90' lang='lat' dir='ltr'><strong>ab</strong></span> <span class='ocrx_word' id='word_1_273' title='bbox 1422 1918 1535 1987; x_wconf 90' lang='lat' dir='ltr'><strong>ipso</strong></span> <span class='ocrx_word' id='word_1_274' title='bbox 1564 1919 1704 1973; x_wconf 77' lang='lat' dir='ltr'><strong>facta</strong></span> <span class='ocrx_word' id='word_1_275' title='bbox 1735 1930 1877 1985; x_wconf 89' lang='lat' dir='ltr'><strong>sunt,</strong></span> <span class='ocrx_word' id='word_1_276' title='bbox 1912 1921 1974 1974; x_wconf 91' lang='lat' dir='ltr'><strong>li-</strong></span> 
     </span>
    </p>
   </div>
   <div class='ocr_carea' id='block_1_33' title="bbox 406 2010 1973 2079">
    <p class='ocr_par' dir='ltr' id='par_1_33' title="bbox 406 2010 1973 2079">
     <span class='ocr_line' id='line_1_33' title="bbox 406 2010 1973 2079; baseline 0.004 -18"><span class='ocrx_word' id='word_1_277' title='bbox 406 2010 600 2063; x_wconf 86' lang='lat' dir='ltr'><strong>mitare</strong></span> <span class='ocrx_word' id='word_1_278' title='bbox 624 2010 813 2079; x_wconf 87' lang='lat' dir='ltr'><strong>possit,</strong></span> <span class='ocrx_word' id='word_1_279' title='bbox 850 2010 1054 2065; x_wconf 84' lang='lat' dir='ltr'><strong>idcirco</strong></span> <span class='ocrx_word' id='word_1_280' title='bbox 1099 2025 1162 2064; x_wconf 87' lang='lat' dir='ltr'><strong>ea</strong></span> <span class='ocrx_word' id='word_1_281' title='bbox 1214 2011 1615 2079; x_wconf 90' lang='lat' dir='ltr'><strong>nuncupatione</strong></span> <span class='ocrx_word' id='word_1_282' title='bbox 1669 2013 1973 2067; x_wconf 82' lang='lat' dir='ltr'><strong>celebratus</strong></span> 
     </span>
    </p>
   </div>
   <div class='ocr_carea' id='block_1_34' title="bbox 404 2102 1961 2173">
    <p class='ocr_par' dir='ltr' id='par_1_34' title="bbox 404 2102 1961 2173">
     <span class='ocr_line' id='line_1_34' title="bbox 404 2102 1961 2173; baseline 0.004 -19"><span class='ocrx_word' id='word_1_283' title='bbox 404 2102 523 2155; x_wconf 81' lang='lat' dir='ltr'><strong>fuit.</strong></span> <span class='ocrx_word' id='word_1_284' title='bbox 548 2102 697 2168; x_wconf 82' lang='lat' dir='ltr'><strong>Quod</strong></span> <span class='ocrx_word' id='word_1_285' title='bbox 726 2102 769 2156; x_wconf 90' lang='lat' dir='ltr'><strong>si</strong></span> <span class='ocrx_word' id='word_1_286' title='bbox 805 2102 888 2157; x_wconf 89' lang='lat' dir='ltr'><strong>his</strong></span> <span class='ocrx_word' id='word_1_287' title='bbox 928 2118 1045 2171; x_wconf 68' lang='lat' dir='ltr'><strong>qua:</strong></span> <span class='ocrx_word' id='word_1_288' title='bbox 1084 2103 1215 2167; x_wconf 84' lang='lat' dir='ltr'><strong>dixi,</strong></span> <span class='ocrx_word' id='word_1_289' title='bbox 1258 2121 1362 2157; x_wconf 91' lang='lat' dir='ltr'><strong>non</strong></span> <span class='ocrx_word' id='word_1_290' title='bbox 1407 2106 1774 2173; x_wconf 89' lang='lat' dir='ltr'><strong>acquiescitis,</strong></span> <span class='ocrx_word' id='word_1_291' title='bbox 1834 2121 1961 2160; x_wconf 83' lang='lat' dir='ltr'><strong>vera</strong></span> 
     </span>
    </p>
   </div>
   <div class='ocr_carea' id='block_1_35' title="bbox 404 2194 1972 2254">
    <p class='ocr_par' dir='ltr' id='par_1_35' title="bbox 404 2194 1972 2254">
     <span class='ocr_line' id='line_1_35' title="bbox 404 2194 1972 2254; baseline 0.004 -6"><span class='ocrx_word' id='word_1_292' title='bbox 404 2209 523 2249; x_wconf 85' lang='lat' dir='ltr'><strong>esse</strong></span> <span class='ocrx_word' id='word_1_293' title='bbox 542 2194 759 2249; x_wconf 89' lang='lat' dir='ltr'><strong>discetis</strong></span> <span class='ocrx_word' id='word_1_294' title='bbox 784 2194 884 2249; x_wconf 89' lang='lat' dir='ltr'><strong>hac</strong></span> <span class='ocrx_word' id='word_1_295' title='bbox 920 2196 1146 2250; x_wconf 88' lang='lat' dir='ltr'><strong>ratione.</strong></span> <span class='ocrx_word' id='word_1_296' title='bbox 1173 2195 1369 2251; x_wconf 86' lang='lat' dir='ltr'><strong>Paulus</strong></span> <span class='ocrx_word' id='word_1_297' title='bbox 1385 2197 1449 2251; x_wconf 86' lang='lat' dir='ltr'><strong>ad</strong></span> <span class='ocrx_word' id='word_1_298' title='bbox 1480 2197 1729 2253; x_wconf 58' lang='lat' dir='ltr'><strong>Hebraeos</strong></span> <span class='ocrx_word' id='word_1_299' title='bbox 1756 2200 1826 2253; x_wconf 89' lang='lat' dir='ltr'><strong>ita</strong></span> <span class='ocrx_word' id='word_1_300' title='bbox 1841 2200 1972 2254; x_wconf 89' lang='lat' dir='ltr'><strong>scri-</strong></span> 
     </span>
    </p>
   </div>
   <div class='ocr_carea' id='block_1_36' title="bbox 406 2288 1972 2362">
    <p class='ocr_par' dir='ltr' id='par_1_36' title="bbox 406 2288 1972 2362">
     <span class='ocr_line' id='line_1_36' title="bbox 406 2288 1972 2362; baseline 0.003 -20"><span class='ocrx_word' id='word_1_301' title='bbox 406 2289 486 2343; x_wconf 88' lang='lat' dir='ltr'><strong>bit</strong></span> <span class='ocrx_word' id='word_1_302' title='bbox 511 2307 526 2343; x_wconf 89' lang='lat'><strong>:</strong></span> <span class='ocrx_word' id='word_1_303' title='bbox 552 2307 572 2340; x_wconf 72' lang='grc' dir='ltr'><strong>ι</strong></span> <span class='ocrx_word' id='word_1_304' title='bbox 603 2288 703 2355; x_wconf 87' lang='lat' dir='ltr'><strong>Qui</strong></span> <span class='ocrx_word' id='word_1_305' title='bbox 732 2288 841 2359; x_wconf 68' lang='grc'>(64)</span> <span class='ocrx_word' id='word_1_306' title='bbox 871 2306 967 2359; x_wconf 89' lang='lat' dir='ltr'><strong>per</strong></span> <span class='ocrx_word' id='word_1_307' title='bbox 1021 2289 1279 2358; x_wconf 87' lang='lat' dir='ltr'><strong>Spiritum</strong></span> <span class='ocrx_word' id='word_1_308' title='bbox 1332 2301 1590 2345; x_wconf 67' lang='lat' dir='ltr'><strong>aeternum</strong></span> <span class='ocrx_word' id='word_1_309' title='bbox 1624 2293 1972 2362; x_wconf 89' lang='lat' dir='ltr'><strong>semetipsum</strong></span> 
     </span>
    </p>
   </div>
   <div class='ocr_carea' id='block_1_37' title="bbox 407 2377 1973 2447">
    <p class='ocr_par' dir='ltr' id='par_1_37' title="bbox 407 2377 1973 2447">
     <span class='ocr_line' id='line_1_37' title="bbox 407 2377 1973 2447; baseline 0 -14"><span class='ocrx_word' id='word_1_310' title='bbox 407 2379 808 2433; x_wconf 87' lang='lat' dir='ltr'><strong>immaculatum</strong></span> <span class='ocrx_word' id='word_1_311' title='bbox 832 2378 1022 2433; x_wconf 90' lang='lat' dir='ltr'><strong>obtulit</strong></span> <span class='ocrx_word' id='word_1_312' title='bbox 1055 2379 1181 2433; x_wconf 91' lang='lat' dir='ltr'><strong>Deo.</strong></span> <span class='ocrx_word' id='word_1_313' title='bbox 1210 2397 1228 2430; x_wconf 76' lang='grc' dir='ltr'><strong>ι</strong></span> <span class='ocrx_word' id='word_1_314' title='bbox 1257 2377 1519 2447; x_wconf 90' lang='lat' dir='ltr'><strong>Loquitur</strong></span> <span class='ocrx_word' id='word_1_315' title='bbox 1548 2386 1728 2433; x_wconf 86' lang='lat' dir='ltr'><strong>autem</strong></span> <span class='ocrx_word' id='word_1_316' title='bbox 1767 2381 1832 2433; x_wconf 94' lang='lat' dir='ltr'><strong>de</strong></span> <span class='ocrx_word' id='word_1_317' title='bbox 1871 2379 1973 2433; x_wconf 86' lang='lat' dir='ltr'><strong>Do-</strong></span> 
     </span>
    </p>
   </div>
   <div class='ocr_carea' id='block_1_38' title="bbox 404 2468 1974 2539">
    <p class='ocr_par' dir='ltr' id='par_1_38' title="bbox 404 2468 1974 2539">
     <span class='ocr_line' id='line_1_38' title="bbox 404 2468 1974 2539; baseline 0.003 -16"><span class='ocrx_word' id='word_1_318' title='bbox 404 2470 550 2523; x_wconf 87' lang='lat' dir='ltr'><strong>mino</strong></span> <span class='ocrx_word' id='word_1_319' title='bbox 583 2468 820 2534; x_wconf 84' lang='lat' dir='ltr'><strong>Christo,</strong></span> <span class='ocrx_word' id='word_1_320' title='bbox 857 2470 949 2539; x_wconf 90' lang='lat' dir='ltr'><strong>qui</strong></span> <span class='ocrx_word' id='word_1_321' title='bbox 987 2470 1038 2522; x_wconf 91' lang='lat' dir='ltr'><strong>in</strong></span> <span class='ocrx_word' id='word_1_322' title='bbox 1091 2470 1395 2523; x_wconf 90' lang='lat' dir='ltr'><strong>veneranda</strong></span> <span class='ocrx_word' id='word_1_323' title='bbox 1456 2485 1553 2524; x_wconf 91' lang='lat' dir='ltr'><strong>sua</strong></span> <span class='ocrx_word' id='word_1_324' title='bbox 1603 2471 1974 2527; x_wconf 86' lang='lat' dir='ltr'><strong>incarnatione</strong></span> 
     </span>
    </p>
   </div>
   <div class='ocr_carea' id='block_1_39' title="bbox 403 2558 1972 2627">
    <p class='ocr_par' dir='ltr' id='par_1_39' title="bbox 403 2558 1972 2627">
     <span class='ocr_line' id='line_1_39' title="bbox 403 2558 1972 2627; baseline 0.002 -16"><span class='ocrx_word' id='word_1_325' title='bbox 403 2559 754 2627; x_wconf 88' lang='lat' dir='ltr'><strong>semetipsum</strong></span> <span class='ocrx_word' id='word_1_326' title='bbox 791 2573 890 2626; x_wconf 90' lang='lat' dir='ltr'><strong>pro</strong></span> <span class='ocrx_word' id='word_1_327' title='bbox 938 2558 1091 2613; x_wconf 88' lang='lat' dir='ltr'><strong>nobis</strong></span> <span class='ocrx_word' id='word_1_328' title='bbox 1141 2574 1235 2627; x_wconf 91' lang='lat' dir='ltr'><strong>per</strong></span> <span class='ocrx_word' id='word_1_329' title='bbox 1267 2558 1524 2627; x_wconf 85' lang='lat' dir='ltr'><strong>Spiritum</strong></span> <span class='ocrx_word' id='word_1_330' title='bbox 1553 2571 1796 2614; x_wconf 86' lang='lat' dir='ltr'><strong>sanctum</strong></span> <span class='ocrx_word' id='word_1_331' title='bbox 1827 2560 1972 2614; x_wconf 88' lang='lat' dir='ltr'><strong>Patri</strong></span> 
     </span>
    </p>
   </div>
   <div class='ocr_carea' id='block_1_40' title="bbox 408 2648 1977 2721">
    <p class='ocr_par' dir='ltr' id='par_1_40' title="bbox 408 2648 1977 2721">
     <span class='ocr_line' id='line_1_40' title="bbox 408 2648 1977 2721; baseline 0.003 -19"><span class='ocrx_word' id='word_1_332' title='bbox 408 2664 508 2702; x_wconf 81' lang='lat' dir='ltr'><strong>suo</strong></span> <span class='ocrx_word' id='word_1_333' title='bbox 532 2648 747 2704; x_wconf 90' lang='lat' dir='ltr'><strong>obtulit.</strong></span> <span class='ocrx_word' id='word_1_334' title='bbox 777 2648 873 2704; x_wconf 88' lang='lat' dir='ltr'><strong>His</strong></span> <span class='ocrx_word' id='word_1_335' title='bbox 920 2660 1279 2703; x_wconf 79' lang='lat' dir='ltr'><strong>consentanea</strong></span> <span class='ocrx_word' id='word_1_336' title='bbox 1325 2650 1515 2705; x_wconf 85' lang='lat' dir='ltr'><strong>Petrus</strong></span> <span class='ocrx_word' id='word_1_337' title='bbox 1563 2666 1775 2721; x_wconf 90' lang='lat' dir='ltr'><strong>quoque</strong></span> <span class='ocrx_word' id='word_1_338' title='bbox 1797 2667 1977 2721; x_wconf 91' lang='lat' dir='ltr'><strong>perso-</strong></span> 
     </span>
    </p>
   </div>
   <div class='ocr_carea' id='block_1_41' title="bbox 403 2740 1965 2816">
    <p class='ocr_par' dir='ltr' id='par_1_41' title="bbox 403 2740 1965 2816">
     <span class='ocr_line' id='line_1_41' title="bbox 403 2740 1965 2816; baseline 0.004 -22"><span class='ocrx_word' id='word_1_339' title='bbox 403 2750 518 2803; x_wconf 85' lang='lat' dir='ltr'><strong>nat,</strong></span> <span class='ocrx_word' id='word_1_340' title='bbox 577 2751 636 2794; x_wconf 94' lang='lat' dir='ltr'><strong>ut</strong></span> <span class='ocrx_word' id='word_1_341' title='bbox 682 2740 792 2808; x_wconf 88' lang='lat' dir='ltr'><strong>jam</strong></span> <span class='ocrx_word' id='word_1_342' title='bbox 829 2754 1307 2796; x_wconf 81' lang='lat' dir='ltr'><strong>commemoratum</strong></span> <span class='ocrx_word' id='word_1_343' title='bbox 1356 2754 1441 2797; x_wconf 91' lang='lat' dir='ltr'><strong>est</strong></span> <span class='ocrx_word' id='word_1_344' title='bbox 1485 2761 1497 2796; x_wconf 90' lang='lat'>:</span> <span class='ocrx_word' id='word_1_345' title='bbox 1538 2762 1556 2794; x_wconf 84' lang='grc'><em>‹</em></span> <span class='ocrx_word' id='word_1_346' title='bbox 1593 2744 1828 2800; x_wconf 82' lang='lat' dir='ltr'><strong>Verbum</strong></span> <span class='ocrx_word' id='word_1_347' title='bbox 1852 2744 1965 2816; x_wconf 83' lang='lat'><strong>(65)</strong></span> 
     </span>
    </p>
   </div>
   <div class='ocr_carea' id='block_1_42' title="bbox 403 2831 1974 2889">
    <p class='ocr_par' dir='ltr' id='par_1_42' title="bbox 403 2831 1974 2889">
     <span class='ocr_line' id='line_1_42' title="bbox 403 2831 1974 2889; baseline 0.004 -6"><span class='ocrx_word' id='word_1_348' title='bbox 403 2839 579 2884; x_wconf 87' lang='lat' dir='ltr'><strong>autem</strong></span> <span class='ocrx_word' id='word_1_349' title='bbox 611 2831 700 2885; x_wconf 91' lang='lat' dir='ltr'><strong>Dei</strong></span> <span class='ocrx_word' id='word_1_350' title='bbox 735 2843 913 2887; x_wconf 89' lang='lat' dir='ltr'><strong>manet</strong></span> <span class='ocrx_word' id='word_1_351' title='bbox 979 2832 1030 2885; x_wconf 94' lang='lat' dir='ltr'><strong>in</strong></span> <span class='ocrx_word' id='word_1_352' title='bbox 1064 2832 1339 2886; x_wconf 83' lang='lat' dir='ltr'><strong>saeculum.</strong></span> <span class='ocrx_word' id='word_1_353' title='bbox 1373 2851 1391 2884; x_wconf 77' lang='grc' dir='ltr'><strong>ι</strong></span> <span class='ocrx_word' id='word_1_354' title='bbox 1444 2832 1577 2886; x_wconf 88' lang='lat' dir='ltr'><strong>Nam</strong></span> <span class='ocrx_word' id='word_1_355' title='bbox 1624 2834 1853 2888; x_wconf 84' lang='lat' dir='ltr'><strong>Verbum</strong></span> <span class='ocrx_word' id='word_1_356' title='bbox 1881 2834 1974 2889; x_wconf 89' lang='lat' dir='ltr'><strong>Dei</strong></span> 
     </span>
    </p>
   </div>
   <div class='ocr_carea' id='block_1_43' title="bbox 404 2923 1969 2993">
    <p class='ocr_par' dir='ltr' id='par_1_43' title="bbox 404 2923 1969 2993">
     <span class='ocr_line' id='line_1_43' title="bbox 404 2923 1969 2993; baseline 0.003 -18"><span class='ocrx_word' id='word_1_357' title='bbox 404 2935 560 2978; x_wconf 88' lang='lat' dir='ltr'><strong>vocat</strong></span> <span class='ocrx_word' id='word_1_358' title='bbox 585 2923 843 2993; x_wconf 87' lang='lat' dir='ltr'><strong>Spiritum</strong></span> <span class='ocrx_word' id='word_1_359' title='bbox 872 2926 984 2979; x_wconf 88' lang='lat' dir='ltr'><strong>Dei.</strong></span> <span class='ocrx_word' id='word_1_360' title='bbox 1022 2924 1221 2979; x_wconf 87' lang='lat' dir='ltr'><strong>Paulus</strong></span> <span class='ocrx_word' id='word_1_361' title='bbox 1253 2940 1413 2992; x_wconf 88' lang='lat' dir='ltr'><strong>porro</strong></span> <span class='ocrx_word' id='word_1_362' title='bbox 1440 2924 1653 2979; x_wconf 85' lang='lat' dir='ltr'><strong>Patrem</strong></span> <span class='ocrx_word' id='word_1_363' title='bbox 1704 2936 1758 2979; x_wconf 93' lang='lat' dir='ltr'><strong>et</strong></span> <span class='ocrx_word' id='word_1_364' title='bbox 1777 2925 1969 2980; x_wconf 84' lang='lat' dir='ltr'><strong>Filium</strong></span> 
     </span>
    </p>
   </div>
   <div class='ocr_carea' id='block_1_44' title="bbox 403 3013 1966 3080">
    <p class='ocr_par' dir='ltr' id='par_1_44' title="bbox 403 3013 1966 3080">
     <span class='ocr_line' id='line_1_44' title="bbox 403 3013 1966 3080; baseline 0 -11"><span class='ocrx_word' id='word_1_365' title='bbox 403 3026 857 3080; x_wconf 78' lang='lat' dir='ltr'><strong>enminemorans,</strong></span> <span class='ocrx_word' id='word_1_366' title='bbox 911 3014 1096 3067; x_wconf 87' lang='lat' dir='ltr'><strong>eadem</strong></span> <span class='ocrx_word' id='word_1_367' title='bbox 1139 3013 1350 3067; x_wconf 66' lang='lat' dir='ltr'><strong>Eterni</strong></span> <span class='ocrx_word' id='word_1_368' title='bbox 1390 3014 1828 3068; x_wconf 84' lang='lat' dir='ltr'><strong>denominatione</strong></span> <span class='ocrx_word' id='word_1_369' title='bbox 1875 3014 1966 3069; x_wconf 83' lang='lat' dir='ltr'><strong>Fi-</strong></span> 
     </span>
    </p>
   </div>
   <div class='ocr_carea' id='block_1_45' title="bbox 405 3102 1964 3172">
    <p class='ocr_par' dir='ltr' id='par_1_45' title="bbox 405 3102 1964 3172">
     <span class='ocr_line' id='line_1_45' title="bbox 405 3102 1964 3172; baseline 0.002 -16"><span class='ocrx_word' id='word_1_370' title='bbox 405 3104 536 3156; x_wconf 89' lang='lat' dir='ltr'><strong>lium</strong></span> <span class='ocrx_word' id='word_1_371' title='bbox 561 3118 775 3172; x_wconf 89' lang='lat' dir='ltr'><strong>quoque</strong></span> <span class='ocrx_word' id='word_1_372' title='bbox 811 3102 1047 3157; x_wconf 87' lang='lat' dir='ltr'><strong>celebrat</strong></span> <span class='ocrx_word' id='word_1_373' title='bbox 1087 3115 1306 3172; x_wconf 89' lang='lat' dir='ltr'><strong>pr0pter</strong></span> <span class='ocrx_word' id='word_1_374' title='bbox 1345 3103 1679 3157; x_wconf 88' lang='lat' dir='ltr'><strong>identitatem</strong></span> <span class='ocrx_word' id='word_1_375' title='bbox 1724 3105 1964 3160; x_wconf 88' lang='lat' dir='ltr'><strong>Deitatis.</strong></span> 
     </span>
    </p>
   </div>
   <div class='ocr_carea' id='block_1_46' title="bbox 408 3194 1966 3265">
    <p class='ocr_par' dir='ltr' id='par_1_46' title="bbox 408 3194 1966 3265">
     <span class='ocr_line' id='line_1_46' title="bbox 408 3194 1966 3265; baseline 0.003 -18"><span class='ocrx_word' id='word_1_376' title='bbox 408 3194 593 3250; x_wconf 68' lang='lat' dir='ltr'><strong>«Deus</strong></span> <span class='ocrx_word' id='word_1_377' title='bbox 634 3194 765 3265; x_wconf 88' lang='grc'>(66),</span> <span class='ocrx_word' id='word_1_378' title='bbox 816 3196 1010 3263; x_wconf 85' lang='lat' dir='ltr'><strong>inquit,</strong></span> <span class='ocrx_word' id='word_1_379' title='bbox 1061 3204 1115 3250; x_wconf 92' lang='lat' dir='ltr'><strong>et</strong></span> <span class='ocrx_word' id='word_1_380' title='bbox 1159 3194 1317 3248; x_wconf 80' lang='lat' dir='ltr'><strong>Pater</strong></span> <span class='ocrx_word' id='word_1_381' title='bbox 1372 3196 1581 3249; x_wconf 84' lang='lat' dir='ltr'><strong>Domini</strong></span> <span class='ocrx_word' id='word_1_382' title='bbox 1646 3197 1816 3250; x_wconf 86' lang='lat' dir='ltr'><strong>nostri</strong></span> <span class='ocrx_word' id='word_1_383' title='bbox 1841 3196 1966 3252; x_wconf 63' lang='lat' dir='ltr'><strong>Iesu</strong></span> 
     </span>
    </p>
   </div>
   <div class='ocr_carea' id='block_1_47' title="bbox 402 3286 1969 3355">
    <p class='ocr_par' dir='ltr' id='par_1_47' title="bbox 402 3286 1969 3355">
     <span class='ocr_line' id='line_1_47' title="bbox 402 3286 1969 3355; baseline 0.001 -14"><span class='ocrx_word' id='word_1_384' title='bbox 402 3286 605 3341; x_wconf 78' lang='lat' dir='ltr'><strong>Christi</strong></span> <span class='ocrx_word' id='word_1_385' title='bbox 658 3287 827 3353; x_wconf 89' lang='lat' dir='ltr'><strong>novit,</strong></span> <span class='ocrx_word' id='word_1_386' title='bbox 866 3287 958 3355; x_wconf 88' lang='lat' dir='ltr'><strong>qui</strong></span> <span class='ocrx_word' id='word_1_387' title='bbox 1003 3295 1086 3340; x_wconf 92' lang='lat' dir='ltr'><strong>est</strong></span> <span class='ocrx_word' id='word_1_388' title='bbox 1117 3287 1435 3340; x_wconf 87' lang='lat' dir='ltr'><strong>benedictus</strong></span> <span class='ocrx_word' id='word_1_389' title='bbox 1487 3287 1537 3339; x_wconf 94' lang='lat' dir='ltr'><strong>in</strong></span> <span class='ocrx_word' id='word_1_390' title='bbox 1583 3289 1805 3352; x_wconf 68' lang='lat' dir='ltr'><strong>saecula;</strong></span> <span class='ocrx_word' id='word_1_391' title='bbox 1855 3306 1873 3339; x_wconf 76' lang='grc' dir='ltr'><strong>ι</strong></span> <span class='ocrx_word' id='word_1_392' title='bbox 1914 3300 1969 3342; x_wconf 89' lang='lat' dir='ltr'><strong>et</strong></span> 
     </span>
    </p>
   </div>
   <div class='ocr_carea' id='block_1_48' title="bbox 404 3366 1967 3447">
    <p class='ocr_par' dir='ltr' id='par_1_48' title="bbox 404 3366 1967 3447">
     <span class='ocr_line' id='line_1_48' title="bbox 404 3366 1967 3447; baseline 0 -17"><span class='ocrx_word' id='word_1_393' title='bbox 404 3392 620 3439; x_wconf 72' lang='lat' dir='ltr'><strong>rursus:</strong></span> <span class='ocrx_word' id='word_1_394' title='bbox 641 3393 659 3428; x_wconf 77' lang='grc' dir='ltr'><strong>ι</strong></span> <span class='ocrx_word' id='word_1_395' title='bbox 679 3376 834 3431; x_wconf 86' lang='lat' dir='ltr'><strong>Jesus</strong></span> <span class='ocrx_word' id='word_1_396' title='bbox 858 3375 966 3447; x_wconf 86' lang='lat'><strong>(67)</strong></span> <span class='ocrx_word' id='word_1_397' title='bbox 997 3366 1368 3430; x_wconf 81' lang='lat' dir='ltr'><strong>Christusheri</strong></span> <span class='ocrx_word' id='word_1_398' title='bbox 1394 3385 1449 3429; x_wconf 86' lang='lat' dir='ltr'><strong>et</strong></span> <span class='ocrx_word' id='word_1_399' title='bbox 1484 3376 1663 3438; x_wconf 91' lang='lat' dir='ltr'><strong>hodie,</strong></span> <span class='ocrx_word' id='word_1_400' title='bbox 1689 3378 1824 3430; x_wconf 89' lang='lat' dir='ltr'><strong>idem</strong></span> <span class='ocrx_word' id='word_1_401' title='bbox 1848 3380 1967 3431; x_wconf 90' lang='lat' dir='ltr'><strong>etin</strong></span> 
     </span>
    </p>
   </div>
   <div class='ocr_carea' id='block_1_49' title="bbox 404 3466 1968 3537">
    <p class='ocr_par' dir='ltr' id='par_1_49' title="bbox 404 3466 1968 3537">
     <span class='ocr_line' id='line_1_49' title="bbox 404 3466 1968 3537; baseline 0 -14"><span class='ocrx_word' id='word_1_402' title='bbox 404 3470 618 3526; x_wconf 65' lang='lat' dir='ltr'><strong>satcula.</strong></span> <span class='ocrx_word' id='word_1_403' title='bbox 650 3488 670 3522; x_wconf 71' lang='grc' dir='ltr'><strong>ι</strong></span> <span class='ocrx_word' id='word_1_404' title='bbox 698 3466 814 3523; x_wconf 86' lang='grc' dir='ltr'>Νοιι</span> <span class='ocrx_word' id='word_1_405' title='bbox 851 3476 1075 3537; x_wconf 90' lang='lat' dir='ltr'><strong>possunt</strong></span> <span class='ocrx_word' id='word_1_406' title='bbox 1105 3476 1283 3522; x_wconf 90' lang='lat' dir='ltr'><strong>autem</strong></span> <span class='ocrx_word' id='word_1_407' title='bbox 1306 3507 1320 3531; x_wconf 93' lang='lat'><strong>,</strong></span> <span class='ocrx_word' id='word_1_408' title='bbox 1370 3482 1474 3521; x_wconf 92' lang='lat' dir='ltr'><strong>non</strong></span> <span class='ocrx_word' id='word_1_409' title='bbox 1526 3476 1753 3537; x_wconf 87' lang='lat' dir='ltr'><strong>possunt</strong></span> <span class='ocrx_word' id='word_1_410' title='bbox 1795 3469 1968 3524; x_wconf 89' lang='lat' dir='ltr'><strong>audiri</strong></span> 
     </span>
    </p>
   </div>
   <div class='ocr_carea' id='block_1_50' title="bbox 404 3560 1972 3631">
    <p class='ocr_par' dir='ltr' id='par_1_50' title="bbox 404 3560 1972 3631">
     <span class='ocr_line' id='line_1_50' title="bbox 404 3560 1972 3631; baseline 0.001 -17"><span class='ocrx_word' id='word_1_411' title='bbox 404 3577 467 3614; x_wconf 88' lang='lat' dir='ltr'><strong>ac</strong></span> <span class='ocrx_word' id='word_1_412' title='bbox 497 3562 644 3625; x_wconf 78' lang='lat' dir='ltr'><strong>ferri,</strong></span> <span class='ocrx_word' id='word_1_413' title='bbox 671 3576 789 3631; x_wconf 71' lang='lat' dir='ltr'><strong>quae</strong></span> <span class='ocrx_word' id='word_1_414' title='bbox 814 3569 1003 3616; x_wconf 89' lang='lat' dir='ltr'><strong>contra</strong></span> <span class='ocrx_word' id='word_1_415' title='bbox 1027 3560 1126 3615; x_wconf 91' lang='lat' dir='ltr'><strong>hoc</strong></span> <span class='ocrx_word' id='word_1_416' title='bbox 1156 3560 1318 3614; x_wconf 89' lang='lat' dir='ltr'><strong>etiam</strong></span> <span class='ocrx_word' id='word_1_417' title='bbox 1344 3560 1637 3629; x_wconf 88' lang='lat' dir='ltr'><strong>capitulum</strong></span> <span class='ocrx_word' id='word_1_418' title='bbox 1666 3569 1972 3616; x_wconf 88' lang='lat' dir='ltr'><strong>statuerunt</strong></span> 
     </span>
    </p>
   </div>
   <div class='ocr_carea' id='block_1_51' title="bbox 404 3649 1971 3721">
    <p class='ocr_par' dir='ltr' id='par_1_51' title="bbox 404 3649 1971 3721">
     <span class='ocr_line' id='line_1_51' title="bbox 404 3649 1971 3721; baseline 0.003 -20"><span class='ocrx_word' id='word_1_419' title='bbox 404 3651 494 3717; x_wconf 87' lang='lat' dir='ltr'><strong>qui</strong></span> <span class='ocrx_word' id='word_1_420' title='bbox 532 3665 659 3720; x_wconf 82' lang='lat' dir='ltr'><strong>erga</strong></span> <span class='ocrx_word' id='word_1_421' title='bbox 688 3652 988 3705; x_wconf 89' lang='lat' dir='ltr'><strong>testimonia</strong></span> <span class='ocrx_word' id='word_1_422' title='bbox 1023 3649 1261 3721; x_wconf 90' lang='lat' dir='ltr'><strong>Spiritus</strong></span> <span class='ocrx_word' id='word_1_423' title='bbox 1302 3651 1473 3705; x_wconf 90' lang='lat' dir='ltr'><strong>sancti</strong></span> <span class='ocrx_word' id='word_1_424' title='bbox 1518 3651 1851 3706; x_wconf 88' lang='lat' dir='ltr'><strong>divinitatem</strong></span> <span class='ocrx_word' id='word_1_425' title='bbox 1881 3654 1971 3705; x_wconf 88' lang='lat' dir='ltr'><strong>de-</strong></span> 
     </span>
    </p>
   </div>
   <div class='ocr_carea' id='block_1_52' title="bbox 404 3741 1970 3813">
    <p class='ocr_par' dir='ltr' id='par_1_52' title="bbox 404 3741 1970 3813">
     <span class='ocr_line' id='line_1_52' title="bbox 404 3741 1970 3813; baseline 0.002 -19"><span class='ocrx_word' id='word_1_426' title='bbox 404 3742 663 3796; x_wconf 82' lang='lat' dir='ltr'><strong>clarantia</strong></span> <span class='ocrx_word' id='word_1_427' title='bbox 691 3742 829 3798; x_wconf 87' lang='lat' dir='ltr'><strong>male</strong></span> <span class='ocrx_word' id='word_1_428' title='bbox 860 3742 1035 3798; x_wconf 78' lang='lat' dir='ltr'><strong>aﬂ‘ecti</strong></span> <span class='ocrx_word' id='word_1_429' title='bbox 1082 3754 1226 3797; x_wconf 85' lang='lat' dir='ltr'><strong>sunt.</strong></span> <span class='ocrx_word' id='word_1_430' title='bbox 1279 3741 1414 3796; x_wconf 83' lang='lat' dir='ltr'><strong>Nam</strong></span> <span class='ocrx_word' id='word_1_431' title='bbox 1449 3743 1517 3797; x_wconf 90' lang='lat' dir='ltr'><strong>ob</strong></span> <span class='ocrx_word' id='word_1_432' title='bbox 1546 3752 1970 3813; x_wconf 64' lang='lat' dir='ltr'><strong>prmoccupatam</strong></span> 
     </span>
    </p>
   </div>
   <div class='ocr_carea' id='block_1_53' title="bbox 408 3828 1971 3899">
    <p class='ocr_par' dir='ltr' id='par_1_53' title="bbox 408 3828 1971 3899">
     <span class='ocr_line' id='line_1_53' title="bbox 408 3828 1971 3899; baseline 0.004 -21"><span class='ocrx_word' id='word_1_433' title='bbox 408 3828 713 3897; x_wconf 72' lang='lat' dir='ltr'><strong>opinionem</strong></span> <span class='ocrx_word' id='word_1_434' title='bbox 763 3830 1084 3899; x_wconf 86' lang='lat' dir='ltr'><strong>semetipsos</strong></span> <span class='ocrx_word' id='word_1_435' title='bbox 1113 3832 1163 3885; x_wconf 91' lang='lat' dir='ltr'><strong>in</strong></span> <span class='ocrx_word' id='word_1_436' title='bbox 1203 3841 1357 3885; x_wconf 70' lang='lat' dir='ltr'><strong>terrae</strong></span> <span class='ocrx_word' id='word_1_437' title='bbox 1390 3833 1765 3887; x_wconf 83' lang='lat' dir='ltr'><strong>extremitates</strong></span> <span class='ocrx_word' id='word_1_438' title='bbox 1803 3833 1971 3887; x_wconf 90' lang='lat' dir='ltr'><strong>abdu-</strong></span> 
     </span>
    </p>
   </div>
   <div class='ocr_carea' id='block_1_54' title="bbox 402 3921 1971 3993">
    <p class='ocr_par' dir='ltr' id='par_1_54' title="bbox 402 3921 1971 3993">
     <span class='ocr_line' id='line_1_54' title="bbox 402 3921 1971 3993; baseline 0.002 -19"><span class='ocrx_word' id='word_1_439' title='bbox 402 3929 571 3974; x_wconf 91' lang='lat' dir='ltr'><strong>cunt:</strong></span> <span class='ocrx_word' id='word_1_440' title='bbox 603 3921 1037 3977; x_wconf 86' lang='lat' dir='ltr'><strong>inconsideratus</strong></span> <span class='ocrx_word' id='word_1_441' title='bbox 1079 3937 1208 3978; x_wconf 88' lang='lat' dir='ltr'><strong>vero</strong></span> <span class='ocrx_word' id='word_1_442' title='bbox 1241 3938 1393 3977; x_wconf 91' lang='lat' dir='ltr'><strong>amor</strong></span> <span class='ocrx_word' id='word_1_443' title='bbox 1432 3922 1741 3993; x_wconf 75' lang='lat' dir='ltr'><strong>diligentem</strong></span> <span class='ocrx_word' id='word_1_444' title='bbox 1770 3939 1879 3992; x_wconf 74' lang='lat' dir='ltr'><strong>prae</strong></span> <span class='ocrx_word' id='word_1_445' title='bbox 1913 3939 1971 3977; x_wconf 87' lang='lat' dir='ltr'><strong>se</strong></span> 
     </span>
    </p>
   </div>
   <div class='ocr_carea' id='block_1_55' title="bbox 403 4008 1971 4085">
    <p class='ocr_par' dir='ltr' id='par_1_55' title="bbox 403 4008 1971 4085">
     <span class='ocr_line' id='line_1_55' title="bbox 403 4008 1971 4085; baseline 0.003 -22"><span class='ocrx_word' id='word_1_446' title='bbox 403 4008 546 4064; x_wconf 79' lang='lat' dir='ltr'><strong>ferre</strong></span> <span class='ocrx_word' id='word_1_447' title='bbox 573 4026 676 4064; x_wconf 92' lang='lat' dir='ltr'><strong>non</strong></span> <span class='ocrx_word' id='word_1_448' title='bbox 709 4012 847 4066; x_wconf 90' lang='lat' dir='ltr'><strong>solet</strong></span> <span class='ocrx_word' id='word_1_449' title='bbox 880 4013 1307 4081; x_wconf 85' lang='lat' dir='ltr'><strong>inquisitionem.</strong></span> <span class='ocrx_word' id='word_1_450' title='bbox 1340 4013 1481 4067; x_wconf 81' lang='lat' dir='ltr'><strong>Nihil</strong></span> <span class='ocrx_word' id='word_1_451' title='bbox 1532 4024 1708 4068; x_wconf 90' lang='lat' dir='ltr'><strong>tamen</strong></span> <span class='ocrx_word' id='word_1_452' title='bbox 1748 4014 1971 4085; x_wconf 88' lang='lat' dir='ltr'><strong>impedit</strong></span> 
     </span>
    </p>
   </div>
   <div class='ocr_carea' id='block_1_56' title="bbox 405 4100 1973 4172">
    <p class='ocr_par' dir='ltr' id='par_1_56' title="bbox 405 4100 1973 4172">
     <span class='ocr_line' id='line_1_56' title="bbox 405 4100 1973 4172; baseline 0.004 -19"><span class='ocrx_word' id='word_1_453' title='bbox 405 4100 534 4168; x_wconf 89' lang='lat' dir='ltr'><strong>quin</strong></span> <span class='ocrx_word' id='word_1_454' title='bbox 561 4102 697 4155; x_wconf 88' lang='lat' dir='ltr'><strong>hanc</strong></span> <span class='ocrx_word' id='word_1_455' title='bbox 730 4103 898 4169; x_wconf 88' lang='lat' dir='ltr'><strong>ipsam</strong></span> <span class='ocrx_word' id='word_1_456' title='bbox 923 4104 1217 4172; x_wconf 87' lang='lat' dir='ltr'><strong>captiosam</strong></span> <span class='ocrx_word' id='word_1_457' title='bbox 1237 4107 1759 4172; x_wconf 79' lang='lat' dir='ltr'><strong>argumentationem</strong></span> <span class='ocrx_word' id='word_1_458' title='bbox 1784 4106 1973 4159; x_wconf 85' lang='lat' dir='ltr'><strong>audia-</strong></span> 
     </span>
    </p>
   </div>
   <div class='ocr_carea' id='block_1_57' title="bbox 407 4192 1973 4265">
    <p class='ocr_par' dir='ltr' id='par_1_57' title="bbox 407 4192 1973 4265">
     <span class='ocr_line' id='line_1_57' title="bbox 407 4192 1973 4265; baseline 0.004 -21"><span class='ocrx_word' id='word_1_459' title='bbox 407 4205 564 4245; x_wconf 87' lang='lat' dir='ltr'><strong>mus:</strong></span> <span class='ocrx_word' id='word_1_460' title='bbox 606 4192 684 4246; x_wconf 91' lang='lat' dir='ltr'><strong>sic</strong></span> <span class='ocrx_word' id='word_1_461' title='bbox 719 4194 863 4247; x_wconf 89' lang='lat' dir='ltr'><strong>enim</strong></span> <span class='ocrx_word' id='word_1_462' title='bbox 890 4194 1059 4262; x_wconf 87' lang='lat' dir='ltr'><strong>magis</strong></span> <span class='ocrx_word' id='word_1_463' title='bbox 1090 4194 1267 4247; x_wconf 89' lang='lat' dir='ltr'><strong>adhuc</strong></span> <span class='ocrx_word' id='word_1_464' title='bbox 1290 4195 1635 4250; x_wconf 88' lang='lat' dir='ltr'><strong>damnatione</strong></span> <span class='ocrx_word' id='word_1_465' title='bbox 1657 4196 1797 4265; x_wconf 82' lang='lat' dir='ltr'><strong>digni</strong></span> <span class='ocrx_word' id='word_1_466' title='bbox 1829 4196 1973 4251; x_wconf 74' lang='lat' dir='ltr'><strong>vide-</strong></span> 
     </span>
    </p>
   </div>
   <div class='ocr_carea' id='block_1_58' title="bbox 409 4283 1970 4357">
    <p class='ocr_par' dir='ltr' id='par_1_58' title="bbox 409 4283 1970 4357">
     <span class='ocr_line' id='line_1_58' title="bbox 409 4283 1970 4357; baseline 0.001 -19"><span class='ocrx_word' id='word_1_467' title='bbox 409 4283 629 4338; x_wconf 87' lang='lat' dir='ltr'><strong>buntur.</strong></span> <span class='ocrx_word' id='word_1_468' title='bbox 677 4284 768 4340; x_wconf 91' lang='lat' dir='ltr'><strong>Sic</strong></span> <span class='ocrx_word' id='word_1_469' title='bbox 805 4285 968 4354; x_wconf 80' lang='lat' dir='ltr'><strong>igitur</strong></span> <span class='ocrx_word' id='word_1_470' title='bbox 993 4301 1055 4339; x_wconf 90' lang='lat' dir='ltr'><strong>ea</strong></span> <span class='ocrx_word' id='word_1_471' title='bbox 1083 4301 1141 4341; x_wconf 91' lang='lat' dir='ltr'><strong>se</strong></span> <span class='ocrx_word' id='word_1_472' title='bbox 1175 4286 1334 4341; x_wconf 84' lang='lat' dir='ltr'><strong>habet</strong></span> <span class='ocrx_word' id='word_1_473' title='bbox 1358 4306 1371 4339; x_wconf 89' lang='lat'><strong>:</strong></span> <span class='ocrx_word' id='word_1_474' title='bbox 1399 4285 1455 4340; x_wconf 91' lang='lat' dir='ltr'><strong>Si</strong></span> <span class='ocrx_word' id='word_1_475' title='bbox 1484 4287 1612 4357; x_wconf 89' lang='lat' dir='ltr'><strong>quid</strong></span> <span class='ocrx_word' id='word_1_476' title='bbox 1640 4288 1970 4357; x_wconf 81' lang='lat' dir='ltr'><strong>homonyme</strong></span> 
     </span>
    </p>
   </div>
   <div class='ocr_carea' id='block_1_59' title="bbox 404 4374 1969 4449">
    <p class='ocr_par' dir='ltr' id='par_1_59' title="bbox 404 4374 1969 4449">
     <span class='ocr_line' id='line_1_59' title="bbox 404 4374 1969 4449; baseline 0.006 -24"><span class='ocrx_word' id='word_1_477' title='bbox 404 4379 664 4426; x_wconf 65' lang='lat' dir='ltr'><strong>aeternum</strong></span> <span class='ocrx_word' id='word_1_478' title='bbox 695 4386 939 4429; x_wconf 87' lang='lat' dir='ltr'><strong>vocatum</strong></span> <span class='ocrx_word' id='word_1_479' title='bbox 969 4374 1086 4440; x_wconf 75' lang='lat' dir='ltr'><strong>fuit,</strong></span> <span class='ocrx_word' id='word_1_480' title='bbox 1119 4392 1221 4431; x_wconf 89' lang='lat' dir='ltr'><strong>non</strong></span> <span class='ocrx_word' id='word_1_481' title='bbox 1264 4378 1522 4431; x_wconf 89' lang='lat' dir='ltr'><strong>continuo</strong></span> <span class='ocrx_word' id='word_1_482' title='bbox 1558 4378 1697 4432; x_wconf 91' lang='lat' dir='ltr'><strong>Deus</strong></span> <span class='ocrx_word' id='word_1_483' title='bbox 1731 4379 1833 4432; x_wconf 86' lang='lat' dir='ltr'><strong>dici</strong></span> <span class='ocrx_word' id='word_1_484' title='bbox 1872 4394 1969 4449; x_wconf 84' lang='lat' dir='ltr'><strong>po-</strong></span> 
     </span>
    </p>
   </div>
   <div class='ocr_carea' id='block_1_60' title="bbox 407 4466 1969 4538">
    <p class='ocr_par' dir='ltr' id='par_1_60' title="bbox 407 4466 1969 4538">
     <span class='ocr_line' id='line_1_60' title="bbox 407 4466 1969 4538; baseline 0.005 -21"><span class='ocrx_word' id='word_1_485' title='bbox 407 4473 547 4519; x_wconf 88' lang='lat' dir='ltr'><strong>test:</strong></span> <span class='ocrx_word' id='word_1_486' title='bbox 577 4469 668 4521; x_wconf 91' lang='lat' dir='ltr'><strong>sed</strong></span> <span class='ocrx_word' id='word_1_487' title='bbox 724 4466 815 4536; x_wconf 90' lang='lat' dir='ltr'><strong>qui</strong></span> <span class='ocrx_word' id='word_1_488' title='bbox 877 4469 1016 4523; x_wconf 89' lang='lat' dir='ltr'><strong>Deus</strong></span> <span class='ocrx_word' id='word_1_489' title='bbox 1062 4479 1166 4532; x_wconf 89' lang='lat' dir='ltr'><strong>est,</strong></span> <span class='ocrx_word' id='word_1_490' title='bbox 1196 4470 1239 4524; x_wconf 91' lang='lat' dir='ltr'><strong>is</strong></span> <span class='ocrx_word' id='word_1_491' title='bbox 1286 4470 1498 4523; x_wconf 90' lang='lat' dir='ltr'><strong>illorum</strong></span> <span class='ocrx_word' id='word_1_492' title='bbox 1547 4485 1669 4538; x_wconf 70' lang='lat' dir='ltr'><strong>quae</strong></span> <span class='ocrx_word' id='word_1_493' title='bbox 1718 4471 1969 4526; x_wconf 87' lang='lat' dir='ltr'><strong>dicuntur</strong></span> 
     </span>
    </p>
   </div>
   <div class='ocr_carea' id='block_1_61' title="bbox 405 4556 1987 4635">
    <p class='ocr_par' dir='ltr' id='par_1_61' title="bbox 405 4556 1987 4635">
     <span class='ocr_line' id='line_1_61' title="bbox 405 4556 1987 4635; baseline 0.004 -24"><span class='ocrx_word' id='word_1_494' title='bbox 405 4566 627 4625; x_wconf 65' lang='lat' dir='ltr'><strong>aeterna,</strong></span> <span class='ocrx_word' id='word_1_495' title='bbox 669 4569 995 4616; x_wconf 86' lang='lat' dir='ltr'><strong>creatorest.</strong></span> <span class='ocrx_word' id='word_1_496' title='bbox 1027 4561 1295 4633; x_wconf 91' lang='lat' dir='ltr'><strong>Scriptum</strong></span> <span class='ocrx_word' id='word_1_497' title='bbox 1320 4563 1458 4617; x_wconf 89' lang='lat' dir='ltr'><strong>enim</strong></span> <span class='ocrx_word' id='word_1_498' title='bbox 1488 4563 1586 4617; x_wconf 81' lang='lat' dir='ltr'><strong>fuit</strong></span> <span class='ocrx_word' id='word_1_499' title='bbox 1617 4562 1753 4635; x_wconf 88' lang='lat'><strong>(68),</strong></span> <span class='ocrx_word' id='word_1_500' title='bbox 1779 4582 1797 4615; x_wconf 79' lang='grc' dir='ltr'><strong>ι</strong></span> <span class='ocrx_word' id='word_1_501' title='bbox 1833 4556 1987 4618; x_wconf 48' lang='lat' dir='ltr'><strong>tem:</strong></span> 
     </span>
    </p>
   </div>
   <div class='ocr_carea' id='block_1_62' title="bbox 406 4650 1969 4717">
    <p class='ocr_par' dir='ltr' id='par_1_62' title="bbox 406 4650 1969 4717">
     <span class='ocr_line' id='line_1_62' title="bbox 406 4650 1969 4717; baseline 0.005 -18"><span class='ocrx_word' id='word_1_502' title='bbox 406 4663 593 4717; x_wconf 90' lang='lat' dir='ltr'><strong>porum</strong></span> <span class='ocrx_word' id='word_1_503' title='bbox 627 4658 681 4703; x_wconf 89' lang='lat' dir='ltr'><strong>et</strong></span> <span class='ocrx_word' id='word_1_504' title='bbox 707 4650 1023 4705; x_wconf 67' lang='lat' dir='ltr'><strong>saeculorum</strong></span> <span class='ocrx_word' id='word_1_505' title='bbox 1050 4652 1305 4705; x_wconf 86' lang='lat' dir='ltr'><strong>factorem</strong></span> <span class='ocrx_word' id='word_1_506' title='bbox 1346 4666 1463 4706; x_wconf 87' lang='lat' dir='ltr'><strong>esse</strong></span> <span class='ocrx_word' id='word_1_507' title='bbox 1480 4653 1674 4717; x_wconf 88' lang='lat' dir='ltr'><strong>Deum;</strong></span> <span class='ocrx_word' id='word_1_508' title='bbox 1715 4672 1733 4704; x_wconf 80' lang='grc' dir='ltr'><strong>ι</strong></span> <span class='ocrx_word' id='word_1_509' title='bbox 1764 4663 1817 4707; x_wconf 90' lang='lat' dir='ltr'><strong>et</strong></span> <span class='ocrx_word' id='word_1_510' title='bbox 1849 4668 1969 4707; x_wconf 92' lang='lat' dir='ltr'><strong>rur-</strong></span> 
     </span>
    </p>
   </div>
   <div class='ocr_carea' id='block_1_63' title="bbox 402 4737 1975 4813">
    <p class='ocr_par' dir='ltr' id='par_1_63' title="bbox 402 4737 1975 4813">
     <span class='ocr_line' id='line_1_63' title="bbox 402 4737 1975 4813; baseline 0.005 -20"><span class='ocrx_word' id='word_1_511' title='bbox 402 4753 522 4793; x_wconf 86' lang='lat' dir='ltr'><strong>sus:</strong></span> <span class='ocrx_word' id='word_1_512' title='bbox 548 4758 565 4790; x_wconf 73' lang='grc' dir='ltr'><strong>ι</strong></span> <span class='ocrx_word' id='word_1_513' title='bbox 595 4737 939 4795; x_wconf 76' lang='lat' dir='ltr'><strong>Multifariam</strong></span> <span class='ocrx_word' id='word_1_514' title='bbox 987 4740 1097 4812; x_wconf 90' lang='lat'><strong>(69)</strong></span> <span class='ocrx_word' id='word_1_515' title='bbox 1152 4743 1446 4813; x_wconf 84' lang='lat' dir='ltr'><strong>multisque</strong></span> <span class='ocrx_word' id='word_1_516' title='bbox 1482 4746 1653 4802; x_wconf 91' lang='lat' dir='ltr'><strong>modis</strong></span> <span class='ocrx_word' id='word_1_517' title='bbox 1692 4746 1817 4801; x_wconf 88' lang='lat' dir='ltr'><strong>olim</strong></span> <span class='ocrx_word' id='word_1_518' title='bbox 1836 4748 1975 4801; x_wconf 90' lang='lat' dir='ltr'><strong>Deus</strong></span> 
     </span>
    </p>
   </div>
   <div class='ocr_carea' id='block_1_64' title="bbox 476 4917 1557 4988">
    <p class='ocr_par' dir='ltr' id='par_1_64' title="bbox 476 4917 1557 4988">
     <span class='ocr_line' id='line_1_64' title="bbox 476 4917 1557 4988; baseline 0.011 -19"><span class='ocrx_word' id='word_1_519' title='bbox 476 4917 585 4983; x_wconf 75' lang='lat'><strong>(59)</strong></span> <span class='ocrx_word' id='word_1_520' title='bbox 629 4919 1041 4988; x_wconf 83' lang='lat' dir='ltr'><strong>lncorruptibili.</strong></span> <span class='ocrx_word' id='word_1_521' title='bbox 1070 4919 1088 4973; x_wconf 91' lang='lat' dir='ltr'><strong>l</strong></span> <span class='ocrx_word' id='word_1_522' title='bbox 1120 4922 1184 4975; x_wconf 90' lang='lat' dir='ltr'><strong>ad</strong></span> <span class='ocrx_word' id='word_1_523' title='bbox 1215 4922 1354 4977; x_wconf 86' lang='lat' dir='ltr'><strong>Tim.</strong></span> <span class='ocrx_word' id='word_1_524' title='bbox 1400 4941 1438 4988; x_wconf 87' lang='grc' dir='ltr'><strong>ι,</strong></span> <span class='ocrx_word' id='word_1_525' title='bbox 1476 4926 1557 4981; x_wconf 81' lang='grc'><strong>17.</strong></span> 
     </span>
    </p>
   </div>
   <div class='ocr_carea' id='block_1_65' title="bbox 475 4989 1486 5055">
    <p class='ocr_par' dir='ltr' id='par_1_65' title="bbox 475 4989 1486 5055">
     <span class='ocr_line' id='line_1_65' title="bbox 475 4989 1486 5055; baseline 0.011 -16"><span class='ocrx_word' id='word_1_526' title='bbox 475 4989 585 5055; x_wconf 78' lang='grc'>(60)</span> <span class='ocrx_word' id='word_1_527' title='bbox 629 4989 705 5041; x_wconf 87' lang='lat' dir='ltr'><strong>Tu</strong></span> <span class='ocrx_word' id='word_1_528' title='bbox 734 4999 926 5043; x_wconf 84' lang='lat' dir='ltr'><strong>autem.</strong></span> <span class='ocrx_word' id='word_1_529' title='bbox 964 4989 1103 5045; x_wconf 88' lang='lat' dir='ltr'><strong>Psal.</strong></span> <span class='ocrx_word' id='word_1_530' title='bbox 1132 5006 1204 5054; x_wconf 85' lang='lat' dir='ltr'><strong>Cl,</strong></span> <span class='ocrx_word' id='word_1_531' title='bbox 1230 5008 1370 5049; x_wconf 87' lang='lat' dir='ltr'><strong>vers.</strong></span> <span class='ocrx_word' id='word_1_532' title='bbox 1402 4996 1486 5049; x_wconf 79' lang='grc'><strong>15.</strong></span> 
     </span>
    </p>
   </div>
   <div class='ocr_carea' id='block_1_66' title="bbox 472 5057 1972 5179">
    <p class='ocr_par' dir='ltr' id='par_1_66' title="bbox 472 5057 1972 5179">
     <span class='ocr_line' id='line_1_66' title="bbox 472 5057 1972 5179; baseline 0.009 -69"><span class='ocrx_word' id='word_1_533' title='bbox 472 5057 801 5179; x_wconf 49' lang='grc' dir='ltr'><strong>(ρίὲὸιηὶιίο.</strong></span> <span class='ocrx_word' id='word_1_534' title='bbox 856 5059 994 5113; x_wconf 82' lang='lat' dir='ltr'><strong>Psal.</strong></span> <span class='ocrx_word' id='word_1_535' title='bbox 1040 5076 1113 5126; x_wconf 84' lang='lat' dir='ltr'><strong>Cl,</strong></span> <span class='ocrx_word' id='word_1_536' title='bbox 1163 5078 1303 5119; x_wconf 83' lang='lat' dir='ltr'><strong>vers.</strong></span> <span class='ocrx_word' id='word_1_537' title='bbox 1342 5065 1530 5120; x_wconf 69' lang='lat'><strong>26-28.</strong></span> <span class='ocrx_word' id='word_1_538' title='bbox 1555 5066 1687 5121; x_wconf 89' lang='lat' dir='ltr'><strong>Vide</strong></span> <span class='ocrx_word' id='word_1_539' title='bbox 1728 5076 1834 5123; x_wconf 90' lang='lat' dir='ltr'><strong>not.</strong></span> <span class='ocrx_word' id='word_1_540' title='bbox 1880 5067 1972 5134; x_wconf 70' lang='grc'><strong>46,</strong></span> 
     </span>
    </p>
   </div>
   <div class='ocr_carea' id='block_1_67' title="bbox 405 5142 641 5189">
    <p class='ocr_par' dir='ltr' id='par_1_67' title="bbox 405 5142 641 5189">
     <span class='ocr_line' id='line_1_67' title="bbox 405 5142 641 5189; baseline 0.008 -10"><span class='ocrx_word' id='word_1_541' title='bbox 405 5142 523 5189; x_wconf 67' lang='lat' dir='ltr'><strong>thg.</strong></span> <span class='ocrx_word' id='word_1_542' title='bbox 553 5142 641 5181; x_wconf 69' lang='grc' dir='ltr'><strong>οὶ).</strong></span> 
     </span>
    </p>
   </div>
   <div class='ocr_carea' id='block_1_68' title="bbox 477 5194 1970 5275">
    <p class='ocr_par' dir='ltr' id='par_1_68' title="bbox 477 5194 1970 5275">
     <span class='ocr_line' id='line_1_68' title="bbox 477 5194 1970 5275; baseline 0.01 -28"><span class='ocrx_word' id='word_1_543' title='bbox 477 5194 926 5275; x_wconf 31' lang='lat' dir='ltr'><strong>(62)A(A.&#39;a_pitulo’._</strong></span> <span class='ocrx_word' id='word_1_544' title='bbox 954 5198 1214 5275; x_wconf 77' lang='lat' dir='ltr'><strong>Nimirum</strong></span> <span class='ocrx_word' id='word_1_545' title='bbox 1239 5207 1600 5275; x_wconf 73' lang='lat' dir='ltr'><strong>paragrapho</strong></span> <span class='ocrx_word' id='word_1_546' title='bbox 1654 5207 1933 5275; x_wconf 89' lang='lat' dir='ltr'><strong>superiore</strong></span> <span class='ocrx_word' id='word_1_547' title='bbox 1955 5249 1970 5274; x_wconf 96' lang='lat'><strong>,</strong></span> 
     </span>
    </p>
   </div>
   <div class='ocr_carea' id='block_1_69' title="bbox 404 5265 1972 5346">
    <p class='ocr_par' dir='ltr' id='par_1_69' title="bbox 404 5265 1972 5346">
     <span class='ocr_line' id='line_1_69' title="bbox 404 5265 1972 5346; baseline 0.009 -29"><span class='ocrx_word' id='word_1_548' title='bbox 404 5280 568 5346; x_wconf 56' lang='lat' dir='ltr'><strong>sequ):</strong></span> <span class='ocrx_word' id='word_1_549' title='bbox 596 5265 664 5320; x_wconf 91' lang='grc'><strong>66</strong></span> <span class='ocrx_word' id='word_1_550' title='bbox 691 5267 739 5331; x_wconf 89' lang='lat' dir='ltr'><strong>b,</strong></span> <span class='ocrx_word' id='word_1_551' title='bbox 784 5280 839 5322; x_wconf 88' lang='lat' dir='ltr'><strong>et</strong></span> <span class='ocrx_word' id='word_1_552' title='bbox 862 5268 926 5322; x_wconf 87' lang='lat'><strong>67</strong></span> <span class='ocrx_word' id='word_1_553' title='bbox 961 5285 1012 5321; x_wconf 88' lang='grc' dir='ltr'>α.</span> <span class='ocrx_word' id='word_1_554' title='bbox 1042 5265 1283 5327; x_wconf 79' lang='lat' dir='ltr'><strong>Notanda</strong></span> <span class='ocrx_word' id='word_1_555' title='bbox 1317 5265 1429 5329; x_wconf 60' lang='lat' dir='ltr'><strong>hate</strong></span> <span class='ocrx_word' id='word_1_556' title='bbox 1457 5265 1782 5346; x_wconf 78' lang='lat' dir='ltr'><strong>signiﬁcatio</strong></span> <span class='ocrx_word' id='word_1_557' title='bbox 1804 5265 1972 5344; x_wconf 65' lang='lat' dir='ltr'><strong>vocis,</strong></span> 
     </span>
    </p>
   </div>
   <div class='ocr_carea' id='block_1_70' title="bbox 403 5334 716 5402">
    <p class='ocr_par' dir='ltr' id='par_1_70' title="bbox 403 5334 716 5402">
     <span class='ocr_line' id='line_1_70' title="bbox 403 5334 716 5402; baseline 0 -13"><span class='ocrx_word' id='word_1_558' title='bbox 403 5334 716 5402; x_wconf 76' lang='grc' dir='ltr'>κεφάλαιον.</span> 
     </span>
    </p>
   </div>
   <div class='ocr_carea' id='block_1_71' title="bbox 474 5406 1976 5486">
    <p class='ocr_par' dir='ltr' id='par_1_71' title="bbox 474 5406 1976 5486">
     <span class='ocr_line' id='line_1_71' title="bbox 474 5406 1976 5486; baseline 0.009 -29"><span class='ocrx_word' id='word_1_559' title='bbox 474 5406 587 5486; x_wconf 51' lang='lat' dir='ltr'><strong>(ob)</strong></span> <span class='ocrx_word' id='word_1_560' title='bbox 619 5406 694 5459; x_wconf 80' lang='lat' dir='ltr'><strong><em>El</em></strong></span> <span class='ocrx_word' id='word_1_561' title='bbox 707 5424 809 5486; x_wconf 61' lang='grc' dir='ltr'><strong>μοι</strong></span> <span class='ocrx_word' id='word_1_562' title='bbox 824 5408 1205 5486; x_wconf 64' lang='lat' dir='ltr'><strong>exelaqto&#39;ﬂs.</strong></span> <span class='ocrx_word' id='word_1_563' title='bbox 1224 5411 1440 5486; x_wconf 80' lang='lat' dir='ltr'><strong>Legisse</strong></span> <span class='ocrx_word' id='word_1_564' title='bbox 1477 5414 1680 5470; x_wconf 87' lang='lat' dir='ltr'><strong>videtur</strong></span> <span class='ocrx_word' id='word_1_565' title='bbox 1705 5416 1976 5486; x_wconf 74' lang='lat' dir='ltr'><strong>interpres</strong></span> 
     </span>
    </p>
   </div>
   <div class='ocr_carea' id='block_1_72' title="bbox 400 5474 1969 5553">
    <p class='ocr_par' dir='ltr' id='par_1_72' title="bbox 400 5474 1969 5553">
     <span class='ocr_line' id='line_1_72' title="bbox 400 5474 1969 5553; baseline 0.009 -27"><span class='ocrx_word' id='word_1_566' title='bbox 400 5474 451 5527; x_wconf 83' lang='grc' dir='ltr'><strong>εί</strong></span> <span class='ocrx_word' id='word_1_567' title='bbox 487 5475 582 5553; x_wconf 75' lang='grc' dir='ltr'><strong>μή,</strong></span> <span class='ocrx_word' id='word_1_568' title='bbox 627 5474 723 5553; x_wconf 84' lang='lat' dir='ltr'><strong>pro</strong></span> <span class='ocrx_word' id='word_1_569' title='bbox 756 5477 810 5553; x_wconf 68' lang='grc' dir='ltr'>εζ</span> <span class='ocrx_word' id='word_1_570' title='bbox 856 5496 964 5553; x_wconf 79' lang='lat' dir='ltr'><strong>p.0_t.</strong></span> <span class='ocrx_word' id='word_1_571' title='bbox 1014 5478 1150 5550; x_wconf 84' lang='lat' dir='ltr'><strong>Lege</strong></span> <span class='ocrx_word' id='word_1_572' title='bbox 1193 5474 1503 5551; x_wconf 71' lang='grc' dir='ltr'>ἐπέπεισθε,</span> <span class='ocrx_word' id='word_1_573' title='bbox 1556 5488 1638 5540; x_wconf 85' lang='lat' dir='ltr'><strong>vel</strong></span> <span class='ocrx_word' id='word_1_574' title='bbox 1685 5474 1969 5553; x_wconf 70' lang='grc' dir='ltr'>πέπεισθε,</span> 
     </span>
    </p>
   </div>
   <div class='ocr_carea' id='block_1_73' title="bbox 400 5547 1063 5616">
    <p class='ocr_par' dir='ltr' id='par_1_73' title="bbox 400 5547 1063 5616">
     <span class='ocr_line' id='line_1_73' title="bbox 400 5547 1063 5616; baseline 0.012 -19"><span class='ocrx_word' id='word_1_575' title='bbox 400 5559 501 5616; x_wconf 87' lang='lat' dir='ltr'><strong>pro</strong></span> <span class='ocrx_word' id='word_1_576' title='bbox 535 5547 868 5602; x_wconf 70' lang='grc' dir='ltr'>ὲπείποισοεζ</span> <span class='ocrx_word' id='word_1_577' title='bbox 905 5550 1063 5605; x_wconf 85' lang='lat' dir='ltr'><strong>EDI&#39;I&#39;.</strong></span> 
     </span>
    </p>
   </div>
   <div class='ocr_carea' id='block_1_74' title="bbox 499 5616 1209 5685">
    <p class='ocr_par' dir='ltr' id='par_1_74' title="bbox 499 5616 1209 5685">
     <span class='ocr_line' id='line_1_74' title="bbox 499 5616 1209 5685; baseline 0.01 -16"><span class='ocrx_word' id='word_1_578' title='bbox 499 5616 587 5685; x_wconf 74' lang='grc'>64)</span> <span class='ocrx_word' id='word_1_579' title='bbox 637 5616 761 5681; x_wconf 79' lang='lat' dir='ltr'><strong>Qui.</strong></span> <span class='ocrx_word' id='word_1_580' title='bbox 808 5619 969 5673; x_wconf 81' lang='lat' dir='ltr'><strong>Hebr.</strong></span> <span class='ocrx_word' id='word_1_581' title='bbox 1009 5633 1087 5685; x_wconf 81' lang='lat' dir='ltr'><strong>Ix,</strong></span> <span class='ocrx_word' id='word_1_582' title='bbox 1122 5621 1209 5676; x_wconf 79' lang='lat' dir='ltr'><strong>M.</strong></span> 
     </span>
    </p>
   </div>
   <div class='ocr_carea' id='block_1_75' title="bbox 475 5616 1971 5764">
    <p class='ocr_par' dir='ltr' id='par_1_75' title="bbox 475 5616 1971 5764">
     <span class='ocr_line' id='line_1_75' title="bbox 499 5616 1549 5685; baseline 0.01 -16"><span class='ocrx_word' id='word_1_583' title='bbox 499 5616 565 5669; x_wconf 74' lang='grc'>64</span> <span class='ocrx_word' id='word_1_584' title='bbox 637 5616 761 5681; x_wconf 79' lang='lat' dir='ltr'><strong>Qui.</strong></span> <span class='ocrx_word' id='word_1_585' title='bbox 808 5619 969 5673; x_wconf 81' lang='lat' dir='ltr'><strong>Hebr.</strong></span> <span class='ocrx_word' id='word_1_586' title='bbox 1009 5633 1087 5685; x_wconf 81' lang='lat' dir='ltr'><strong>Ix,</strong></span> <span class='ocrx_word' id='word_1_587' title='bbox 1122 5621 1209 5676; x_wconf 79' lang='lat' dir='ltr'><strong>M.</strong></span> <span class='ocrx_word' id='word_1_588' title='bbox 1540 5616 1549 5619; x_wconf 14' lang='lat'>5</span> 
     </span>
     <span class='ocr_line' id='line_1_76' title="bbox 475 5616 1971 5764; baseline 0.008 -24"><span class='ocrx_word' id='word_1_589' title='bbox 475 5616 587 5758; x_wconf 53' lang='grc'>(63)</span> <span class='ocrx_word' id='word_1_590' title='bbox 630 5685 873 5744; x_wconf 84' lang='lat' dir='ltr'><strong>Verbum.</strong></span> <span class='ocrx_word' id='word_1_591' title='bbox 910 5689 1081 5759; x_wconf 85' lang='lat' dir='ltr'><strong>Epist.</strong></span> <span class='ocrx_word' id='word_1_592' title='bbox 1124 5693 1140 5746; x_wconf 92' lang='grc'><strong>1</strong></span> <span class='ocrx_word' id='word_1_593' title='bbox 1173 5692 1318 5748; x_wconf 88' lang='lat' dir='ltr'><strong>Petr.</strong></span> <span class='ocrx_word' id='word_1_594' title='bbox 1359 5711 1396 5760; x_wconf 87' lang='grc' dir='ltr'><strong>ι,</strong></span> <span class='ocrx_word' id='word_1_595' title='bbox 1431 5694 1519 5751; x_wconf 78' lang='lat'><strong>‘25.</strong></span> <span class='ocrx_word' id='word_1_596' title='bbox 1564 5696 1691 5753; x_wconf 88' lang='lat' dir='ltr'><strong>Vide</strong></span> <span class='ocrx_word' id='word_1_597' title='bbox 1719 5706 1832 5755; x_wconf 92' lang='lat' dir='ltr'><strong>not.</strong></span> <span class='ocrx_word' id='word_1_598' title='bbox 1879 5699 1971 5764; x_wconf 68' lang='lat'><strong>22,</strong></span> 
     </span>
    </p>
   </div>
   <div class='ocr_carea' id='block_1_76' title="bbox 2073 1729 3632 1802">
    <p class='ocr_par' dir='ltr' id='par_1_76' title="bbox 2073 1729 3632 1802">
     <span class='ocr_line' id='line_1_77' title="bbox 2073 1729 3632 1802; baseline -0.001 -20"><span class='ocrx_word' id='word_1_599' title='bbox 2073 1731 2216 1800; x_wconf 76' lang='grc' dir='ltr'>ἔχειν</span> <span class='ocrx_word' id='word_1_600' title='bbox 2243 1731 2569 1802; x_wconf 86' lang='grc' dir='ltr'>δημιουργὸν</span> <span class='ocrx_word' id='word_1_601' title='bbox 2602 1731 2697 1784; x_wconf 78' lang='grc' dir='ltr'>καὶ</span> <span class='ocrx_word' id='word_1_602' title='bbox 2720 1731 2921 1799; x_wconf 82' lang='grc' dir='ltr'>ἀγαθὸν</span> <span class='ocrx_word' id='word_1_603' title='bbox 2947 1731 3168 1801; x_wconf 80' lang='grc' dir='ltr'><strong>Πνεῦμα</strong></span> <span class='ocrx_word' id='word_1_604' title='bbox 3198 1729 3293 1784; x_wconf 89' lang='grc' dir='ltr'><strong>τοῦ</strong></span> <span class='ocrx_word' id='word_1_605' title='bbox 3327 1729 3491 1793; x_wconf 86' lang='grc' dir='ltr'>Θεοῦ,</span> <span class='ocrx_word' id='word_1_606' title='bbox 3520 1732 3632 1783; x_wconf 72' lang='grc' dir='ltr'>πάν-</span> 
     </span>
    </p>
   </div>
   <div class='ocr_carea' id='block_1_77' title="bbox 2072 1824 3633 1897">
    <p class='ocr_par' dir='ltr' id='par_1_77' title="bbox 2072 1824 3633 1897">
     <span class='ocr_line' id='line_1_78' title="bbox 2072 1824 3633 1897; baseline 0.001 -21"><span class='ocrx_word' id='word_1_607' title='bbox 2072 1841 2138 1876; x_wconf 87' lang='grc' dir='ltr'><strong>τα</strong></span> <span class='ocrx_word' id='word_1_608' title='bbox 2164 1824 2418 1895; x_wconf 79' lang='grc' dir='ltr'>ἐνεργοῦν</span> <span class='ocrx_word' id='word_1_609' title='bbox 2450 1825 2702 1887; x_wconf 82' lang='grc' dir='ltr'>αἰωνίως,</span> <span class='ocrx_word' id='word_1_610' title='bbox 2734 1826 2828 1877; x_wconf 75' lang='grc' dir='ltr'><strong>καὶ</strong></span> <span class='ocrx_word' id='word_1_611' title='bbox 2864 1824 3057 1878; x_wconf 78' lang='grc' dir='ltr'>οὔποτε</span> <span class='ocrx_word' id='word_1_612' title='bbox 3086 1826 3185 1896; x_wconf 82' lang='grc' dir='ltr'><strong>μὲν</strong></span> <span class='ocrx_word' id='word_1_613' title='bbox 3218 1825 3348 1879; x_wconf 74' lang='grc' dir='ltr'>αὐτὸ</span> <span class='ocrx_word' id='word_1_614' title='bbox 3384 1826 3633 1897; x_wconf 78' lang='grc' dir='ltr'>περατού-</span> 
     </span>
    </p>
   </div>
   <div class='ocr_carea' id='block_1_78' title="bbox 2077 1913 3634 1988">
    <p class='ocr_par' dir='ltr' id='par_1_78' title="bbox 2077 1913 3634 1988">
     <span class='ocr_line' id='line_1_79' title="bbox 2077 1913 3634 1988; baseline 0.001 -20"><span class='ocrx_word' id='word_1_615' title='bbox 2077 1933 2257 1986; x_wconf 89' lang='grc' dir='ltr'>μενον,</span> <span class='ocrx_word' id='word_1_616' title='bbox 2284 1916 2390 1968; x_wconf 88' lang='grc' dir='ltr'><strong>τῶν</strong></span> <span class='ocrx_word' id='word_1_617' title='bbox 2422 1914 2466 1968; x_wconf 83' lang='grc' dir='ltr'><strong>δ’</strong></span> <span class='ocrx_word' id='word_1_618' title='bbox 2497 1916 2588 1967; x_wconf 82' lang='grc' dir='ltr'>ὑπ’</span> <span class='ocrx_word' id='word_1_619' title='bbox 2620 1915 2784 1968; x_wconf 83' lang='grc' dir='ltr'>αὐτοῦ</span> <span class='ocrx_word' id='word_1_620' title='bbox 2821 1916 3126 1985; x_wconf 81' lang='grc' dir='ltr'>γενομένων</span> <span class='ocrx_word' id='word_1_621' title='bbox 3166 1917 3469 1988; x_wconf 82' lang='grc' dir='ltr'>δυνάμενον</span> <span class='ocrx_word' id='word_1_622' title='bbox 3517 1913 3634 1969; x_wconf 74' lang='grc' dir='ltr'>εἷναι</span> 
     </span>
    </p>
   </div>
   <div class='ocr_carea' id='block_1_79' title="bbox 2074 2006 3637 2079">
    <p class='ocr_par' dir='ltr' id='par_1_79' title="bbox 2074 2006 3637 2079">
     <span class='ocr_line' id='line_1_80' title="bbox 2074 2006 3637 2079; baseline 0.002 -20"><span class='ocrx_word' id='word_1_623' title='bbox 2074 2007 2468 2078; x_wconf 84' lang='grc' dir='ltr'>περατωτικὸν,</span> <span class='ocrx_word' id='word_1_624' title='bbox 2506 2006 2675 2078; x_wconf 81' lang='grc' dir='ltr'>ταύτῃ</span> <span class='ocrx_word' id='word_1_625' title='bbox 2703 2006 3061 2079; x_wconf 78' lang='grc' dir='ltr'>ἀνευφημήθη</span> <span class='ocrx_word' id='word_1_626' title='bbox 3096 2011 3159 2079; x_wconf 78' lang='grc' dir='ltr'>τῇ</span> <span class='ocrx_word' id='word_1_627' title='bbox 3185 2010 3511 2079; x_wconf 83' lang='grc' dir='ltr'>προσρήσει.</span> <span class='ocrx_word' id='word_1_628' title='bbox 3536 2009 3637 2062; x_wconf 79' lang='grc' dir='ltr'><strong>Μά-</strong></span> 
     </span>
    </p>
   </div>
   <div class='ocr_carea' id='block_1_80' title="bbox 2075 2096 3634 2171">
    <p class='ocr_par' dir='ltr' id='par_1_80' title="bbox 2075 2096 3634 2171">
     <span class='ocr_line' id='line_1_81' title="bbox 2075 2096 3634 2171; baseline 0.002 -22"><span class='ocrx_word' id='word_1_629' title='bbox 2075 2097 2217 2150; x_wconf 87' lang='grc' dir='ltr'>θοιτε</span> <span class='ocrx_word' id='word_1_630' title='bbox 2271 2097 2327 2149; x_wconf 80' lang='grc' dir='ltr'><strong>δὲ</strong></span> <span class='ocrx_word' id='word_1_631' title='bbox 2383 2096 2468 2160; x_wconf 85' lang='grc' dir='ltr'><strong>ἂν,</strong></span> <span class='ocrx_word' id='word_1_632' title='bbox 2514 2098 2571 2150; x_wconf 79' lang='grc' dir='ltr'>εἴ</span> <span class='ocrx_word' id='word_1_633' title='bbox 2608 2115 2695 2168; x_wconf 86' lang='grc' dir='ltr'><strong>μοι</strong></span> <span class='ocrx_word' id='word_1_634' title='bbox 2735 2099 3049 2153; x_wconf 84' lang='grc' dir='ltr'>ὲπείποισθε</span> <span class='ocrx_word' id='word_1_635' title='bbox 3096 2099 3228 2171; x_wconf 82' lang='grc'>(65),</span> <span class='ocrx_word' id='word_1_636' title='bbox 3260 2100 3409 2171; x_wconf 80' lang='grc' dir='ltr'>τῇδε·</span> <span class='ocrx_word' id='word_1_637' title='bbox 3448 2100 3634 2163; x_wconf 73' lang='grc' dir='ltr'>Παῦλος</span> 
     </span>
    </p>
   </div>
   <div class='ocr_carea' id='block_1_81' title="bbox 2087 2187 3637 2261">
    <p class='ocr_par' dir='ltr' id='par_1_81' title="bbox 2087 2187 3637 2261">
     <span class='ocr_line' id='line_1_82' title="bbox 2087 2187 3637 2261; baseline 0 -19"><span class='ocrx_word' id='word_1_638' title='bbox 2087 2188 2357 2261; x_wconf 78' lang='grc' dir='ltr'>Ἑϐραίοις</span> <span class='ocrx_word' id='word_1_639' title='bbox 2406 2187 2703 2241; x_wconf 78' lang='grc' dir='ltr'>ἐπιστέλλει</span> <span class='ocrx_word' id='word_1_640' title='bbox 2763 2188 2965 2253; x_wconf 72' lang='grc' dir='ltr'>οὕτως·</span> <span class='ocrx_word' id='word_1_641' title='bbox 3011 2210 3029 2241; x_wconf 77' lang='grc' dir='ltr'><strong>ι</strong></span> <span class='ocrx_word' id='word_1_642' title='bbox 3069 2192 3163 2253; x_wconf 81' lang='grc' dir='ltr'>⁸⁸ος</span> <span class='ocrx_word' id='word_1_643' title='bbox 3207 2190 3293 2244; x_wconf 78' lang='grc' dir='ltr'><strong>διὰ</strong></span> <span class='ocrx_word' id='word_1_644' title='bbox 3333 2191 3637 2261; x_wconf 68' lang='grc' dir='ltr'>Πνεῦματες</span> 
     </span>
    </p>
   </div>
   <div class='ocr_carea' id='block_1_82' title="bbox 2075 2279 3638 2354">
    <p class='ocr_par' dir='ltr' id='par_1_82' title="bbox 2075 2279 3638 2354">
     <span class='ocr_line' id='line_1_83' title="bbox 2075 2279 3638 2354; baseline 0.001 -19"><span class='ocrx_word' id='word_1_645' title='bbox 2075 2280 2293 2335; x_wconf 85' lang='grc' dir='ltr'>αἰωνίου</span> <span class='ocrx_word' id='word_1_646' title='bbox 2325 2279 2513 2332; x_wconf 80' lang='grc' dir='ltr'>ἑαυτὸν</span> <span class='ocrx_word' id='word_1_647' title='bbox 2549 2280 2776 2351; x_wconf 86' lang='grc' dir='ltr'>ἄμωμον</span> <span class='ocrx_word' id='word_1_648' title='bbox 2800 2283 3171 2353; x_wconf 78' lang='grc' dir='ltr'>προσήνεγκεν</span> <span class='ocrx_word' id='word_1_649' title='bbox 3210 2282 3286 2353; x_wconf 82' lang='grc' dir='ltr'>τῷ</span> <span class='ocrx_word' id='word_1_650' title='bbox 3316 2284 3463 2354; x_wconf 80' lang='grc' dir='ltr'>Θεῷ.</span> <span class='ocrx_word' id='word_1_651' title='bbox 3500 2303 3517 2335; x_wconf 76' lang='grc' dir='ltr'><strong>ι</strong></span> <span class='ocrx_word' id='word_1_652' title='bbox 3551 2288 3638 2337; x_wconf 77' lang='grc' dir='ltr'><strong>Αέο</strong></span> 
     </span>
    </p>
   </div>
   <div class='ocr_carea' id='block_1_83' title="bbox 2073 2372 3639 2448">
    <p class='ocr_par' dir='ltr' id='par_1_83' title="bbox 2073 2372 3639 2448">
     <span class='ocr_line' id='line_1_84' title="bbox 2073 2372 3639 2448; baseline 0.004 -23"><span class='ocrx_word' id='word_1_653' title='bbox 2073 2390 2159 2442; x_wconf 89' lang='grc' dir='ltr'><strong>γει</strong></span> <span class='ocrx_word' id='word_1_654' title='bbox 2182 2373 2237 2426; x_wconf 83' lang='grc' dir='ltr'><strong>δὲ</strong></span> <span class='ocrx_word' id='word_1_655' title='bbox 2265 2373 2357 2426; x_wconf 83' lang='grc' dir='ltr'><strong>τὸν</strong></span> <span class='ocrx_word' id='word_1_656' title='bbox 2381 2372 2656 2445; x_wconf 85' lang='grc' dir='ltr'>Δεσπότην</span> <span class='ocrx_word' id='word_1_657' title='bbox 2684 2373 2937 2445; x_wconf 82' lang='grc' dir='ltr'>Χριστὸν,</span> <span class='ocrx_word' id='word_1_658' title='bbox 2968 2375 3059 2427; x_wconf 83' lang='grc' dir='ltr'>τὸν</span> <span class='ocrx_word' id='word_1_659' title='bbox 3104 2377 3160 2429; x_wconf 81' lang='grc' dir='ltr'>ὲν</span> <span class='ocrx_word' id='word_1_660' title='bbox 3190 2380 3254 2447; x_wconf 82' lang='grc' dir='ltr'>τῇ</span> <span class='ocrx_word' id='word_1_661' title='bbox 3299 2381 3474 2448; x_wconf 79' lang='grc' dir='ltr'>σεπτῇ</span> <span class='ocrx_word' id='word_1_662' title='bbox 3503 2380 3639 2432; x_wconf 77' lang='grc' dir='ltr'>ἐναν-</span> 
     </span>
    </p>
   </div>
   <div class='ocr_carea' id='block_1_84' title="bbox 2075 2462 3638 2543">
    <p class='ocr_par' dir='ltr' id='par_1_84' title="bbox 2075 2462 3638 2543">
     <span class='ocr_line' id='line_1_85' title="bbox 2075 2462 3638 2543; baseline 0.004 -26"><span class='ocrx_word' id='word_1_663' title='bbox 2075 2464 2355 2543; x_wconf 84' lang='grc' dir='ltr'>θρωπήσει</span> <span class='ocrx_word' id='word_1_664' title='bbox 2387 2462 2552 2517; x_wconf 80' lang='grc' dir='ltr'>αὐτοῦ</span> <span class='ocrx_word' id='word_1_665' title='bbox 2578 2465 2767 2517; x_wconf 77' lang='grc' dir='ltr'>ἑαυτὸν</span> <span class='ocrx_word' id='word_1_666' title='bbox 2788 2465 2877 2519; x_wconf 77' lang='grc' dir='ltr'>διὰ</span> <span class='ocrx_word' id='word_1_667' title='bbox 2905 2464 2997 2519; x_wconf 89' lang='grc' dir='ltr'><strong>τοῦ</strong></span> <span class='ocrx_word' id='word_1_668' title='bbox 3018 2468 3173 2536; x_wconf 82' lang='grc' dir='ltr'>ἁγίου</span> <span class='ocrx_word' id='word_1_669' title='bbox 3196 2469 3518 2541; x_wconf 82' lang='grc' dir='ltr'>Πνεύματος</span> <span class='ocrx_word' id='word_1_670' title='bbox 3542 2472 3638 2524; x_wconf 77' lang='grc' dir='ltr'>ἀνθ’</span> 
     </span>
    </p>
   </div>
   <div class='ocr_carea' id='block_1_85' title="bbox 2074 2556 3641 2634">
    <p class='ocr_par' dir='ltr' id='par_1_85' title="bbox 2074 2556 3641 2634">
     <span class='ocr_line' id='line_1_86' title="bbox 2074 2556 3641 2634; baseline 0.004 -24"><span class='ocrx_word' id='word_1_671' title='bbox 2074 2558 2229 2627; x_wconf 83' lang='grc' dir='ltr'>ήμῶν</span> <span class='ocrx_word' id='word_1_672' title='bbox 2256 2556 2332 2627; x_wconf 81' lang='grc' dir='ltr'>τῷ</span> <span class='ocrx_word' id='word_1_673' title='bbox 2362 2556 2553 2610; x_wconf 79' lang='grc' dir='ltr'>ἑαυτοῦ</span> <span class='ocrx_word' id='word_1_674' title='bbox 2589 2557 2760 2629; x_wconf 73' lang='grc' dir='ltr'>Πατρὶ</span> <span class='ocrx_word' id='word_1_675' title='bbox 2801 2561 3252 2631; x_wconf 82' lang='grc' dir='ltr'>προσενηνοχότα.</span> <span class='ocrx_word' id='word_1_676' title='bbox 3290 2564 3405 2616; x_wconf 74' lang='grc' dir='ltr'>Καὶ</span> <span class='ocrx_word' id='word_1_677' title='bbox 3458 2565 3641 2634; x_wconf 75' lang='grc' dir='ltr'>Πέτρος</span> 
     </span>
    </p>
   </div>
   <div class='ocr_carea' id='block_1_86' title="bbox 2072 2649 3643 2725">
    <p class='ocr_par' dir='ltr' id='par_1_86' title="bbox 2072 2649 3643 2725">
     <span class='ocr_line' id='line_1_87' title="bbox 2072 2649 3643 2725; baseline 0.003 -22"><span class='ocrx_word' id='word_1_678' title='bbox 2072 2650 2130 2703; x_wconf 84' lang='grc' dir='ltr'>δὲ</span> <span class='ocrx_word' id='word_1_679' title='bbox 2150 2652 2416 2721; x_wconf 88' lang='grc' dir='ltr'>προσηχεῖ</span> <span class='ocrx_word' id='word_1_680' title='bbox 2443 2649 2727 2716; x_wconf 82' lang='grc' dir='ltr'>ἀκόλουθα,</span> <span class='ocrx_word' id='word_1_681' title='bbox 2765 2651 2837 2714; x_wconf 83' lang='grc' dir='ltr'>ὡς</span> <span class='ocrx_word' id='word_1_682' title='bbox 2868 2652 2967 2722; x_wconf 79' lang='grc' dir='ltr'><strong>ἤδη</strong></span> <span class='ocrx_word' id='word_1_683' title='bbox 2998 2654 3381 2725; x_wconf 80' lang='grc' dir='ltr'>ἐμνημονεύθη</span> <span class='ocrx_word' id='word_1_684' title='bbox 3405 2672 3421 2685; x_wconf 88' lang='grc'><strong>·</strong></span> <span class='ocrx_word' id='word_1_685' title='bbox 3462 2675 3481 2708; x_wconf 72' lang='grc' dir='ltr'><strong>ι</strong></span> <span class='ocrx_word' id='word_1_686' title='bbox 3509 2656 3576 2708; x_wconf 75' lang='lat' dir='ltr'><strong>T0</strong></span> <span class='ocrx_word' id='word_1_687' title='bbox 3596 2659 3643 2709; x_wconf 71' lang='grc' dir='ltr'><strong>δὲ</strong></span> 
     </span>
    </p>
   </div>
   <div class='ocr_carea' id='block_1_87' title="bbox 2085 2740 3643 2819">
    <p class='ocr_par' dir='ltr' id='par_1_87' title="bbox 2085 2740 3643 2819">
     <span class='ocr_line' id='line_1_88' title="bbox 2085 2740 3643 2819; baseline 0.003 -24"><span class='ocrx_word' id='word_1_688' title='bbox 2085 2743 2265 2812; x_wconf 84' lang='grc' dir='ltr'>Ῥῆμα</span> <span class='ocrx_word' id='word_1_689' title='bbox 2305 2740 2396 2795; x_wconf 87' lang='grc' dir='ltr'><strong>τοῦ</strong></span> <span class='ocrx_word' id='word_1_690' title='bbox 2443 2741 2578 2795; x_wconf 84' lang='grc' dir='ltr'>Θεοῦ</span> <span class='ocrx_word' id='word_1_691' title='bbox 2642 2743 2789 2813; x_wconf 85' lang='grc' dir='ltr'>μένει</span> <span class='ocrx_word' id='word_1_692' title='bbox 2831 2746 2909 2808; x_wconf 83' lang='grc' dir='ltr'>εἰς</span> <span class='ocrx_word' id='word_1_693' title='bbox 2938 2745 3029 2799; x_wconf 78' lang='grc' dir='ltr'><strong>τὸν</strong></span> <span class='ocrx_word' id='word_1_694' title='bbox 3058 2746 3246 2800; x_wconf 83' lang='grc' dir='ltr'>αἰῶνα.</span> <span class='ocrx_word' id='word_1_695' title='bbox 3282 2766 3301 2799; x_wconf 71' lang='grc' dir='ltr'><strong>ι</strong></span> <span class='ocrx_word' id='word_1_696' title='bbox 3341 2748 3525 2819; x_wconf 82' lang='grc' dir='ltr'>Ῥῆμα</span> <span class='ocrx_word' id='word_1_697' title='bbox 3552 2749 3643 2818; x_wconf 70' lang='grc' dir='ltr'><strong>γὰρ</strong></span> 
     </span>
    </p>
   </div>
   <div class='ocr_carea' id='block_1_88' title="bbox 2075 2832 3645 2909">
    <p class='ocr_par' dir='ltr' id='par_1_88' title="bbox 2075 2832 3645 2909">
     <span class='ocr_line' id='line_1_89' title="bbox 2075 2832 3645 2909; baseline 0.004 -24"><span class='ocrx_word' id='word_1_698' title='bbox 2075 2832 2208 2886; x_wconf 87' lang='grc' dir='ltr'>Θεοῦ</span> <span class='ocrx_word' id='word_1_699' title='bbox 2261 2833 2492 2887; x_wconf 77' lang='grc' dir='ltr'>ἐνταῦθα</span> <span class='ocrx_word' id='word_1_700' title='bbox 2547 2834 2703 2888; x_wconf 87' lang='grc' dir='ltr'>καλεῖ</span> <span class='ocrx_word' id='word_1_701' title='bbox 2740 2836 2801 2888; x_wconf 86' lang='grc' dir='ltr'><strong>τὸ</strong></span> <span class='ocrx_word' id='word_1_702' title='bbox 2838 2837 3061 2909; x_wconf 86' lang='grc' dir='ltr'>Πνεῦμα</span> <span class='ocrx_word' id='word_1_703' title='bbox 3088 2838 3180 2892; x_wconf 89' lang='grc' dir='ltr'><strong>τοῦ</strong></span> <span class='ocrx_word' id='word_1_704' title='bbox 3207 2840 3362 2893; x_wconf 84' lang='grc' dir='ltr'>Θεοῦ.</span> <span class='ocrx_word' id='word_1_705' title='bbox 3407 2842 3511 2893; x_wconf 68' lang='grc' dir='ltr'><strong>Διὰ</strong></span> <span class='ocrx_word' id='word_1_706' title='bbox 3532 2841 3645 2909; x_wconf 74' lang='grc' dir='ltr'>γοῦν</span> 
     </span>
    </p>
   </div>
   <div class='ocr_carea' id='block_1_89' title="bbox 2074 2926 3644 3004">
    <p class='ocr_par' dir='ltr' id='par_1_89' title="bbox 2074 2926 3644 3004">
     <span class='ocr_line' id='line_1_90' title="bbox 2074 2926 3644 3004; baseline -0.004 -13"><span class='ocrx_word' id='word_1_707' title='bbox 2074 2926 2173 2996; x_wconf 82' lang='grc' dir='ltr'>τῆς</span> <span class='ocrx_word' id='word_1_708' title='bbox 2203 2926 2467 2997; x_wconf 81' lang='grc' dir='ltr'>θεότητος</span> <span class='ocrx_word' id='word_1_709' title='bbox 2488 2928 2584 2997; x_wconf 83' lang='grc' dir='ltr'>τὴν</span> <span class='ocrx_word' id='word_1_710' title='bbox 2610 2929 2912 2999; x_wconf 82' lang='grc' dir='ltr'>ταυτότητα</span> <span class='ocrx_word' id='word_1_711' title='bbox 2947 2932 3297 3001; x_wconf 78' lang='grc' dir='ltr'>μνημονεύων</span> <span class='ocrx_word' id='word_1_712' title='bbox 3321 2932 3423 2985; x_wconf 84' lang='grc' dir='ltr'><strong>τοῦ</strong></span> <span class='ocrx_word' id='word_1_713' title='bbox 3453 2934 3644 3004; x_wconf 58' lang='lat' dir='ltr'><strong>Ihth</strong></span> 
     </span>
    </p>
   </div>
   <div class='ocr_carea' id='block_1_90' title="bbox 2072 3014 3645 3093">
    <p class='ocr_par' dir='ltr' id='par_1_90' title="bbox 2072 3014 3645 3093">
     <span class='ocr_line' id='line_1_91' title="bbox 2072 3014 3645 3093; baseline 0.006 -26"><span class='ocrx_word' id='word_1_714' title='bbox 2072 3015 2164 3067; x_wconf 84' lang='grc' dir='ltr'><strong>καὶ</strong></span> <span class='ocrx_word' id='word_1_715' title='bbox 2190 3014 2282 3067; x_wconf 91' lang='grc' dir='ltr'><strong>τοῦ</strong></span> <span class='ocrx_word' id='word_1_716' title='bbox 2310 3015 2440 3068; x_wconf 85' lang='grc' dir='ltr'>Υἱοῦ</span> <span class='ocrx_word' id='word_1_717' title='bbox 2468 3017 2496 3069; x_wconf 97' lang='lat'><strong>0</strong></span> <span class='ocrx_word' id='word_1_718' title='bbox 2522 3015 2753 3079; x_wconf 85' lang='grc' dir='ltr'>Παῦλος,</span> <span class='ocrx_word' id='word_1_719' title='bbox 2776 3020 2841 3088; x_wconf 82' lang='grc' dir='ltr'>τῇ</span> <span class='ocrx_word' id='word_1_720' title='bbox 2875 3018 3011 3089; x_wconf 77' lang='grc' dir='ltr'>αὐτῇ</span> <span class='ocrx_word' id='word_1_721' title='bbox 3048 3020 3308 3092; x_wconf 82' lang='grc' dir='ltr'>κέχρηται</span> <span class='ocrx_word' id='word_1_722' title='bbox 3345 3022 3448 3075; x_wconf 87' lang='grc' dir='ltr'><strong>τοῦ</strong></span> <span class='ocrx_word' id='word_1_723' title='bbox 3482 3024 3645 3093; x_wconf 74' lang='grc' dir='ltr'>ῥήμα-</span> 
     </span>
    </p>
   </div>
   <div class='ocr_carea' id='block_1_91' title="bbox 2069 3105 3647 3183">
    <p class='ocr_par' dir='ltr' id='par_1_91' title="bbox 2069 3105 3647 3183">
     <span class='ocr_line' id='line_1_92' title="bbox 2069 3105 3647 3183; baseline 0.008 -28"><span class='ocrx_word' id='word_1_724' title='bbox 2069 3121 2159 3169; x_wconf 90' lang='grc' dir='ltr'><strong>τος</strong></span> <span class='ocrx_word' id='word_1_725' title='bbox 2189 3105 2467 3177; x_wconf 78' lang='grc' dir='ltr'>εὐφημίᾳ·</span> <span class='ocrx_word' id='word_1_726' title='bbox 2514 3125 2532 3157; x_wconf 74' lang='grc' dir='ltr'><strong>ι</strong></span> <span class='ocrx_word' id='word_1_727' title='bbox 2582 3108 2639 3161; x_wconf 91' lang='lat'><strong>&#39;0</strong></span> <span class='ocrx_word' id='word_1_728' title='bbox 2674 3108 2826 3173; x_wconf 81' lang='grc' dir='ltr'>Θεὸς,</span> <span class='ocrx_word' id='word_1_729' title='bbox 2849 3111 3030 3181; x_wconf 81' lang='grc' dir='ltr'>φησὶν,</span> <span class='ocrx_word' id='word_1_730' title='bbox 3073 3112 3167 3164; x_wconf 72' lang='grc' dir='ltr'><strong>καὶ</strong></span> <span class='ocrx_word' id='word_1_731' title='bbox 3201 3112 3393 3183; x_wconf 80' lang='grc' dir='ltr'>Πατὴρ</span> <span class='ocrx_word' id='word_1_732' title='bbox 3422 3114 3516 3167; x_wconf 77' lang='grc' dir='ltr'><strong>τοῦ</strong></span> <span class='ocrx_word' id='word_1_733' title='bbox 3547 3118 3647 3167; x_wconf 69' lang='lat' dir='ltr'><strong>Ku-</strong></span> 
     </span>
    </p>
   </div>
   <div class='ocr_carea' id='block_1_92' title="bbox 2073 3194 3645 3274">
    <p class='ocr_par' dir='ltr' id='par_1_92' title="bbox 2073 3194 3645 3274">
     <span class='ocr_line' id='line_1_93' title="bbox 2073 3194 3645 3274; baseline 0.006 -28"><span class='ocrx_word' id='word_1_734' title='bbox 2073 3194 2186 3265; x_wconf 86' lang='grc' dir='ltr'>ρίου</span> <span class='ocrx_word' id='word_1_735' title='bbox 2219 3194 2373 3265; x_wconf 85' lang='grc' dir='ltr'>ήμῶν</span> <span class='ocrx_word' id='word_1_736' title='bbox 2409 3196 2582 3265; x_wconf 89' lang='grc' dir='ltr'>Ἰησοῦ</span> <span class='ocrx_word' id='word_1_737' title='bbox 2616 3196 2852 3266; x_wconf 87' lang='grc' dir='ltr'>Χριστοῦ</span> <span class='ocrx_word' id='word_1_738' title='bbox 2889 3195 3046 3266; x_wconf 69' lang='grc' dir='ltr'>οἶδεν,</span> <span class='ocrx_word' id='word_1_739' title='bbox 3077 3203 3106 3253; x_wconf 88' lang='lat'><strong>0</strong></span> <span class='ocrx_word' id='word_1_740' title='bbox 3135 3200 3209 3253; x_wconf 82' lang='grc' dir='ltr'>ὢν</span> <span class='ocrx_word' id='word_1_741' title='bbox 3247 3202 3547 3274; x_wconf 73' lang='grc' dir='ltr'>εὐλογητὸς</span> <span class='ocrx_word' id='word_1_742' title='bbox 3576 3206 3645 3265; x_wconf 77' lang='grc' dir='ltr'><strong>είς</strong></span> 
     </span>
    </p>
   </div>
   <div class='ocr_carea' id='block_1_93' title="bbox 2068 3284 3649 3362">
    <p class='ocr_par' dir='ltr' id='par_1_93' title="bbox 2068 3284 3649 3362">
     <span class='ocr_line' id='line_1_94' title="bbox 2068 3284 3649 3362; baseline 0.004 -26"><span class='ocrx_word' id='word_1_743' title='bbox 2068 3284 2195 3347; x_wconf 85' lang='grc' dir='ltr'>τοὺς</span> <span class='ocrx_word' id='word_1_744' title='bbox 2210 3284 2413 3347; x_wconf 77' lang='grc' dir='ltr'>αἰῶνας</span> <span class='ocrx_word' id='word_1_745' title='bbox 2437 3301 2454 3319; x_wconf 86' lang='grc'><strong>·</strong></span> <span class='ocrx_word' id='word_1_746' title='bbox 2477 3304 2495 3337; x_wconf 79' lang='grc' dir='ltr'><strong>ι</strong></span> <span class='ocrx_word' id='word_1_747' title='bbox 2521 3286 2615 3340; x_wconf 71' lang='grc' dir='ltr'><strong>καὶ</strong></span> <span class='ocrx_word' id='word_1_748' title='bbox 2637 3287 2797 3341; x_wconf 84' lang='grc' dir='ltr'>πάλιν</span> <span class='ocrx_word' id='word_1_749' title='bbox 2822 3304 2837 3318; x_wconf 81' lang='lat'>&#39;</span> <span class='ocrx_word' id='word_1_750' title='bbox 2867 3307 2885 3339; x_wconf 73' lang='grc' dir='ltr'><strong>ι</strong></span> <span class='ocrx_word' id='word_1_751' title='bbox 2918 3290 3121 3361; x_wconf 84' lang='grc' dir='ltr'>Ἰησοῦς</span> <span class='ocrx_word' id='word_1_752' title='bbox 3142 3292 3376 3362; x_wconf 76' lang='grc' dir='ltr'>Χριστὸς</span> <span class='ocrx_word' id='word_1_753' title='bbox 3411 3294 3538 3362; x_wconf 70' lang='grc' dir='ltr'><strong>χϐὲς</strong></span> <span class='ocrx_word' id='word_1_754' title='bbox 3569 3294 3649 3345; x_wconf 77' lang='grc' dir='ltr'><strong>καὶ</strong></span> 
     </span>
    </p>
   </div>
   <div class='ocr_carea' id='block_1_94' title="bbox 2072 3376 3648 3449">
    <p class='ocr_par' dir='ltr' id='par_1_94' title="bbox 2072 3376 3648 3449">
     <span class='ocr_line' id='line_1_95' title="bbox 2072 3376 3648 3449; baseline 0.007 -22"><span class='ocrx_word' id='word_1_755' title='bbox 2072 3377 2308 3445; x_wconf 84' lang='grc' dir='ltr'>σήμερον</span> <span class='ocrx_word' id='word_1_756' title='bbox 2341 3392 2353 3405; x_wconf 89' lang='grc'><strong>·</strong></span> <span class='ocrx_word' id='word_1_757' title='bbox 2376 3376 2404 3428; x_wconf 88' lang='lat'><strong>0</strong></span> <span class='ocrx_word' id='word_1_758' title='bbox 2423 3376 2585 3440; x_wconf 82' lang='grc' dir='ltr'>αὐτὸς</span> <span class='ocrx_word' id='word_1_759' title='bbox 2604 3378 2696 3432; x_wconf 78' lang='grc' dir='ltr'>καὶ</span> <span class='ocrx_word' id='word_1_760' title='bbox 2713 3380 2793 3442; x_wconf 77' lang='grc' dir='ltr'><strong>εἰς</strong></span> <span class='ocrx_word' id='word_1_761' title='bbox 2811 3381 2936 3444; x_wconf 82' lang='grc' dir='ltr'>τοὺς</span> <span class='ocrx_word' id='word_1_762' title='bbox 2964 3382 3187 3446; x_wconf 77' lang='grc' dir='ltr'>αἰῶνας.</span> <span class='ocrx_word' id='word_1_763' title='bbox 3217 3402 3235 3435; x_wconf 74' lang='grc' dir='ltr'><strong>ι</strong></span> <span class='ocrx_word' id='word_1_764' title='bbox 3268 3384 3386 3437; x_wconf 77' lang='grc' dir='ltr'>Οὐκ</span> <span class='ocrx_word' id='word_1_765' title='bbox 3416 3386 3563 3438; x_wconf 77' lang='grc' dir='ltr'>ἐστιν</span> <span class='ocrx_word' id='word_1_766' title='bbox 3582 3386 3648 3449; x_wconf 75' lang='grc' dir='ltr'><strong>δὲ,</strong></span> 
     </span>
    </p>
   </div>
   <div class='ocr_carea' id='block_1_95' title="bbox 2070 3466 3653 3544">
    <p class='ocr_par' dir='ltr' id='par_1_95' title="bbox 2070 3466 3653 3544">
     <span class='ocr_line' id='line_1_96' title="bbox 2070 3466 3653 3544; baseline 0.008 -26"><span class='ocrx_word' id='word_1_767' title='bbox 2070 3467 2168 3519; x_wconf 76' lang='grc' dir='ltr'><strong>οὐκ</strong></span> <span class='ocrx_word' id='word_1_768' title='bbox 2180 3466 2326 3521; x_wconf 73' lang='grc' dir='ltr'>ἐστιν</span> <span class='ocrx_word' id='word_1_769' title='bbox 2346 3468 2481 3540; x_wconf 83' lang='grc' dir='ltr'>ἀκοῇ</span> <span class='ocrx_word' id='word_1_770' title='bbox 2493 3469 2743 3535; x_wconf 84' lang='grc' dir='ltr'>ἀκοῦσαι,</span> <span class='ocrx_word' id='word_1_771' title='bbox 2760 3472 2902 3541; x_wconf 86' lang='grc' dir='ltr'>ἆπερ</span> <span class='ocrx_word' id='word_1_772' title='bbox 2918 3474 3008 3526; x_wconf 71' lang='grc' dir='ltr'><strong>καὶ</strong></span> <span class='ocrx_word' id='word_1_773' title='bbox 3025 3475 3175 3537; x_wconf 77' lang='grc' dir='ltr'>είςτὸ</span> <span class='ocrx_word' id='word_1_774' title='bbox 3201 3476 3501 3544; x_wconf 79' lang='grc' dir='ltr'>κεφάλαιον</span> <span class='ocrx_word' id='word_1_775' title='bbox 3511 3476 3653 3530; x_wconf 75' lang='grc' dir='ltr'>τοῦτο</span> 
     </span>
    </p>
   </div>
   <div class='ocr_carea' id='block_1_96' title="bbox 2070 3558 3653 3641">
    <p class='ocr_par' dir='ltr' id='par_1_96' title="bbox 2070 3558 3653 3641">
     <span class='ocr_line' id='line_1_97' title="bbox 2070 3558 3653 3641; baseline 0.008 -31"><span class='ocrx_word' id='word_1_776' title='bbox 2070 3558 2336 3630; x_wconf 83' lang='grc' dir='ltr'>ὡρίσαντο</span> <span class='ocrx_word' id='word_1_777' title='bbox 2357 3562 2403 3613; x_wconf 78' lang='grc' dir='ltr'>οἱ</span> <span class='ocrx_word' id='word_1_778' title='bbox 2438 3564 2563 3634; x_wconf 77' lang='grc' dir='ltr'>περὶ</span> <span class='ocrx_word' id='word_1_779' title='bbox 2601 3563 2700 3627; x_wconf 81' lang='grc' dir='ltr'>τὰς</span> <span class='ocrx_word' id='word_1_780' title='bbox 2724 3564 2999 3633; x_wconf 85' lang='grc' dir='ltr'>θεολογίας</span> <span class='ocrx_word' id='word_1_781' title='bbox 3029 3567 3122 3620; x_wconf 90' lang='grc' dir='ltr'><strong>τοῦ</strong></span> <span class='ocrx_word' id='word_1_782' title='bbox 3152 3569 3306 3636; x_wconf 81' lang='grc' dir='ltr'>ἁγίου</span> <span class='ocrx_word' id='word_1_783' title='bbox 3337 3570 3653 3641; x_wconf 75' lang='grc' dir='ltr'>Πνεῦματος</span> 
     </span>
    </p>
   </div>
   <div class='ocr_carea' id='block_1_97' title="bbox 2072 3652 3654 3731">
    <p class='ocr_par' dir='ltr' id='par_1_97' title="bbox 2072 3652 3654 3731">
     <span class='ocr_line' id='line_1_98' title="bbox 2072 3652 3654 3731; baseline 0.007 -28"><span class='ocrx_word' id='word_1_784' title='bbox 2072 3652 2533 3726; x_wconf 82' lang='grc' dir='ltr'>ἀποδιακείμενοι.</span> <span class='ocrx_word' id='word_1_785' title='bbox 2574 3657 2872 3725; x_wconf 57' lang='grc' dir='ltr'>ΪΑπάγουσι</span> <span class='ocrx_word' id='word_1_786' title='bbox 2908 3658 3014 3730; x_wconf 84' lang='grc' dir='ltr'>γὰρ</span> <span class='ocrx_word' id='word_1_787' title='bbox 3047 3662 3125 3723; x_wconf 88' lang='grc' dir='ltr'><strong>είς</strong></span> <span class='ocrx_word' id='word_1_788' title='bbox 3159 3660 3360 3730; x_wconf 78' lang='grc' dir='ltr'>ἔσχατα</span> <span class='ocrx_word' id='word_1_789' title='bbox 3408 3663 3515 3731; x_wconf 78' lang='grc' dir='ltr'>γῆς</span> <span class='ocrx_word' id='word_1_790' title='bbox 3539 3664 3654 3714; x_wconf 78' lang='grc' dir='ltr'>ἐαυ-</span> 
     </span>
    </p>
   </div>
   <div class='ocr_carea' id='block_1_98' title="bbox 2071 3743 3655 3822">
    <p class='ocr_par' dir='ltr' id='par_1_98' title="bbox 2071 3743 3655 3822">
     <span class='ocr_line' id='line_1_99' title="bbox 2071 3743 3655 3822; baseline 0.004 -27"><span class='ocrx_word' id='word_1_791' title='bbox 2071 3743 2196 3806; x_wconf 81' lang='grc' dir='ltr'>τοὺς</span> <span class='ocrx_word' id='word_1_792' title='bbox 2238 3744 2348 3799; x_wconf 79' lang='grc' dir='ltr'>ἀπὸ</span> <span class='ocrx_word' id='word_1_793' title='bbox 2398 3747 2751 3818; x_wconf 76' lang='grc' dir='ltr'>προλήψεως·</span> <span class='ocrx_word' id='word_1_794' title='bbox 2786 3750 3006 3821; x_wconf 78' lang='grc' dir='ltr'>ἄκριτος</span> <span class='ocrx_word' id='word_1_795' title='bbox 3050 3750 3105 3802; x_wconf 86' lang='grc' dir='ltr'>δὲ</span> <span class='ocrx_word' id='word_1_796' title='bbox 3152 3752 3290 3822; x_wconf 74' lang='grc' dir='ltr'>ἔρως</span> <span class='ocrx_word' id='word_1_797' title='bbox 3330 3754 3440 3805; x_wconf 75' lang='grc' dir='ltr'><strong>οὐκ</strong></span> <span class='ocrx_word' id='word_1_798' title='bbox 3480 3754 3655 3805; x_wconf 79' lang='grc' dir='ltr'>εἴωθεν</span> 
     </span>
    </p>
   </div>
   <div class='ocr_carea' id='block_1_99' title="bbox 2071 3836 3655 3912">
    <p class='ocr_par' dir='ltr' id='par_1_99' title="bbox 2071 3836 3655 3912">
     <span class='ocr_line' id='line_1_100' title="bbox 2071 3836 3655 3912; baseline -0.001 -15"><span class='ocrx_word' id='word_1_799' title='bbox 2071 3836 2270 3908; x_wconf 80' lang='grc' dir='ltr'>ἀκριϐῆ</span> <span class='ocrx_word' id='word_1_800' title='bbox 2312 3842 2610 3911; x_wconf 79' lang='grc' dir='ltr'>μαρτυρεῖν</span> <span class='ocrx_word' id='word_1_801' title='bbox 2652 3841 2894 3905; x_wconf 79' lang='grc' dir='ltr'>ἐξέτασιν</span> <span class='ocrx_word' id='word_1_802' title='bbox 2916 3861 2928 3873; x_wconf 82' lang='grc'><em>’</em></span> <span class='ocrx_word' id='word_1_803' title='bbox 2956 3844 3105 3912; x_wconf 83' lang='grc' dir='ltr'>ὅμως</span> <span class='ocrx_word' id='word_1_804' title='bbox 3132 3845 3281 3897; x_wconf 75' lang='grc' dir='ltr'>οὐδὲν</span> <span class='ocrx_word' id='word_1_805' title='bbox 3314 3843 3435 3899; x_wconf 74' lang='grc' dir='ltr'>οἷον</span> <span class='ocrx_word' id='word_1_806' title='bbox 3472 3846 3655 3898; x_wconf 72' lang='grc' dir='ltr'>κωλύει</span> 
     </span>
    </p>
   </div>
   <div class='ocr_carea' id='block_1_100' title="bbox 2072 3928 3656 4008">
    <p class='ocr_par' dir='ltr' id='par_1_100' title="bbox 2072 3928 3656 4008">
     <span class='ocr_line' id='line_1_101' title="bbox 2072 3928 3656 4008; baseline 0.006 -27"><span class='ocrx_word' id='word_1_807' title='bbox 2072 3928 2243 3999; x_wconf 81' lang='grc' dir='ltr'>αὐτῆς</span> <span class='ocrx_word' id='word_1_808' title='bbox 2269 3930 2484 4002; x_wconf 87' lang='grc' dir='ltr'>ὲκείνης</span> <span class='ocrx_word' id='word_1_809' title='bbox 2509 3932 2606 4002; x_wconf 81' lang='grc' dir='ltr'>τῆς</span> <span class='ocrx_word' id='word_1_810' title='bbox 2637 3933 3055 4006; x_wconf 82' lang='grc' dir='ltr'>πειθανουργίας</span> <span class='ocrx_word' id='word_1_811' title='bbox 3080 3936 3330 3990; x_wconf 85' lang='grc' dir='ltr'>ἀκοῦσαι.</span> <span class='ocrx_word' id='word_1_812' title='bbox 3367 3939 3536 3991; x_wconf 82' lang='grc' dir='ltr'>Οῦτω</span> <span class='ocrx_word' id='word_1_813' title='bbox 3560 3940 3656 4008; x_wconf 70' lang='grc' dir='ltr'><strong>γὰρ</strong></span> 
     </span>
    </p>
   </div>
   <div class='ocr_carea' id='block_1_101' title="bbox 2072 4020 3661 4098">
    <p class='ocr_par' dir='ltr' id='par_1_101' title="bbox 2072 4020 3661 4098">
     <span class='ocr_line' id='line_1_102' title="bbox 2072 4020 3661 4098; baseline 0.004 -25"><span class='ocrx_word' id='word_1_814' title='bbox 2072 4020 2138 4074; x_wconf 86' lang='grc' dir='ltr'><strong>ἂν</strong></span> <span class='ocrx_word' id='word_1_815' title='bbox 2166 4021 2244 4074; x_wconf 78' lang='grc' dir='ltr'><strong>ἑτι</strong></span> <span class='ocrx_word' id='word_1_816' title='bbox 2273 4023 2435 4075; x_wconf 81' lang='grc' dir='ltr'>πλέον</span> <span class='ocrx_word' id='word_1_817' title='bbox 2461 4025 2991 4097; x_wconf 83' lang='grc' dir='ltr'>καταγνωσθείησαν.</span> <span class='ocrx_word' id='word_1_818' title='bbox 3023 4028 3175 4098; x_wconf 85' lang='grc' dir='ltr'>Ἔχει</span> <span class='ocrx_word' id='word_1_819' title='bbox 3198 4025 3289 4082; x_wconf 79' lang='grc' dir='ltr'><strong>οὖν</strong></span> <span class='ocrx_word' id='word_1_820' title='bbox 3311 4022 3423 4083; x_wconf 81' lang='grc' dir='ltr'><strong>ὦδε</strong></span> <span class='ocrx_word' id='word_1_821' title='bbox 3484 4032 3592 4083; x_wconf 75' lang='grc' dir='ltr'><strong>Οὐκ</strong></span> <span class='ocrx_word' id='word_1_822' title='bbox 3616 4028 3661 4080; x_wconf 84' lang='grc' dir='ltr'><strong>εί</strong></span> 
     </span>
    </p>
   </div>
   <div class='ocr_carea' id='block_1_102' title="bbox 2077 4112 3657 4190">
    <p class='ocr_par' dir='ltr' id='par_1_102' title="bbox 2077 4112 3657 4190">
     <span class='ocr_line' id='line_1_103' title="bbox 2077 4112 3657 4190; baseline 0.004 -26"><span class='ocrx_word' id='word_1_823' title='bbox 2077 4129 2131 4163; x_wconf 90' lang='grc' dir='ltr'><strong>τι</strong></span> <span class='ocrx_word' id='word_1_824' title='bbox 2184 4112 2398 4166; x_wconf 79' lang='grc' dir='ltr'>αἰώνιον</span> <span class='ocrx_word' id='word_1_825' title='bbox 2442 4114 2763 4185; x_wconf 83' lang='grc' dir='ltr'>ὡμωνύμως</span> <span class='ocrx_word' id='word_1_826' title='bbox 2791 4118 3250 4190; x_wconf 83' lang='grc' dir='ltr'>προσηγόρευται,</span> <span class='ocrx_word' id='word_1_827' title='bbox 3282 4121 3423 4183; x_wconf 80' lang='grc' dir='ltr'>Θεὸς</span> <span class='ocrx_word' id='word_1_828' title='bbox 3448 4121 3657 4174; x_wconf 72' lang='grc' dir='ltr'>δύναται</span> 
     </span>
    </p>
   </div>
   <div class='ocr_carea' id='block_1_103' title="bbox 2070 4198 3655 4281">
    <p class='ocr_par' dir='ltr' id='par_1_103' title="bbox 2070 4198 3655 4281">
     <span class='ocr_line' id='line_1_104' title="bbox 2070 4198 3655 4281; baseline 0.009 -31"><span class='ocrx_word' id='word_1_829' title='bbox 2070 4198 2342 4268; x_wconf 85' lang='grc' dir='ltr'>λέγεσθαι,</span> <span class='ocrx_word' id='word_1_830' title='bbox 2392 4202 2504 4255; x_wconf 81' lang='grc' dir='ltr'>ἀλλ’</span> <span class='ocrx_word' id='word_1_831' title='bbox 2538 4204 2591 4257; x_wconf 74' lang='grc' dir='ltr'>εἴ</span> <span class='ocrx_word' id='word_1_832' title='bbox 2618 4224 2702 4269; x_wconf 89' lang='grc' dir='ltr'><strong>τις</strong></span> <span class='ocrx_word' id='word_1_833' title='bbox 2732 4206 2883 4269; x_wconf 87' lang='grc' dir='ltr'>Θεὸς,</span> <span class='ocrx_word' id='word_1_834' title='bbox 2911 4207 3143 4261; x_wconf 85' lang='grc' dir='ltr'>αἰωνίων</span> <span class='ocrx_word' id='word_1_835' title='bbox 3173 4207 3277 4280; x_wconf 80' lang='grc'><strong>[68</strong></span> <span class='ocrx_word' id='word_1_836' title='bbox 3307 4209 3366 4280; x_wconf 85' lang='lat' dir='ltr'><strong>b]</strong></span> <span class='ocrx_word' id='word_1_837' title='bbox 3414 4213 3655 4281; x_wconf 70' lang='grc' dir='ltr'>ποιητής.</span> 
     </span>
    </p>
   </div>
   <div class='ocr_carea' id='block_1_104' title="bbox 2002 4292 3661 4380">
    <p class='ocr_par' dir='ltr' id='par_1_104' title="bbox 2002 4292 3661 4380">
     <span class='ocr_line' id='line_1_105' title="bbox 2002 4292 3661 4380; baseline 0.008 -38"><span class='ocrx_word' id='word_1_838' title='bbox 2002 4325 2047 4380; x_wconf 80' lang='lat' dir='ltr'><strong>D</strong></span> <span class='ocrx_word' id='word_1_839' title='bbox 2076 4292 2385 4363; x_wconf 80' lang='grc' dir='ltr'>Γέγραπται</span> <span class='ocrx_word' id='word_1_840' title='bbox 2444 4297 2587 4368; x_wconf 79' lang='grc' dir='ltr'>γάρ·</span> <span class='ocrx_word' id='word_1_841' title='bbox 2626 4317 2643 4349; x_wconf 74' lang='grc' dir='ltr'><strong>ι</strong></span> <span class='ocrx_word' id='word_1_842' title='bbox 2686 4300 2908 4369; x_wconf 85' lang='grc' dir='ltr'>Χρόνων</span> <span class='ocrx_word' id='word_1_843' title='bbox 2950 4300 3045 4352; x_wconf 77' lang='grc' dir='ltr'><strong>καὶ</strong></span> <span class='ocrx_word' id='word_1_844' title='bbox 3101 4299 3313 4354; x_wconf 76' lang='grc' dir='ltr'>αἰώνων</span> <span class='ocrx_word' id='word_1_845' title='bbox 3360 4304 3599 4373; x_wconf 77' lang='grc' dir='ltr'>ποιητὴς</span> <span class='ocrx_word' id='word_1_846' title='bbox 3634 4302 3661 4355; x_wconf 89' lang='lat'><strong>0</strong></span> 
     </span>
    </p>
   </div>
   <div class='ocr_carea' id='block_1_105' title="bbox 2077 4381 3659 4464">
    <p class='ocr_par' dir='ltr' id='par_1_105' title="bbox 2077 4381 3659 4464">
     <span class='ocr_line' id='line_1_106' title="bbox 2077 4381 3659 4464; baseline 0.009 -31"><span class='ocrx_word' id='word_1_847' title='bbox 2077 4381 2208 4445; x_wconf 83' lang='grc' dir='ltr'>Θεός</span> <span class='ocrx_word' id='word_1_848' title='bbox 2235 4399 2249 4413; x_wconf 86' lang='grc'><strong>·</strong></span> <span class='ocrx_word' id='word_1_849' title='bbox 2291 4404 2309 4436; x_wconf 77' lang='grc' dir='ltr'><strong>ι</strong></span> <span class='ocrx_word' id='word_1_850' title='bbox 2349 4387 2440 4438; x_wconf 77' lang='grc' dir='ltr'>καὶ</span> <span class='ocrx_word' id='word_1_851' title='bbox 2489 4388 2681 4441; x_wconf 75' lang='grc' dir='ltr'>πάλινο</span> <span class='ocrx_word' id='word_1_852' title='bbox 2714 4407 2732 4439; x_wconf 77' lang='grc' dir='ltr'><strong>ι</strong></span> <span class='ocrx_word' id='word_1_853' title='bbox 2775 4389 3103 4461; x_wconf 87' lang='grc' dir='ltr'>Πολυμερῶς</span> <span class='ocrx_word' id='word_1_854' title='bbox 3158 4392 3253 4444; x_wconf 76' lang='grc' dir='ltr'><strong>καὶ</strong></span> <span class='ocrx_word' id='word_1_855' title='bbox 3306 4394 3659 4464; x_wconf 74' lang='grc' dir='ltr'>πολυτρόπως</span> 
     </span>
    </p>
   </div>
   <div class='ocr_carea' id='block_1_106' title="bbox 2078 4474 3660 4557">
    <p class='ocr_par' dir='ltr' id='par_1_106' title="bbox 2078 4474 3660 4557">
     <span class='ocr_line' id='line_1_107' title="bbox 2078 4474 3660 4557; baseline 0.008 -31"><span class='ocrx_word' id='word_1_856' title='bbox 2078 4474 2245 4528; x_wconf 81' lang='grc' dir='ltr'>πάλαι</span> <span class='ocrx_word' id='word_1_857' title='bbox 2273 4479 2301 4529; x_wconf 89' lang='lat'><strong>0</strong></span> <span class='ocrx_word' id='word_1_858' title='bbox 2325 4477 2457 4542; x_wconf 82' lang='grc' dir='ltr'>Θεὸς</span> <span class='ocrx_word' id='word_1_859' title='bbox 2499 4479 2737 4549; x_wconf 85' lang='grc' dir='ltr'>λαλήσας</span> <span class='ocrx_word' id='word_1_860' title='bbox 2783 4483 2840 4534; x_wconf 75' lang='grc' dir='ltr'>ἐν</span> <span class='ocrx_word' id='word_1_861' title='bbox 2879 4486 2991 4546; x_wconf 83' lang='grc' dir='ltr'>τοῖς</span> <span class='ocrx_word' id='word_1_862' title='bbox 3019 4485 3348 4555; x_wconf 79' lang='grc' dir='ltr'>προφήταις,</span> <span class='ocrx_word' id='word_1_863' title='bbox 3387 4488 3482 4538; x_wconf 77' lang='grc' dir='ltr'>ἐπ’</span> <span class='ocrx_word' id='word_1_864' title='bbox 3508 4485 3660 4557; x_wconf 77' lang='grc' dir='ltr'>ἐσχά-</span> 
     </span>
    </p>
   </div>
   <div class='ocr_carea' id='block_1_107' title="bbox 2074 4566 3660 4646">
    <p class='ocr_par' dir='ltr' id='par_1_107' title="bbox 2074 4566 3660 4646">
     <span class='ocr_line' id='line_1_108' title="bbox 2074 4566 3660 4646; baseline 0.007 -28"><span class='ocrx_word' id='word_1_865' title='bbox 2074 4582 2167 4618; x_wconf 88' lang='grc' dir='ltr'><strong>του</strong></span> <span class='ocrx_word' id='word_1_866' title='bbox 2190 4566 2299 4619; x_wconf 88' lang='grc' dir='ltr'><strong>τῶν</strong></span> <span class='ocrx_word' id='word_1_867' title='bbox 2328 4570 2550 4640; x_wconf 83' lang='grc' dir='ltr'>ἡμερῶν</span> <span class='ocrx_word' id='word_1_868' title='bbox 2574 4571 2838 4641; x_wconf 77' lang='grc' dir='ltr'>ἐλάλησεν</span> <span class='ocrx_word' id='word_1_869' title='bbox 2864 4575 2995 4643; x_wconf 80' lang='grc' dir='ltr'>ἡμῖν</span> <span class='ocrx_word' id='word_1_870' title='bbox 3017 4575 3075 4627; x_wconf 84' lang='grc' dir='ltr'>ὲν</span> <span class='ocrx_word' id='word_1_871' title='bbox 3105 4574 3239 4645; x_wconf 81' lang='grc' dir='ltr'>Υίῷ,</span> <span class='ocrx_word' id='word_1_872' title='bbox 3267 4576 3327 4627; x_wconf 84' lang='grc' dir='ltr'><strong>ὃν</strong></span> <span class='ocrx_word' id='word_1_873' title='bbox 3356 4577 3518 4630; x_wconf 74' lang='grc' dir='ltr'>ἐοετο</span> <span class='ocrx_word' id='word_1_874' title='bbox 3541 4578 3660 4646; x_wconf 81' lang='grc' dir='ltr'>κλη-</span> 
     </span>
    </p>
   </div>
   <div class='ocr_carea' id='block_1_108' title="bbox 2080 4656 3660 4740">
    <p class='ocr_par' dir='ltr' id='par_1_108' title="bbox 2080 4656 3660 4740">
     <span class='ocr_line' id='line_1_109' title="bbox 2080 4656 3660 4740; baseline 0.006 -31"><span class='ocrx_word' id='word_1_875' title='bbox 2080 4659 2305 4729; x_wconf 88' lang='grc' dir='ltr'>ρόνομον</span> <span class='ocrx_word' id='word_1_876' title='bbox 2332 4661 2648 4724; x_wconf 82' lang='grc' dir='ltr'>πάντων,δι’</span> <span class='ocrx_word' id='word_1_877' title='bbox 2671 4656 2731 4717; x_wconf 75' lang='grc' dir='ltr'>οὗ</span> <span class='ocrx_word' id='word_1_878' title='bbox 2760 4665 2853 4716; x_wconf 75' lang='grc' dir='ltr'><strong>καὶ</strong></span> <span class='ocrx_word' id='word_1_879' title='bbox 2887 4666 3012 4729; x_wconf 88' lang='grc' dir='ltr'>τοὺς</span> <span class='ocrx_word' id='word_1_880' title='bbox 3039 4666 3239 4730; x_wconf 86' lang='grc' dir='ltr'>αἰῶνας</span> <span class='ocrx_word' id='word_1_881' title='bbox 3263 4670 3547 4740; x_wconf 78' lang='grc' dir='ltr'>ἐποίησεν.</span> <span class='ocrx_word' id='word_1_882' title='bbox 3564 4691 3581 4721; x_wconf 69' lang='grc' dir='ltr'><strong>ι</strong></span> <span class='ocrx_word' id='word_1_883' title='bbox 3605 4670 3660 4723; x_wconf 81' lang='lat' dir='ltr'><strong>Ei</strong></span> 
     </span>
    </p>
   </div>
   <div class='ocr_carea' id='block_1_109' title="bbox 2081 4753 3661 4829">
    <p class='ocr_par' dir='ltr' id='par_1_109' title="bbox 2081 4753 3661 4829">
     <span class='ocr_line' id='line_1_110' title="bbox 2081 4753 3661 4829; baseline 0.005 -23"><span class='ocrx_word' id='word_1_884' title='bbox 2081 4754 2191 4826; x_wconf 85' lang='grc' dir='ltr'>γὰρ</span> <span class='ocrx_word' id='word_1_885' title='bbox 2226 4753 2278 4805; x_wconf 75' lang='lat' dir='ltr'><strong>sl</strong></span> <span class='ocrx_word' id='word_1_886' title='bbox 2303 4770 2358 4806; x_wconf 94' lang='grc' dir='ltr'><strong>τι</strong></span> <span class='ocrx_word' id='word_1_887' title='bbox 2392 4753 2607 4807; x_wconf 80' lang='grc' dir='ltr'>αἰώνιον</span> <span class='ocrx_word' id='word_1_888' title='bbox 2633 4757 3091 4828; x_wconf 88' lang='grc' dir='ltr'>προσηγόρευται,</span> <span class='ocrx_word' id='word_1_889' title='bbox 3126 4758 3248 4822; x_wconf 83' lang='grc' dir='ltr'>θεὸς</span> <span class='ocrx_word' id='word_1_890' title='bbox 3300 4761 3517 4829; x_wconf 75' lang='grc' dir='ltr'>ὀφείλει</span> <span class='ocrx_word' id='word_1_891' title='bbox 3556 4763 3661 4813; x_wconf 77' lang='grc' dir='ltr'>όνοο</span> 
     </span>
    </p>
   </div>
   <div class='ocr_carea' id='block_1_110' title="bbox 2076 4931 2348 5001">
    <p class='ocr_par' dir='ltr' id='par_1_110' title="bbox 2076 4931 2348 5001">
     <span class='ocr_line' id='line_1_111' title="bbox 2076 4931 2348 5001; baseline 0.007 -18"><span class='ocrx_word' id='word_1_892' title='bbox 2076 4931 2348 5001; x_wconf 68' lang='grc' dir='ltr'><strong>ρος.147.</strong></span> 
     </span>
    </p>
   </div>
   <div class='ocr_carea' id='block_1_111' title="bbox 2151 5002 2931 5069">
    <p class='ocr_par' dir='ltr' id='par_1_111' title="bbox 2151 5002 2931 5069">
     <span class='ocr_line' id='line_1_112' title="bbox 2151 5002 2931 5069; baseline 0.012 -15"><span class='ocrx_word' id='word_1_893' title='bbox 2151 5002 2265 5069; x_wconf 89' lang='grc'>(66)</span> <span class='ocrx_word' id='word_1_894' title='bbox 2302 5003 2462 5058; x_wconf 79' lang='lat' dir='ltr'><strong>Deus.</strong></span> <span class='ocrx_word' id='word_1_895' title='bbox 2499 5002 2539 5057; x_wconf 87' lang='grc' dir='ltr'><strong>ΙΙ</strong></span> <span class='ocrx_word' id='word_1_896' title='bbox 2567 5006 2692 5060; x_wconf 88' lang='lat' dir='ltr'><strong>Cor.</strong></span> <span class='ocrx_word' id='word_1_897' title='bbox 2724 5022 2800 5069; x_wconf 73' lang='lat' dir='ltr'><strong>XI,</strong></span> <span class='ocrx_word' id='word_1_898' title='bbox 2838 5008 2931 5063; x_wconf 74' lang='lat' dir='ltr'><strong>3L</strong></span> 
     </span>
    </p>
   </div>
   <div class='ocr_carea' id='block_1_112' title="bbox 2178 5005 2914 5212">
    <p class='ocr_par' dir='ltr' id='par_1_112' title="bbox 2178 5005 2914 5212">
     <span class='ocr_line' id='line_1_113' title="bbox 2178 5005 2899 5069; baseline 0.008 -15"><span class='ocrx_word' id='word_1_899' title='bbox 2178 5005 2242 5054; x_wconf 88' lang='grc'><strong>66</strong></span> <span class='ocrx_word' id='word_1_900' title='bbox 2302 5005 2462 5058; x_wconf 79' lang='lat' dir='ltr'><strong>Deus.</strong></span> <span class='ocrx_word' id='word_1_901' title='bbox 2499 5005 2539 5057; x_wconf 90' lang='grc' dir='ltr'><strong>ΙΙ</strong></span> <span class='ocrx_word' id='word_1_902' title='bbox 2567 5006 2692 5060; x_wconf 88' lang='lat' dir='ltr'><strong>Cor.</strong></span> <span class='ocrx_word' id='word_1_903' title='bbox 2724 5022 2800 5069; x_wconf 73' lang='lat' dir='ltr'><strong>XI,</strong></span> <span class='ocrx_word' id='word_1_904' title='bbox 2838 5008 2899 5062; x_wconf 72' lang='grc'>51</span> 
     </span>
     <span class='ocr_line' id='line_1_114' title="bbox 2178 5071 2914 5141; baseline 0.01 -16"><span class='ocrx_word' id='word_1_905' title='bbox 2178 5073 2243 5125; x_wconf 91' lang='grc'><strong>67</strong></span> <span class='ocrx_word' id='word_1_906' title='bbox 2300 5071 2478 5126; x_wconf 78' lang='lat' dir='ltr'><strong>Jesus.</strong></span> <span class='ocrx_word' id='word_1_907' title='bbox 2512 5075 2676 5131; x_wconf 87' lang='lat' dir='ltr'><strong>Hebr.</strong></span> <span class='ocrx_word' id='word_1_908' title='bbox 2711 5094 2830 5141; x_wconf 87' lang='lat' dir='ltr'><strong>xm,</strong></span> <span class='ocrx_word' id='word_1_909' title='bbox 2862 5080 2914 5131; x_wconf 85' lang='lat'><strong>8.</strong></span> 
     </span>
     <span class='ocr_line' id='line_1_115' title="bbox 2178 5005 2912 5212; baseline 0.01 -18"><span class='ocrx_word' id='word_1_910' title='bbox 2178 5005 2268 5212; x_wconf 63' lang='lat'><strong>68)</strong></span> <span class='ocrx_word' id='word_1_911' title='bbox 2306 5139 2567 5211; x_wconf 79' lang='lat' dir='ltr'><strong>Scriptum</strong></span> <span class='ocrx_word' id='word_1_912' title='bbox 2606 5150 2743 5201; x_wconf 83' lang='lat' dir='ltr'><strong>enim</strong></span> <span class='ocrx_word' id='word_1_913' title='bbox 2790 5148 2912 5212; x_wconf 77' lang='lat' dir='ltr'><strong>fuit.</strong></span> 
     </span>
    </p>
   </div>
   <div class='ocr_carea' id='block_1_113' title="bbox 2152 5078 3662 5215">
    <p class='ocr_par' dir='ltr' id='par_1_113' title="bbox 2152 5078 3662 5215">
     <span class='ocr_line' id='line_1_116' title="bbox 2178 5078 2914 5141; baseline 0.01 -16"><span class='ocrx_word' id='word_1_914' title='bbox 2178 5078 2243 5125; x_wconf 89' lang='grc'><strong>67</strong></span> <span class='ocrx_word' id='word_1_915' title='bbox 2300 5078 2478 5126; x_wconf 74' lang='lat' dir='ltr'><strong>Iesus.</strong></span> <span class='ocrx_word' id='word_1_916' title='bbox 2512 5078 2676 5131; x_wconf 84' lang='lat' dir='ltr'><strong>Hebr.</strong></span> <span class='ocrx_word' id='word_1_917' title='bbox 2711 5094 2830 5141; x_wconf 87' lang='lat' dir='ltr'><strong>xm,</strong></span> <span class='ocrx_word' id='word_1_918' title='bbox 2862 5080 2914 5131; x_wconf 85' lang='lat'><strong>8.</strong></span> 
     </span>
     <span class='ocr_line' id='line_1_117' title="bbox 2152 5078 3662 5215; baseline 0.008 -21"><span class='ocrx_word' id='word_1_919' title='bbox 2152 5078 2268 5215; x_wconf 44' lang='lat'><strong>£68)</strong></span> <span class='ocrx_word' id='word_1_920' title='bbox 2306 5139 2567 5211; x_wconf 80' lang='lat' dir='ltr'><strong>Scriptum</strong></span> <span class='ocrx_word' id='word_1_921' title='bbox 2606 5150 2743 5201; x_wconf 82' lang='lat' dir='ltr'><strong>enim</strong></span> <span class='ocrx_word' id='word_1_922' title='bbox 2790 5148 2912 5215; x_wconf 78' lang='lat' dir='ltr'><strong>fuit.</strong></span> <span class='ocrx_word' id='word_1_923' title='bbox 2955 5148 3285 5205; x_wconf 88' lang='lat' dir='ltr'><strong>Vertendum</strong></span> <span class='ocrx_word' id='word_1_924' title='bbox 3328 5152 3662 5206; x_wconf 80' lang='lat' dir='ltr'><strong>videbatur:</strong></span> 
     </span>
    </p>
   </div>
   <div class='ocr_carea' id='block_1_114' title="bbox 2086 5212 3663 5289">
    <p class='ocr_par' dir='ltr' id='par_1_114' title="bbox 2086 5212 3663 5289">
     <span class='ocr_line' id='line_1_118' title="bbox 2086 5212 3663 5289; baseline 0.006 -25"><span class='ocrx_word' id='word_1_925' title='bbox 2086 5212 2402 5289; x_wconf 54' lang='lat' dir='ltr'><strong>:Scriptum</strong></span> <span class='ocrx_word' id='word_1_926' title='bbox 2472 5225 2555 5267; x_wconf 85' lang='lat' dir='ltr'><strong>est</strong></span> <span class='ocrx_word' id='word_1_927' title='bbox 2592 5218 2760 5289; x_wconf 77' lang='lat' dir='ltr'><strong>enim</strong></span> <span class='ocrx_word' id='word_1_928' title='bbox 2789 5212 2802 5270; x_wconf 78' lang='grc' dir='ltr'>Ξ</span> <span class='ocrx_word' id='word_1_929' title='bbox 2835 5215 3158 5289; x_wconf 84' lang='lat' dir='ltr'><strong>Tempornm</strong></span> <span class='ocrx_word' id='word_1_930' title='bbox 3223 5233 3278 5276; x_wconf 89' lang='lat' dir='ltr'><strong>et</strong></span> <span class='ocrx_word' id='word_1_931' title='bbox 3341 5224 3663 5277; x_wconf 61' lang='lat' dir='ltr'><strong>surculorum</strong></span> 
     </span>
    </p>
   </div>
   <div class='ocr_carea' id='block_1_115' title="bbox 2086 5281 3667 5349">
    <p class='ocr_par' dir='ltr' id='par_1_115' title="bbox 2086 5281 3667 5349">
     <span class='ocr_line' id='line_1_119' title="bbox 2086 5281 3667 5349; baseline 0.011 -18"><span class='ocrx_word' id='word_1_932' title='bbox 2086 5281 2260 5333; x_wconf 79' lang='lat' dir='ltr'><strong>factor</strong></span> <span class='ocrx_word' id='word_1_933' title='bbox 2322 5285 2479 5338; x_wconf 87' lang='lat' dir='ltr'><strong>Deus.</strong></span> <span class='ocrx_word' id='word_1_934' title='bbox 2508 5303 2527 5335; x_wconf 71' lang='grc' dir='ltr'><strong>ι</strong></span> <span class='ocrx_word' id='word_1_935' title='bbox 2577 5286 2643 5338; x_wconf 83' lang='lat' dir='ltr'><strong>At</strong></span> <span class='ocrx_word' id='word_1_936' title='bbox 2683 5303 2804 5340; x_wconf 88' lang='lat' dir='ltr'><strong>cum</strong></span> <span class='ocrx_word' id='word_1_937' title='bbox 2849 5289 2936 5344; x_wconf 86' lang='lat' dir='ltr'><strong>hic</strong></span> <span class='ocrx_word' id='word_1_938' title='bbox 2971 5281 3150 5345; x_wconf 77' lang='lat' dir='ltr'><strong>lextus</strong></span> <span class='ocrx_word' id='word_1_939' title='bbox 3206 5291 3260 5345; x_wconf 87' lang='lat' dir='ltr'><strong>in</strong></span> <span class='ocrx_word' id='word_1_940' title='bbox 3306 5291 3503 5348; x_wconf 87' lang='lat' dir='ltr'><strong>Bibliis</strong></span> <span class='ocrx_word' id='word_1_941' title='bbox 3562 5308 3667 5349; x_wconf 66' lang='lat' dir='ltr'><strong>non</strong></span> 
     </span>
    </p>
   </div>
   <div class='ocr_carea' id='block_1_116' title="bbox 2085 5352 3008 5415">
    <p class='ocr_par' dir='ltr' id='par_1_116' title="bbox 2085 5352 3008 5415">
     <span class='ocr_line' id='line_1_120' title="bbox 2085 5352 3008 5415; baseline 0.01 -11"><span class='ocrx_word' id='word_1_942' title='bbox 2085 5361 2283 5415; x_wconf 84' lang='lat' dir='ltr'><strong>exstet,</strong></span> <span class='ocrx_word' id='word_1_943' title='bbox 2319 5352 2521 5408; x_wconf 85' lang='lat' dir='ltr'><strong>idcirco</strong></span> <span class='ocrx_word' id='word_1_944' title='bbox 2544 5355 2702 5411; x_wconf 88' lang='lat' dir='ltr'><strong>aliter</strong></span> <span class='ocrx_word' id='word_1_945' title='bbox 2735 5358 3008 5413; x_wconf 87' lang='lat' dir='ltr'><strong>transtuli.</strong></span> 
     </span>
    </p>
   </div>
   <div class='ocr_carea' id='block_1_117' title="bbox 2151 5420 3666 5502">
    <p class='ocr_par' dir='ltr' id='par_1_117' title="bbox 2151 5420 3666 5502">
     <span class='ocr_line' id='line_1_121' title="bbox 2151 5420 3666 5502; baseline 0.008 -27"><span class='ocrx_word' id='word_1_946' title='bbox 2151 5420 2263 5502; x_wconf 73' lang='grc'>(69)</span> <span class='ocrx_word' id='word_1_947' title='bbox 2311 5422 2713 5502; x_wconf 38' lang='grc' dir='ltr'>Μηιιίῖαήαηιη</span> <span class='ocrx_word' id='word_1_948' title='bbox 2766 5427 2929 5482; x_wconf 87' lang='lat' dir='ltr'><strong>Hebr.</strong></span> <span class='ocrx_word' id='word_1_949' title='bbox 2973 5445 3040 5502; x_wconf 74' lang='lat' dir='ltr'><strong>_I.</strong></span> <span class='ocrx_word' id='word_1_950' title='bbox 3092 5430 3162 5495; x_wconf 80' lang='grc'>1,</span> <span class='ocrx_word' id='word_1_951' title='bbox 3208 5431 3263 5485; x_wconf 73' lang='grc'><strong>2.</strong></span> <span class='ocrx_word' id='word_1_952' title='bbox 3309 5431 3489 5486; x_wconf 85' lang='lat' dir='ltr'><strong>Biblia</strong></span> <span class='ocrx_word' id='word_1_953' title='bbox 3552 5440 3666 5502; x_wconf 76' lang='lat' dir='ltr'><strong>pos:</strong></span> 
     </span>
    </p>
   </div>
   <div class='ocr_carea' id='block_1_118' title="bbox 2076 5491 3663 5573">
    <p class='ocr_par' dir='ltr' id='par_1_118' title="bbox 2076 5491 3663 5573">
     <span class='ocr_line' id='line_1_122' title="bbox 2076 5491 3663 5573; baseline 0.008 -30"><span class='ocrx_word' id='word_1_954' title='bbox 2076 5491 2315 5573; x_wconf 72' lang='grc' dir='ltr'>λαλήσας</span> <span class='ocrx_word' id='word_1_955' title='bbox 2376 5491 2576 5573; x_wconf 74' lang='lat' dir='ltr'><strong>addunt</strong></span> <span class='ocrx_word' id='word_1_956' title='bbox 2632 5499 2743 5573; x_wconf 66' lang='grc' dir='ltr'>τοίς</span> <span class='ocrx_word' id='word_1_957' title='bbox 2808 5500 3101 5573; x_wconf 75' lang='grc' dir='ltr'>πατράσιν,</span> <span class='ocrx_word' id='word_1_958' title='bbox 3148 5491 3210 5554; x_wconf 60' lang='grc' dir='ltr'>ἐι</span> <span class='ocrx_word' id='word_1_959' title='bbox 3266 5510 3387 5570; x_wconf 81' lang='lat' dir='ltr'><strong>post</strong></span> <span class='ocrx_word' id='word_1_960' title='bbox 3441 5491 3663 5573; x_wconf 55' lang='grc' dir='ltr'>ήμέρῶξ</span> 
     </span>
    </p>
   </div>
   <div class='ocr_carea' id='block_1_119' title="bbox 2082 5562 3660 5645">
    <p class='ocr_par' dir='ltr' id='par_1_119' title="bbox 2082 5562 3660 5645">
     <span class='ocr_line' id='line_1_123' title="bbox 2082 5562 3660 5645; baseline 0.012 -35"><span class='ocrx_word' id='word_1_961' title='bbox 2082 5562 2891 5645; x_wconf 27' lang='grc' dir='ltr'>ιιὶιιιξιιιιίιτούτων’Δία-όθιιιριιι</span> <span class='ocrx_word' id='word_1_962' title='bbox 2923 5562 3022 5645; x_wconf 75' lang='lat' dir='ltr'><strong>pro</strong></span> <span class='ocrx_word' id='word_1_963' title='bbox 3054 5562 3203 5623; x_wconf 79' lang='grc' dir='ltr'>ἔθετο</span> <span class='ocrx_word' id='word_1_964' title='bbox 3235 5562 3441 5627; x_wconf 72' lang='lat' dir='ltr'><strong>habent</strong></span> <span class='ocrx_word' id='word_1_965' title='bbox 3464 5562 3660 5645; x_wconf 64' lang='grc' dir='ltr'>’ἐθήκερ</span> 
     </span>
    </p>
   </div>
   <div class='ocr_carea' id='block_1_120' title="bbox 2085 5633 2983 5705">
    <p class='ocr_par' dir='ltr' id='par_1_120' title="bbox 2085 5633 2983 5705">
     <span class='ocr_line' id='line_1_124' title="bbox 2085 5633 2983 5705; baseline 0.009 -20"><span class='ocrx_word' id='word_1_966' title='bbox 2085 5633 2187 5685; x_wconf 76' lang='lat' dir='ltr'><strong>Sed</strong></span> <span class='ocrx_word' id='word_1_967' title='bbox 2215 5634 2333 5688; x_wconf 85' lang='lat' dir='ltr'><strong>vide</strong></span> <span class='ocrx_word' id='word_1_968' title='bbox 2357 5648 2524 5705; x_wconf 78' lang='lat' dir='ltr'><strong>segni.</strong></span> <span class='ocrx_word' id='word_1_969' title='bbox 2554 5636 2622 5689; x_wconf 75' lang='grc'>27</span> <span class='ocrx_word' id='word_1_970' title='bbox 2651 5639 2700 5705; x_wconf 83' lang='lat' dir='ltr'><strong>b,</strong></span> <span class='ocrx_word' id='word_1_971' title='bbox 2723 5637 2894 5693; x_wconf 72' lang='lat'><strong>01201</strong></span> <span class='ocrx_word' id='word_1_972' title='bbox 2926 5633 2983 5693; x_wconf 68' lang='grc' dir='ltr'><strong>Ἰ).</strong></span> 
     </span>
    </p>
   </div>
  </div>
