3688 6310
332 263 441 321 διο

1570 273 1728 328 DlDY
1740 275 1805 329 311
1845 273 2023 330 Αιεχ
2037 274 2312 334 ANDRINI

3476 290 3577 345 520

331 382 654 445 Opportune,
686 376 777 431 sed
832 379 899 433 ad
956 380 1256 436 orationem
1308 382 1603 437 ornandam
1638 388 1787 440 memi

2218 390 2305 443 καὶ
2330 388 2778 461 θαυμαζέτωσαν,
2805 395 2926 448 ἀντὶ
2952 396 3061 451 τῶν
3081 398 3197 463 νῦν,
3224 401 3259 453 ἃ
3282 400 3582 473 θαυμάζειν
3670 422 3674 427 ·

330 480 456 522 runt
479 469 739 535 haeretici,
768 486 1085 526 internarum
1109 482 1404 541 portarunt,
1443 484 1499 529 et
1531 477 1708 531 ovium
1740 480 1898 535 tinem

332 561 645 629 praedictum
679 577 799 617 esse
837 564 887 617 in
918 565 1173 629 oraculis,
1218 580 1338 634 quae
1366 580 1397 620 a
1444 565 1597 621 nobis
1656 580 1811 623 antea
1845 570 1897 623 in

334 654 476 706 hanc
509 668 621 706 rem
648 653 808 707 allata
839 665 1005 709 sunt:
1045 664 1100 711 et
1123 654 1336 710 discant
1383 658 1619 723 tandem,
1652 674 1774 712 eum
1808 660 1899 729 qui

331 743 401 795 sit
430 744 547 797 sine
577 743 754 808 initio,
778 756 830 799 et
859 747 1270 802 immutabiliter
1298 756 1554 811 aeternus,
1576 750 1641 803 ab
1664 764 1728 805 eo
1758 750 1900 819 quod

332 833 493 887 estin
549 843 788 904 tempore
837 844 891 891 et
944 837 1219 901 mutabile,
1268 838 1518 903 differre;
1568 854 1742 908 neque
1772 854 1899 894 vero

332 940 557 992 parvum
593 941 712 980 esse
744 928 847 981 hoc
899 928 1209 995 discrimen,
1270 944 1444 998 neque
1474 932 1898 987 duntaxatcirca

331 1018 645 1085 essentiam,
676 1030 730 1073 et
759 1034 872 1086 eas,
902 1022 1096 1090 quibus
1121 1023 1233 1076 haec
1264 1031 1512 1089 ornatur,
1541 1026 1898 1094 proprietates

333 1111 558 1175 versari,
592 1110 685 1165 sed
713 1127 777 1166 ex
812 1120 922 1167 toto
947 1121 1001 1166 et
1026 1113 1079 1167 in
1105 1123 1271 1168 toturn
1306 1114 1490 1170 isthaac
1533 1117 1677 1170 inter
1704 1133 1763 1172 se
1791 1119 1901 1173 dis-

331 1215 573 1268 crepare.
606 1200 801 1255 Notum
838 1211 1014 1257 autem
1050 1204 1181 1273 ipsis
1208 1205 1306 1259 hoc
1329 1207 1493 1260 etiam
1511 1208 1601 1271 sit,
1636 1206 1895 1277 Spiritum

330 1301 572 1345 sanctum
596 1293 799 1349 scilicet
833 1304 1091 1349 aeternum
1125 1297 1228 1350 dici
1264 1313 1368 1353 non
1406 1309 1646 1369 respectu
1680 1315 1895 1357 creatu-

331 1398 535 1451 rarum,
562 1386 654 1439 sed
691 1397 937 1455 respectu
973 1389 1109 1458 ejus,
1142 1405 1170 1443 a
1205 1407 1311 1459 quo
1354 1395 1533 1447 omnia
1582 1395 1687 1448 vim
1746 1396 1891 1450 acci-

329 1474 501 1544 piunt,
537 1476 628 1531 Dei
679 1476 858 1533 Patris
912 1490 967 1534 et.
1023 1481 1186 1537 Filii:
1239 1499 1301 1539 ac
1331 1484 1584 1540 deteriori
1614 1486 1891 1556 repudiata

326 1566 601 1636 Opinione,
628 1570 904 1626 meliorem
940 1573 1259 1644 eligant:et
1308 1592 1404 1647 pro
1464 1579 1549 1644 iis,
1592 1595 1712 1649 quae
1755 1594 1897 1635 nunc

326 1658 686 1724 admirantur,
711 1677 773 1717 ea
802 1665 1157 1732 admirentur,
1198 1684 1316 1737 qua!
1347 1670 1706 1728 admiratione
1737 1672 1893 1742 digna

2001 480 2175 547 ἄξιον·
2211 483 2302 535 καὶ
2331 481 2691 554 πραξάτωσαν
2725 487 2916 556 βελτίω
2954 489 3045 542 τὸν
3078 492 3217 561 μετὰ
3253 492 3424 545 ταῦτα
3459 494 3583 564 χῴο

2000 589 2122 626 νον·
2157 574 2348 644 φθόνος
2402 575 2509 648 γάρ
2560 578 2763 642 οὐδείς·
2822 581 2915 634 καὶ
2960 583 3053 651 ἀφ’
3087 576 3161 635 ὧν
3203 584 3301 655 τὴν
3343 586 3584 650 ἀλαζόνα

2003 662 2207 734 μέμψιν
2240 665 2614 738 ποιησάμενοι,
2654 670 2881 735 ἑαυτοὺς
2909 673 3171 744 ἔϐλαψαν,
3206 678 3460 730 ἐντεῦθεν
3494 688 3587 732 καὶ

1999 757 2060 810 τὸ
2087 757 2187 827 τῆς
2221 760 2578 830 μεταμελείας
2609 761 2799 831 ὃςρελος
2824 765 3335 835 ἀπενεγκάσθωσαν.
3365 771 3427 823 Ei
3453 773 3586 841 γὰρ,

1998 848 2073 913 ὼς
2108 848 2408 920 θεοπρεπὲς
2430 869 2482 905 τι
2506 853 2889 927 ἐνδεικνυμένη
2917 858 2949 926 ἡ
2980 858 3122 925 λέξις
3147 860 3307 931 αὕτη,
3340 863 3588 933 ἐχρήσθη

1999 941 2127 1012 περὶ
2154 942 2247 995 τοῦ
2271 942 2404 996 Θεοῦ
2428 945 2640 1017 Πατρὸς
2676 950 2766 1000 καὶ
2798 948 2891 1001 τοῦ
2918 950 3069 1013 Υίοῦ,
3098 952 3225 1015 ἴσως
3258 954 3351 1006 καὶ
3386 954 3590 1023 ὁμοίως

1998 1032 2292 1105 ἐκληφθείη
2316 1035 2381 1088 ἂν
2411 1037 2651 1107 περὶτοῦ
2680 1038 2991 1110 Πνεὺματος
3019 1043 3113 1096 τοῦ
3146 1044 3301 1099 Θεοῦ.
3346 1047 3442 1099 Ἐν
3489 1047 3591 1115 μὲν

1997 1124 2059 1195 δὴ
2093 1126 2281 1178 τοῦτο·
2314 1126 2500 1197 ἓτερον
2537 1129 2614 1193 δὲ,
2646 1131 2726 1185 ὅτι
2759 1133 2910 1187 οὐδὲν
2959 1126 3031 1186 ὧν
3072 1136 3425 1208 ἐμνήσθησαν
3464 1140 3592 1190 αἰω-

1997 1217 2145 1279 νίων,
2173 1221 2609 1292 προσηγόρευται
2656 1222 2815 1287 θεῖον,
2851 1225 2883 1296 ἦ
2914 1226 3135 1297 Πνεῦμα
3182 1228 3337 1296 ἅγιον
3382 1230 3446 1281 ἐκ
3494 1229 3588 1281 τοῦ

1996 1309 2131 1363 Θεοῦ
2163 1312 2510 1383 ὲκπορευθέν,
2541 1315 2710 1386 ἤγουν
2738 1318 2795 1371 ἓν
2825 1336 2901 1379 τι,
2934 1320 3026 1373 καὶ
3066 1321 3139 1392 μὴ
3164 1322 3366 1390 πλῆθος
3400 1324 3481 1375 ὃν·
3502 1325 3590 1376 οὖς

1994 1400 2051 1454 δὲ
2113 1404 2576 1479 συντάττεταιτῷ
2607 1410 2781 1482 Πατρὶ
2836 1413 2930 1466 καὶ
2983 1412 3061 1483 τῷ
3120 1414 3234 1484 Υίῷ
3292 1417 3375 1480 είς
3430 1416 3587 1468 θείαν

2000 1498 2385 1566 μυσταγωγίαν
2427 1501 2521 1554 καὶ
2559 1494 2746 1574 θἐῖκὴν
2790 1504 3017 1576 δωρεάν,
3045 1506 3164 1558 οὑδὲ
3205 1506 3375 1578 ἄλλης
3416 1509 3584 1572 τικὼς,

1998 1587 2084 1640 ἵνα
2125 1590 2199 1660 μὴ
2238 1590 2599 1663 πολλάηλὲγω,
2637 1592 2850 1665 θεότητι
2883 1598 3191 1668 ἀνηκούσης
3221 1600 3390 1671 τιμῆς
3422 1601 3590 1670 ἠξίω-

1996 1696 2106 1733 ται.
2140 1679 2301 1734 Ἀλλο
2327 1683 2462 1754 πρὸς
2491 1683 2703 1749 τούτοις
2723 1704 2735 1717 ο
2784 1687 2841 1739 '0
2868 1687 3000 1751 Θεὸς
3020 1689 3115 1741 καὶ
3144 1689 3331 1761 Πατὴρ
3363 1691 3589 1759 εὐδόκη-

326 1760 470 1817 Sunt,
499 1767 563 1808 ac
614 1765 893 1810 venturum
927 1768 1138 1828 tempus
1165 1762 1732 1836 feliciustransigant;
1765 1782 1782 1820 ι

2132 1772 2207 1827 ita:
2235 1773 2342 1848 [69
2370 1742 2560 1849 71]-τοῦ
2591 1742 2721 1832 Υἱοῦ
2749 1780 2910 1834 αὑτοῦ
2939 1742 3111 1851 Λύγου
3141 1742 3314 1836 πάντά
3328 1784 3393 1854 δη
3404 1743 3588 1855 pta-ap.-

326 1843 469 1896 enim
501 1846 628 1914 ipsis
673 1848 972 1904 invidemus
995 1869 1008 1882 ·
1033 1860 1087 1905 et
1121 1854 1261 1909 unde
1308 1868 1648 1926 arrogantem
1678 1872 1899 1913 accusa-

327 1936 526 1992 tionem
565 1939 781 1996 sibimet
822 1942 952 2006 ipsis
990 1946 1207 2001 noxiam
1250 1948 1723 2018 deprompserunt,
1775 1950 1900 2006 inde

328 2031 660 2099 poenitentia:
694 2035 1111 2091 emolumentum
1143 2040 1463 2110 percipiant.
1517 2041 1573 2095 Si
1623 2043 1767 2096 enim
1795 2058 1897 2097 vox

328 2122 442 2177 haec
475 2142 494 2175 ι
525 2136 758 2181 αξιοι-ηαδ
786 2146 806 2180 ι
840 2139 1095 2199 tanquam
1137 2133 1339 2201 aliquid
1388 2134 1571 2188 divina
1622 2133 1901 2205 majestate

326 2216 545 2285 dignum
578 2219 869 2289 designans
904 2223 955 2276 in
984 2222 1281 2294 Scripturis
1317 2227 1382 2281 de
1405 2225 1513 2281 Deo
1538 2226 1698 2281 Patre
1740 2241 1805 2282 ac
1833 2228 1899 2283 ée

324 2307 462 2366 Filio
485 2313 622 2366 dicta
652 2312 771 2378 fuit,
830 2315 993 2371 simili
1040 2329 1093 2370 et
1146 2318 1339 2387 aequali
1390 2320 1548 2375 modo
1577 2321 1895 2389 accipienda

321 2413 409 2457 est
443 2403 533 2458 ubi
569 2404 767 2459 dicitur
824 2407 891 2461 de
942 2408 1143 2477 Spiritu
1178 2410 1293 2464 Dei.
1335 2411 1511 2479 Atque
1537 2410 1651 2466 haec
1677 2411 1897 2481 quidem

324 2500 406 2548 est
434 2494 603 2563 prima
653 2497 951 2565 reSponsio.
1011 2499 1195 2555 Altera
1250 2516 1380 2556 vero
1440 2511 1525 2557 est
1573 2500 1892 2570 hujusmodi.

325 2583 478 2639 Nulla
514 2600 582 2641 ex
612 2587 680 2642 iis
711 2589 873 2644 rebus
898 2591 1139 2657 :eternis,
1191 2597 1328 2662 quas
1383 2603 1894 2660 commemorarunt,

326 2675 669 2732 denominata
698 2690 782 2735 est
807 2690 898 2736 aut
932 2681 1132 2747 divina,
1176 2693 1268 2738 aut
1316 2695 1539 2739 sanctus
1570 2685 1802 2755 Spiritus
1831 2701 1894 2740 ex

324 2764 434 2821 Deo
468 2770 786 2839 procedens,
810 2788 1003 2839 nempe
1037 2790 1199 2828 unum
1252 2776 1382 2845 quid
1414 2785 1468 2830 et
1505 2777 1752 2845 simplex,
1786 2793 1894 2831 non

325 2859 479 2928 plura
520 2863 820 2929 exsistens;
855 2881 1029 2936 neque
1056 2867 1160 2921 ulla
1192 2883 1257 2922 ex
1299 2868 1433 2937 ipsis
1469 2868 1625 2923 simul
1645 2886 1765 2924 cum
1792 2870 1896 2923 Pa-

326 2960 407 3004 tre
430 2960 485 3005 et
532 2951 668 3006 Filio
701 2953 751 3007 in
783 2955 963 3009 divina
990 2957 1333 3027 baptismatis
1370 2960 1725 3030 mystagogia,
1755 2961 1892 3014 uivi-

1998 1865 2255 1937 γηθῆναι.
2304 1870 2414 1924 Καὶ
2442 1872 2589 1933 ποία,
2626 1872 3186 1947 ὼςζόνειροπολοῦσιν,
3230 1876 3474 1947 λοιδορία
3509 1877 3586 1947 τῷ

1998 1958 2275 2030 Πνεὺματι
2310 1961 2473 2015 αὑτοῦ
2502 1962 2580 2033 τῷ
2609 1944 2859 2036 παναγίιρ
2893 1968 2957 2018 ἐκ
2995 1966 3086 2020 τοῦ
3131 1967 3203 2039 μὴ
3240 1944 3585 2038 δημιουργῆξ

1999 2066 2110 2115 σαι,
2152 2052 2205 2105 ετ
2231 2069 2294 2121 γε
2324 2054 2453 2124 ἄρα,
2502 2057 2621 2108 κατ’
2651 2057 2865 2120 αὑτοὺς,
2900 2058 2974 2129 μὴ
3022 2059 3276 2131 ἀρρήτως
3321 2062 3585 2130 συνεργόν

1997 2141 2113 2194 ἐστι
2142 2141 2220 2213 τῷ
2258 2145 2606 2217 Δημιουργῷ,
2640 2146 2715 2211 ὡς
2755 2149 2783 2201 6
2820 2149 3037 2220 Πατήρ;
3064 2150 3184 2203 Ὅτι
3213 2150 3269 2203 δὲ
3302 2150 3397 2203 τοῦ
3436 2169 3589 2221 μονο-

1999 2233 2190 2303 γενοῦς
2218 2235 2381 2289 αὑτοῦ
2416 2236 2545 2290 Υίοῦ
2580 2239 2775 2307 Λόγου,
2817 2239 2911 2293 καὶ
2940 2240 3032 2293 τοῦ
3066 2242 3183 2304 ἐνὸς
3213 2242 3374 2309 ἁγίου
3408 2243 3584 2295 Ilva-3-

2001 2346 2188 2402 ματος,
2240 2334 2389 2401 πᾶσα
2440 2332 2689 2404 ἐνέργεια
2730 2336 2824 2389 καὶ
2867 2335 3062 2408 δωρεὰ,
3094 2336 3459 2409 δημιουργική
3501 2355 3583 2401 τε,

1997 2423 2176 2495 ἀγαθή
2226 2441 2287 2477 τε
2324 2424 2418 2478 καὶ
2443 2425 2645 2488 τελεία,
2670 2426 2765 2503 καὶ
2800 2427 2951 2499 κοινὴ
2982 2421 3159 2503 αὑτῷν
3192 2428 3454 2500 ὑπάρχει,
3493 2430 3589 2483 ἀν-

1997 2513 2189 2581 άγεται
2212 2514 2268 2567 δέ
2294 2513 2389 2569 ὅλα
2419 2515 2499 2578 είς
2525 2515 2615 2568 τὸν
2635 2500 2750 2579 ἕνα,
2781 2518 2838 2584 ἐξ
2865 2513 2924 2572 οὗ
2958 2520 3052 2572 καὶ
3087 2500 3184 2572 σὺν
3214 2512 3259 2587 ᾧ
3286 2521 3588 2591 ἀφράστως

2000 2604 2338 2674 ἐξεφάνησαν
2359 2607 2415 2659 αί
2439 2608 2704 2678 μακαρίαι
2735 2611 3062 2674 ὑποστάσεις
3083 2605 3240 2665 αὗται
3262 2629 3274 2642 ·
3311 2615 3491 2683 ῥᾷστα
3522 2615 3589 2666 ἂν

1998 2696 2302 2768 καταμάθοι
2346 2700 2374 2751 6
2417 2698 2660 2761 ἐξέτασίν
2707 2719 2830 2755 τινα
2861 2705 3033 2775 ἠσυχή
3073 2706 3440 2777 ποιησάμενος
3476 2708 3587 2759 τῶν

1998 2791 2189 2860 σοφίας
2221 2791 2433 2861 μεστῶν
2472 2793 2688 2862 λογίων,
2728 2796 2836 2849 τῶν
2875 2814 2933 2849 τε
2974 2799 3031 2850 ἐν
3076 2798 3350 2869 διαφόροις
3398 2800 3590 2862 τόποις

1996 2880 2149 2948 τοῦδε
2180 2881 2274 2935 τοῦ
2302 2882 2506 2953 βιϐλίου
2546 2887 3037 2957 μνημονευθεισῶν,
3066 2890 3172 2941 τῶν
3192 2907 3251 2942 τε
3281 2893 3338 2944 ἐν
3368 2891 3448 2961 τῷ
3482 2893 3589 2962 πρὸ

1997 2976 2181 3030 αὑτοῦ.
2223 2977 2333 3030 Καὶ
2371 2976 2582 3042 Παῦλος
2627 2978 2703 3044 δὲ,
2749 2980 2808 3032 οὐ
2851 2981 3112 3051 κρείττων
3158 2982 3190 3051 ἢ
3227 2984 3351 3036 κατ’
3378 2982 3591 3053 ἀνθρώ-

324 3056 512 3111 nzeque
535 3044 1021 3117 gratiaelargitioue
1052 3048 1366 3118 collocatur,
1430 3066 1602 3121 neque
1660 3052 1765 3105 ullo

2131 3088 2153 3133 ·,
2209 3070 2483 3142 ἀπέφηνεν
2502 3038 2972 3143 τοῦτο’φανερῶς
3026 3038 3587 3144 διαόεέαιωσάμενος,

322 3132 528 3190 honore
583 3137 767 3192 deltati
820 3143 1176 3198 conveniente
1209 3144 1314 3215 (ne
1353 3145 1504 3214 plura
1561 3161 1778 3199 enmner

2131 3159 2310 3221 ,νθίοις
2331 3132 2473 3233 ’μένα
2510 3182 2529 3215 ι
2552 3162 2713 3216 Ἀλλά
2737 3132 3133 3228 ἀπελούσασθε,
3166 3165 3301 3219 ἀλλά
3328 3132 3587 3219 saxatan

322 3226 541 3297 dignata
567 3238 671 3284 est.
724 3230 882 3286 Aliud
933 3242 1193 3302 praiterca
1242 3238 1457 3291 addam.
1506 3236 1597 3291 Dei
1633 3248 1686 3291 et
1720 3237 1896 3292 Patris

321 3317 714 3386 complacentia
744 3319 867 3388 fuit,
896 3333 955 3377 ut
978 3339 1075 3394 per
1099 3325 1292 3380 Filium
1320 3343 1476 3381 suum
1521 3326 1753 3383 Verbum
1781 3344 1896 3383 om-

321 3408 408 3461 nia
436 3419 759 3467 crearentur
795 3431 810 3474 ;
862 3416 1038 3485 qualis
1067 3428 1249 3473 autem
1293 3420 1637 3475 sanctissimo
1668 3420 1893 3489 Spiritui

321 3499 520 3570 injuria
556 3518 661 3557 non
694 3504 1006 3576 inferretur,
1044 3510 1113 3575 si,
1146 3520 1205 3563 ut
1229 3510 1328 3579 ipsi
1382 3511 1672 3571 somniant.
1710 3527 1897 3567 creare

320 3606 429 3646 non
468 3592 778 3650 diceretur?
808 3598 1058 3653 nimirum
1086 3600 1154 3667 si,
1188 3612 1245 3654 ut
1274 3602 1308 3655 ii
1346 3602 1555 3670 volunt,
1583 3604 1743 3659 simul
1773 3619 1893 3657 cum

317 3681 579 3739 Creatore
608 3702 763 3755 mque
823 3702 887 3744 ac
947 3689 1108 3745 Pater
1163 3691 1507 3749 ineifabiliter
1544 3694 1754 3763 operari
1788 3711 1894 3749 non

320 3777 676 3834 crederetur?
708 3778 859 3845 Quod
900 3791 1079 3836 autem
1120 3784 1378 3853 unigeniti
1413 3784 1530 3854 ejus
1567 3784 1890 3852 FiliiVerbi,

316 3875 374 3921 et
412 3869 568 3924 unius
604 3869 840 3941 Spiritus
864 3875 1037 3929 sancti
1082 3876 1327 3944 operatio
1365 3876 1563 3943 omnis,
1592 3887 1754 3946 atque
1791 3878 1894 3931 lar-

318 3959 448 4028 gitio
481 3970 536 4015 et
564 3962 841 4020 Creatoris
868 3968 1107 4036 propria,
1140 3979 1190 4023 et
1236 3969 1399 4031 bona,
1436 3980 1493 4023 et
1539 3970 1800 4039 perfecta,
1839 3982 1894 4026 et

315 4056 621 4109 communis
646 4056 887 4125 ipsorum
924 4059 1014 4125 sit,
1051 4061 1232 4113 omnia
1290 4076 1418 4115 vero
1478 4062 1532 4115 in
1580 4062 1797 4117 unicum
1830 4078 1893 4118 ac

317 4142 491 4194 solum
516 4143 843 4209 referantur,
894 4162 960 4200 ex
1010 4164 1136 4216 quo,
1170 4159 1225 4203 et
1270 4165 1394 4203 cum
1445 4167 1550 4218 quo
1583 4151 1753 4206 beata:
1781 4154 1895 4208 lSliB

318 4232 635 4301 hypostases
670 4236 831 4309 156
878 4237 1222 4295 ineﬂ‘abiliter
1273 4242 1594 4307 eluxerunt,
1641 4243 1895 4301 facillime

319 4325 581 4395 intelliget
609 4331 699 4398 qui
725 4332 943 4385 oracula
969 4335 1247 4402 sapientiai
1290 4337 1445 4404 plena
1483 4354 1604 4392 cum
1633 4337 1686 4392 in
1717 4340 1896 4393 diver-

1999 3249 2147 3322 θητε,
2182 3252 2315 3305 ἀλλὰ
2347 3254 2645 3324 ἡγιάσθητε
2706 3256 2764 3308 ἐν
2816 3255 2895 3327 τῷ
2951 3257 3171 3327 ὀνόματι
3223 3257 3319 3310 τοῦ
3372 3258 3588 3328 Κυρίου

1994 3344 2152 3414 ἡμῶν
2199 3345 2372 3416 Ἰησοῦ
2396 3344 2655 3417 Χριστοῦ,
2690 3349 2784 3402 καὶ
2821 3349 2879 3402 ἐν
2900 3348 2977 3419 τῷ
2999 3348 3274 3418 Πνεὺματι
3298 3347 3395 3402 τοῦ
3445 3348 3589 3401 Θεοῦ

1996 3435 2174 3506 ἡμῶν.
2218 3455 2237 3488 ι
2272 3436 2458 3507 Ἀθρει
2488 3433 2601 3504 οὖν,
2635 3436 2812 3510 ἄθρει,
2847 3438 2923 3501 ὡς
2952 3441 2998 3492 εἰ
3034 3440 3211 3493 θεῖκὸν
3243 3440 3436 3509 ὄνομα,
3474 3438 3591 3491 ὧσ-

1994 3544 2102 3599 περ
2140 3523 2231 3582 οῦν
2264 3528 2463 3592 θεῖκὸν,
2493 3530 2554 3583 τὸ
2584 3530 2677 3584 τοῦ
2723 3531 2873 3595 Υίοῦ,
2908 3532 3204 3598 ἐξάπαντος
3244 3534 3338 3586 καὶ
3376 3532 3441 3584 τὸ
3490 3531 3590 3584 τοῦ

1995 3621 2150 3688 ἁγίου
2190 3621 2536 3692 Πνεύματος·
2579 3624 2636 3676 ἓν
2685 3624 2793 3695 γὰρ
2833 3624 3033 3695 ἀμφοῖν
3080 3624 3257 3679 αὑτῶν
3310 3626 3592 3695 ἐδήλωσεν

1994 3712 2183 3782 ὄνομα.
2228 3715 2337 3766 Καὶ
2380 3716 2483 3780 ὅτι,
2539 3715 2615 3779 ὡς
2671 3716 2967 3785 συγκτίσαν
3018 3717 3273 3787 ἀρρήτως
3317 3716 3380 3768 τὸ
3426 3717 3593 3784 ᾰγιον

1995 3805 2219 3876 Πνεῦμα
2240 3806 2392 3879 παρὰ
2424 3808 2524 3878 τὴν
2551 3809 2748 3880 ἀρχὴν,
2777 3809 2870 3863 καὶ
2902 3809 2997 3863 νῦν
3030 3808 3327 3872 ἀνακτίζει.
3362 3808 3438 3861 Τὸ
3475 3808 3593 3881 γὰρ

1993 3896 2420 3962 ἀπολοὺσασθαι,
2464 3898 2525 3952 τὸ
2565 3900 2954 3971 ἀνακτισθῆναι
2988 3901 3277 3971 ἐσήμανεν.
3310 3900 3461 3969 Τίτῳ
3500 3899 3592 3950 δέ’

1999 4003 2018 4036 ι
2059 3986 2457 4060 Ἀναγεννήσας
2480 3991 2629 4060 ἡμᾶς
2655 3990 2744 4043 διὰ
2782 3990 3008 4061 λουτροῦ
3044 3991 3467 4060 παλιγγενεσίας
3494 3992 3598 4045 καὶ

1993 4077 2386 4143 ἀνακαινίσεως
2416 4081 2734 4152 Πνεὺματος
2768 4081 2944 4150 ἁγίου.
2986 4101 3004 4133 ›
3040 4082 3204 4135 Οὑδέν
3222 4082 3277 4134 δέ
3293 4078 3461 4152 ἦττον
3494 4082 3598 4135 καὶ

1992 4170 2022 4223 6
2055 4169 2421 4242 Ἰεροψάλτης,
2458 4173 2586 4235 τοὺς
2617 4173 2716 4243 ἤδη
2748 4174 2804 4226 ἐν
2844 4174 3054 4242 γενέσει
3090 4173 3459 4244 ὑπάρχοντας,
3494 4173 3600 4225 νῦν

1993 4260 2342 4332 κτιζομένους
2365 4265 2423 4317 ἐν
2450 4267 2515 4334 τῇ
2539 4264 2660 4337 θείᾳ
2674 4265 3030 4337 κολυμϐήθρᾳ
3042 4265 3427 4337 πνευματικῶς
3444 4266 3604 4330 ἀξιοί

1993 4352 2209 4410 εἰδέναι.
2249 4356 2418 4427 Φησὶν
2454 4356 2562 4428 γάρ
2581 4375 2595 4390 ·
2644 4377 2662 4410 ι
2686 4358 2827 4422 Aab;
2856 4361 2883 4412 6
2909 4358 3225 4428 κτιζόμενος
3250 4359 3463 4412 αίνέσει
3503 4360 3603 4412 τὶν

316 4422 394 4473 sis
418 4420 572 4487 hujus
601 4422 722 4475 libri
785 4423 941 4489 locis,
994 4438 1105 4479 tum
1166 4428 1218 4482 in
1265 4430 1541 4497 superiore
1575 4431 1710 4485 libro
1737 4447 1772 4485 ο

2146 4465 2212 4501 ον.
2248 4466 2267 4500 ι
2302 4448 2509 4503 Οὔκουν
2542 4452 2597 4504 αἱ
2644 4450 2742 4522 τὴν
2796 4451 2964 4521 αὑτὴν
2990 4451 3152 4523 τιμὴν
3180 4452 3269 4505 καί
3299 4452 3602 4523 ἐνέργειαν

318 4523 614 4567 memorata
648 4514 783 4585 (77),
818 4518 1003 4584 quieto
1028 4518 1139 4590 (78)
1167 4536 1228 4575 ac
1260 4524 1546 4592 tranquillo
1586 4526 1766 4580 animo
1792 4527 1887 4580 ali-

315 4601 629 4669 quantulum
680 4606 973 4673 expendat.
1047 4609 1155 4665 Sed
1209 4611 1405 4667 Paulus
1459 4631 1674 4684 quoque
1721 4631 1885 4687 supra

312 4707 654 4748 communem
689 4696 965 4753 hominum
1008 4702 1369 4758 conditionem
1402 4706 1573 4760 elatus
1611 4706 1718 4781 (79)
1770 4725 1883 4762 ma-

314 4785 511 4841 nifesto
541 4787 591 4841 id
622 4788 881 4857 declarat,
907 4793 1031 4846 dum
1084 4794 1135 4848 in
1184 4794 1450 4863 Epistola‘
1482 4798 1548 4850 ad
1574 4796 1881 4855 Corinthios

312 4877 429 4933 haec
453 4890 727 4934 asseverat
752 4898 766 4935 :
815 4901 834 4934 ι
867 4884 972 4937 Sed
997 4885 1164 4940 abluti
1189 4886 1298 4959 (80)
1316 4889 1467 4952 estis,
1493 4890 1583 4944 sed
1605 4889 1881 4955 iustiﬁcati

315 4971 465 5036 estis,
485 4972 576 5026 sed
608 4974 927 5031 sanctiﬁcati
949 4980 1078 5032 estis
1111 4979 1163 5033 in
1214 4982 1430 5036 nomine
1463 4983 1672 5038 Domini
1708 4987 1881 5039 nostri

317 5061 445 5117 Jesu
473 5064 690 5131 Christi,
726 5076 778 5121 et
833 5068 885 5121 in
936 5070 1139 5139 Spiritu
1193 5073 1283 5129 Dei
1344 5074 1584 5129 nostri.»
1642 5076 1879 5131 Observa

397 5245 496 5321 \77)
549 5248 984 5329 Continentornta.
1039 5256 1216 5329 Codex
1268 5258 1447 5321 habet,
1494 5263 1878 5329 μνημονευθει-

315 5326 459 5402 σῶν·
499 5337 633 5402 ψιλιιὶ
674 5322 829 5376 lectio
866 5326 984 5378 sine
1032 5327 1192 5402 dubio
1233 5322 1628 5384 mendosa'est'.
1675 5333 1881 5402 Legen-

313 5394 439 5471 dum
521 5391 767 5471 scilicet,
845 5395 1363 5471 μνημονευθέντων·Δ
1415 5409 1512 5471 aut
1588 5391 1880 5471 putandum

315 5463 501 5544 deesse
533 5464 821 5517 dictionem
864 5463 1119 5533 aliquam,
1151 5477 1209 5521 ut
1239 5463 1603 5535 ἀποδείξεων,’
1632 5475 1715 5528 vel
1748 5491 1888 5546 μαρ-

310 5549 742 5683 τυῖἐὲἶσριιίειο.
775 5602 976 5683 Codex,
1001 5570 1189 5683 ﬂeuit.
1226 5607 1370 5683 Lego
1397 5612 1592 5683 ἡσυχῆ.

409 5674 497 5747 79)
531 5676 731 5751 hiatus.
751 5674 979 5751 Codex
1000 5674 1191 5751 habet,
1233 5680 1294 5731 οὑ
1307 5674 1362 5732 ’κ
1373 5674 1614 5751 ρείττων.

1708 5701 1835 5741 205

387 5684 497 5747 (Ἰν)
531 5684 731 5729 hiatus.
776 5684 956 5729 Codex
1000 5684 1191 5741 habet,
1233 5684 1294 5731 ού
1332 5684 1614 5751 κρείττων.
1660 5684 1771 5756 Ego
1811 5686 1890 5741 sic

314 5747 585 5814 transtuli,
612 5746 765 5818 quasi
794 5748 1078 5818 legendum
1115 5750 1253 5817 sit,6
1277 5751 1561 5821 κρείττων.

1990 4539 2205 4609 ἔχουσαι
2237 4541 2560 4605 ὑποστάσεις
2578 4542 2631 4615 [Ἰ
2636 4546 2669 4599 Ο
2688 4543 2742 4616 a]
2761 4544 2857 4616 τὴν
2879 4544 3043 4615 αὑτὴν
3077 4542 3466 4614 ἐκληρώσαντο
3491 4545 3604 4611 φύ-

1992 4646 2095 4694 σιν,
2132 4632 2223 4684 καὶ
2246 4632 2397 4685 οὑδέν
2426 4632 2641 4705 θεότητι
2662 4635 2756 4687 καὶ
2784 4634 3009 4705 δυνάμει
3040 4635 3387 4706 διαφέρουσιν
3414 4635 3599 4715 αλλή-

1987 4722 2113 4785 λων,
2134 4723 2293 4793 μόναι
2307 4723 2362 4776 δὲ
2386 4724 2749 4796 συμφύεσθαι,
2778 4726 2873 4783 καὶ
2891 4725 3424 4795 ξσυντάττεσθαι,κσ“ι
3446 4744 3599 4779 παν-

1987 4812 2149 4883 ταχοῦ
2174 4816 2601 4869 συνεπινοεῖσθαι
2622 4818 2873 4872 δύνανται
2900 4818 2976 4888 τῷ
2998 4819 3094 4871 ὲνί’
3123 4819 3180 4881 6;
3198 4818 3365 4888 ἄμφω
3395 4820 3593 4880 αὑτὸς,

1988 4903 2087 4972 οὑχ
2108 4896 2183 4956 ὧν
2205 4904 2263 4956 αἱ
2288 4905 2616 4971 ὑποστάσεις
2631 4909 2854 4979 ἀμφοῖν,
2874 4909 2986 4980 ἔχει
3010 4910 3069 4975 ἐξ
3086 4910 3277 4963 ἐαυτοῦ
3300 4911 3591 4978 ἀνάρχως,
3646 4944 3647 4947 η

1986 4996 2078 5047 καὶ
2105 4993 2165 5060 ἐξ
2210 4994 2350 5060 ῐσου,
2378 4998 2473 5051 καὶ
2503 5000 2714 5069 ὁμοίου,
2744 5001 2836 5054 καὶ
2871 5001 3111 5065 ἀλέκτως
3146 5000 3452 5073 ἡνωμέναςν
3489 4999 3593 5053 κεδι

1986 5090 2227 5159 συνεχεῖς
2244 5089 2341 5153 τὰς
2363 5090 2709 5156 ὑποστάσεις.
2727 5093 2850 5149 Ἔτι
2875 5097 3009 5167 πρὸς
3024 5097 3134 5157 τοῖς
3150 5091 3420 5164 λεχθεῖσιν
3432 5108 3447 5124 ο
3468 5094 3595 5147 Πᾶν

2059 5266 2168 5338 (80)
2194 5267 2298 5324 Sed
2338 5271 2522 5327 abluti.
2560 5271 2725 5331 lCor.
2757 5291 2830 5341 Vl,
2866 5275 2951 5329 Η.
2982 5273 3237 5331 Ordinem
3291 5273 3595 5329 verborum

1996 5354 2099 5392 non
2131 5343 2378 5396 entndem
2430 5347 2883 5412 omnino_habent
2920 5346 3111 5400 Biblia.
3158 5343 3291 5399 Vide
3338 5356 3449 5397 not.
3493 5348 3598 5412 9t,

1994 5424 2114 5496 pag:
2142 5412 2230 5464 54.
2263 5412 2521 5496 Didymus
2557 5417 2607 5496 in
2639 5404 2731 5471 lib.
2771 5414 2848 5496 _De
2876 5414 3077 5480 Spiritu
3104 5429 3309 5496 sancto;
3341 5404 3602 5496 ttuttt_._4;

1991 5480 2064 5531 ita
2088 5482 2214 5555 lta-c
2258 5480 2450 5553 allc’gat
2482 5505 2495 5539 :
2528 5505 2544 5536 ι
2572 5488 2859 5554 Apostolus
2906 5501 3121 5555 quoque
3159 5490 3224 5538 ad
3268 5480 3598 5543 Corinthius

1991 5551 2258 5614 scribens,
2301 5551 2713 5611 etenumerans
2755 5573 2885 5623 eos,
2923 5551 3286 5625 qui—regnum
3319 5556 3595 5610 t'mlttrtttu

1991 5630 2120 5672 sunt
2151 5627 2499 5696 consecuturi
2531 5624 2847 5696 (legendum
2874 5622 2879 5623 ί
2905 5622 3036 5695 puto
3079 5622 3199 5678 cum
3233 5622 3600 5682 Bibliothera:

1992 5695 2391 5759 ttostraat-odice
2412 5713 2425 5747 :
2450 5712 2583 5748 «non
2609 5700 3087 5750 suntconseculuri
3108 5713 3156 5759 ι,
3184 5698 3332 5748 addit
3362 5697 3595 5753 (Motis:

1990 5757 2057 5812 Et
2089 5761 2200 5814 lucc
2228 5764 2435 5831 quidem
2469 5767 2667 5835 fuistis,
2693 5772 2780 5821 sed
2812 5771 2975 5822 abluti
3007 5757 3151 5833 estis,
3183 5788 3201 5817 ι
3247 5780 3359 5821 etc.
