3732 6358
134 337 206 393 591

130 456 352 524 δικαίωμα
378 449 477 504 τῶν
496 448 775 519 αίρετικῶν
799 448 999 502 τούτων
1034 444 1406 516 ὁμοιότροπον,
1431 442 1616 516 ὥσπερ

131 548 201 599 καὶ
225 539 525 614 ὀμοιόλεκτόν
551 540 662 590 ἐστι
694 537 793 607 τῆς
818 536 913 589 νῦν
940 535 1261 605 κινουμένης
1294 533 1489 599 ςιώλου
1523 534 1619 587 αὺ-

129 638 209 690 τῶν
239 632 530 702 σοφιστείας,
573 630 647 692 ὼς
695 627 1050 699 μαθησόμεθα
1097 625 1211 696 μετ’
1257 625 1315 676 οὐ
1367 624 1498 677 πολὺ
1551 628 1617 695 τῇ

129 729 253 799 πείρᾳ
282 725 333 790 ἐξ
361 723 524 777 αὐτῶν
558 722 660 776 τῶν
683 720 1010 789 κεφαλαίων.
1051 718 1112 769 Εἰ
1149 717 1256 787 γὰρ
1289 717 1445 787 τυχὸν
1480 716 1620 780 λέξιν

125 822 235 881 τινὰ,
260 820 325 880 ὡς
364 816 454 886 τὴν
494 834 510 866 t
545 814 777 877 αἰώνιος,
820 835 837 863 ι
883 812 915 881 ἢ
958 810 1053 881 τὴν
1091 829 1109 860 ι
1153 807 1370 876 ἀγαθὸς,
1420 827 1436 858 ι
1472 807 1620 860 Θείαν

125 911 299 975 ἔνδειξιν
323 907 629 977 κομίζουσαν
654 905 783 976 περὶ
807 904 905 974 τῆς
944 903 1001 955 ὲν
1039 901 1222 971 μονάδι
1253 900 1498 971 Τριὰδος,
1530 899 1622 951 καὶ

125 1006 230 1073 αὐτῇ
268 1001 372 1054 καθ’
422 1000 537 1053 ὅλου
589 999 683 1051 καὶ
728 995 948 1058 τελείως
997 994 1407 1064 προσήκουσαν,
1467 991 1622 1061 ἔτυχὲ

124 1115 201 1149 που
221 1093 438 1165 εἰρῆσθαι
466 1091 591 1161 περὶ
621 1090 935 1159 κτίσματος,
965 1085 1101 1157 μετὰ
1137 1087 1233 1154 τῆς
1273 1084 1623 1155 ὀφειλομένης

123 1190 328 1259 κτίσματι
351 1187 556 1256 μνήμης
576 1200 588 1215 ⁸
610 1182 758 1235 οὐδὲν
781 1180 877 1250 μὲν
922 1179 1134 1247 λέγουσι
1171 1176 1242 1247 (τί
1290 1176 1397 1247 γὰρ
1426 1175 1516 1229 καὶ
1545 1178 1621 1227 είε

121 1285 214 1337 πεῖν
240 1280 427 1350 ἔχουσιν
447 1276 501 1347 ;)
534 1277 663 1346 περὶ
700 1273 793 1326 τοῦ
827 1270 960 1325 Θεοῦ
994 1270 1203 1341 [ἰατρὸς
1243 1269 1334 1321 καί
1370 1266 1463 1321 τοῦ
1494 1266 1622 1321 Υἱοῦ

119 1373 280 1428 αὐτοῦ·
312 1371 594 1437 κατάγουσι
637 1367 695 1420 δὲ
742 1364 900 1427 εὐθὺς
946 1361 1318 1434 ἀφρονέστατα
1372 1359 1433 1411 τὸ
1474 1361 1623 1427 ἅγιον

118 1467 297 1535 Πνεῦμα
323 1466 393 1526 εἰς
416 1463 508 1533 τὴν
541 1461 737 1523 κτίσιν,
767 1459 864 1511 οὐκ
898 1457 1157 1524 ἀνάγουσι
1202 1453 1624 1523 πρεπωδέστατα

118 1559 179 1619 είς
193 1553 397 1609 mea»
418 1552 507 1605 καὶ
547 1551 637 1603 τὸν
662 1547 936 1616 Μονογενῆ
966 1545 1090 1607 τοὺς
1125 1546 1179 1596 ἐν
1205 1542 1373 1613 ὁμοίῳ
1406 1542 1496 1594 καὶ
1529 1541 1625 1610 ίσῳ

116 1650 175 1719 τῷ
208 1648 324 1717 ἁγίῳ
348 1644 616 1715 Πνεὺματι
662 1637 1041 1714 ἁρμοδιώτατα
1087 1635 1192 1689 ὑπὸ
1226 1633 1331 1688 τῶν
1366 1633 1625 1701 θεολόγων

116 1738 562 1810 ἀνευφημηϐἑντας.
590 1735 703 1788 Καὶ
745 1732 917 1802 μόνων
949 1728 1126 1781 τοίνυν
1166 1725 1273 1778 τῶν
1306 1724 1441 1796 πρὸς

1097 323 1179 378 DE
1218 318 1594 379 TRINITATE
1632 320 1833 376 LIBER
1875 320 2250 379 SECUNDUS.

1722 457 1868 512 ergo,
1894 440 2139 504 observa,
2180 439 2223 493 si
2279 437 2516 492 divinum
2567 444 2670 501 est,
2724 444 2781 488 ut
2822 449 2951 489 sane
3001 442 3107 501 est,
3159 434 3280 490 Filii

1722 548 1941 599 nomen,
1975 533 2078 587 tale
2131 531 2350 586 omnino
2393 544 2512 584 esse
2553 543 2745 584 nomen
2808 542 3019 597 quoque
3051 526 3285 597 Spiritus

1722 625 1895 681 sancti
1925 640 2137 679 :unum
2173 625 2315 677 enim
2350 622 2628 676 amborum
2653 620 2787 674 dixit
2812 635 3026 673 nomen.
3054 620 3131 673 Ac
3155 618 3281 673 illud

1722 718 1884 772 etiam
1910 718 2301 781 animadverte,
2320 715 2458 769 sicut
2485 714 2636 768 initio
2674 711 3019 766 inell'ahiliter
3051 710 3284 779 Spiritus

1722 820 1940 864 sanctus
1966 825 2068 862 una
2112 823 2233 863 cum
2288 807 2451 862 Patre
2503 817 2556 861 et
2589 806 2725 862 Filio
2762 806 2983 873 creavit,
3009 806 3086 859 sic
3117 804 3281 859 etiam

3176 315 3280 371 5'29.

1725 916 1865 956 nunc
1902 917 2086 956 rursus
2111 915 2333 957 creare:
2364 915 2485 954 nam
2544 900 2686 952 ablui
2726 899 2865 953 idem
2914 897 3057 953 valet
3082 913 3145 951 ac
3182 898 3281 951 ite-

1727 1010 1841 1047 rum
1870 994 2064 1048 creari.
2097 995 2149 1048 ln
2187 994 2422 1063 Epistula
2451 1008 2579 1047 vero
2610 995 2675 1046 ad
2720 993 2895 1047 Titum
2929 993 3037 1046 ait:
3068 1009 3086 1041 ι
3118 990 3285 1058 Rege-

1727 1100 1920 1139 nerans
1950 1084 2063 1155 (8i)
2098 1101 2193 1139 nos
2219 1102 2314 1154 per
2342 1086 2615 1138 lavacrum
2669 1084 3089 1153 regenerationis
3130 1092 3183 1136 et
3210 1096 3288 1136 re-

1726 1180 2028 1233 novationis
2051 1179 2283 1248 Spiritus
2311 1178 2507 1234 Sancti.
2543 1197 2560 1229 »
2588 1176 2760 1231 Simili
2796 1178 2950 1230 modo
2981 1190 3135 1232 sacer
3149 1190 3284 1243 quo-

1724 1285 1827 1339 que
1857 1269 2061 1325 Psaltes
2086 1284 2178 1324 eos
2208 1270 2297 1338 qui
2337 1270 2573 1339 generati
2625 1269 2735 1338 jam
2772 1278 2945 1334 erant,
2988 1283 3129 1322 nunc
3160 1283 3285 1322 vero

1728 1362 1777 1415 in
1812 1363 1990 1415 divina
2028 1364 2231 1431 piscina
2285 1362 2395 1433 (82)
2453 1364 2769 1431 spiritaliter
2799 1372 3072 1428 creantur,
3104 1363 3287 1417 videre

1725 1463 1944 1523 exoptat
1973 1473 1989 1523 ;
2036 1456 2275 1510 aitenim
2309 1471 2324 1509 :
2381 1476 2399 1506 ι
2435 1456 2666 1525 Populus
2712 1454 2821 1526 (83)
2850 1466 3069 1511 creatus
3100 1455 3284 1510 lauda-

1728 1546 1805 1597 hit
1846 1545 2152 1601 Dominum.
2182 1567 2200 1600 ι
2235 1547 2367 1601 Cum
2420 1548 2583 1616 igitur
2634 1550 2820 1601 eodem
2864 1549 3066 1602 honore
3113 1547 3286 1616 dignae

1726 1638 1854 1701 sint,
1893 1640 2187 1707 eademque
2212 1651 2502 1707 operentur
2526 1641 2639 1694 istae
2674 1639 3007 1709 hypostases,
3043 1638 3286 1694 eamdem

1728 1744 1940 1797 quaque
1969 1742 2213 1783 naturam
2238 1733 2459 1796 habent,
2517 1748 2691 1800 neque
2726 1734 2923 1787 deitate
2959 1747 3022 1786 ac
3051 1734 3286 1797 potentia

115 1831 236 1902 ἐντῷ
263 1808 539 1900 κεφαλαίῳ,
559 1820 603 1895 ᾧ
636 1826 913 1896 μέτειμεν,
935 1817 1442 1890 δικαιολογηϐἐντων
1467 1818 1567 1870 ὐπε
1578 1834 1631 1885 ρ-

1819 1834 1855 1873 ιθ
1882 1820 2106 1875 invicem
2133 1822 2425 1891 quidquam
2465 1823 2754 1880 differunt:
2797 1825 2924 1879 solre
2958 1834 3133 1879 autem
3166 1839 3287 1878 cum

114 1922 297 1993 ὕαθῆναι
329 1919 397 1991 μὴ
422 1917 752 1987 δυναμένων,
792 1910 1103 1983 ἀρκούντων
1155 1907 1211 1959 δὲ
1251 1907 1328 1969 εἰς
1373 1906 1492 1958 ὅλον
1536 1905 1623 1958 τὸν

114 2014 210 2083 περὶ
246 2008 516 2083 αἱρετικῶν
560 2006 779 2074 ἀγῶνα*
808 2002 841 2073 ἢ
877 2000 1202 2064 δειξάτωσαν
1245 1997 1295 2067 (ὃ
1328 1997 1421 2050 καὶ
1447 1997 1623 2065 λέγειν

114 2104 219 2174 βαρὺ
245 2102 390 2169 λίαν),
416 2102 487 2164 ὡς
515 2098 682 2171 ἀρχὴ,
706 2096 739 2167 ἢ
784 2094 958 2165 πέρας
983 2088 1077 2144 τοῦ
1113 2091 1266 2157 ἁγίου
1311 2088 1626 2158 Πνεύματος

114 2195 506 2267 κεχρησμῴὸηταί
528 2207 664 2245 mu‘
696 2190 728 2261 ἢ
758 2188 913 2251 ὅλως,
945 2185 1025 2238 ὅτι
1047 2183 1161 2238 ὀδόν
1187 2198 1310 2235 τινα
1345 2181 1498 2251 ἔσχεν
1532 2181 1626 2233 ἐπὶ

114 2288 290 2359 φθορὰν,
315 2287 385 2349 ὡς
404 2290 437 2357 ἡ
463 2280 730 2353 ἀγγελικὴ
755 2279 848 2333 καὶ
867 2274 1186 2347 ἀνθρωπικὴ
1213 2272 1527 2344 προαίρεσις
1550 2287 1564 2299 ο
1591 2271 1623 2343 ἢ

112 2380 217 2432 ἔστω
254 2381 438 2442 αὐτοῖς,
490 2376 552 2429 τὸ
587 2375 655 2444 δὴ
706 2370 1015 2441 λεγόμενον,
1067 2384 1086 2417 ι
1142 2362 1267 2434 βοῦς
1317 2362 1407 2434 [70
1437 2362 1488 2435 b]
1535 2364 1629 2419 ἐπὶ

112 2472 329 2539 γλῶσσαν.
364 2492 382 2524 ι
418 2469 673 2523 Τοσαῦτα
707 2466 805 2537 μὲν
844 2462 974 2533 περὶ
1008 2457 1262 2513 ἐκείνων·
1304 2452 1416 2523 ἐγὼ
1442 2455 1499 2509 δὲ
1539 2457 1630 2510 ἐπὶ

1730 1924 1795 1964 eo
1833 1912 1924 1981 qui
1960 1928 2098 1967 unus
2125 1922 2230 1977 est,
2253 1916 2414 1969 simul
2467 1917 2729 1971 exsistere
2782 1924 3025 1984 possunt,
3053 1925 3106 1969 et
3132 1914 3290 1970 simul

1729 2002 1781 2058 in
1815 2005 2002 2060 eodem
2030 2008 2197 2075 gradu
2228 2008 2502 2073 collocari,
2531 2018 2586 2064 et
2608 2010 2765 2063 simul
2807 2010 3001 2078 ubique
3030 2009 3292 2077 accipi,et

1731 2096 2057 2168 subintelligi
2082 2116 2096 2153 :
2125 2099 2213 2168 qui
2250 2100 2472 2168 ipsemet
2510 2104 2631 2173 (nec
2673 2101 2814 2155 enim
2866 2101 3025 2155 dico:
3065 2115 3291 2169 quarum

1732 2184 2011 2239 ambarum
2058 2187 2326 2261 personae)
2383 2190 2570 2245 ambas
2622 2205 2882 2260 personas
2934 2191 3093 2245 habet
3137 2205 3200 2244 ex
3233 2204 3293 2245 se

1732 2276 1847 2344 ipso
1873 2279 1939 2331 ab
1970 2286 2265 2343 mterno,et
2293 2282 2590 2350 aequaliter,
2634 2292 2689 2337 et
2719 2284 2990 2345 similiter,
3014 2292 3068 2338 et
3105 2280 3294 2336 iuell‘ao

1733 2366 1916 2422 biliter
1942 2371 2120 2424 unitas
2179 2380 2340 2439 atque
2387 2373 2724 2442 conjunctas.
2782 2375 2907 2429 Haec
2955 2375 3173 2444 insuper
3204 2375 3292 2439 iis,

1734 2473 1853 2528 qua:
1882 2458 2024 2513 dicta
2055 2470 2197 2525 sunt,
2226 2462 2384 2516 addo.
2412 2462 2679 2532 Quidquid
2706 2479 2801 2533 pro
2848 2479 2941 2519 sua
2973 2479 3129 2518 causa
3163 2463 3293 2517 ελσε.

110 2564 183 2634 τὴν
200 2565 249 2629 ἐξ
267 2564 426 2636 ἀρχῆς
453 2561 712 2616 ὑπόθεσιν
744 2553 1136 2627 μεταϐήσομαι.

1819 2559 1866 2604 ιι
1890 2550 1976 2605 isti
2003 2551 2261 2617 haeretici,
2293 2553 2532 2623 ejusdem
2563 2556 2701 2609 modi
2725 2566 2828 2621 est,
2860 2556 2985 2610 item
3018 2565 3075 2609 ut
3106 2555 3290 2609 iisdem

114 2657 255 2709 verbis
276 2668 580 2724 expressum
629 2648 788 2719 157
837 2661 903 2710 ac
931 2646 1125 2716 frigida
1179 2645 1292 2718 (84)
1333 2644 1442 2707 illa,
1477 2655 1633 2712 quam
1674 2655 1817 2695 nunc
1839 2641 2210 2711 expendimus,
2266 2644 2556 2711 cavillatio,
2596 2656 2655 2701 ut
2710 2646 2865 2716 paulo
2906 2655 3025 2715 post
3077 2661 3142 2701 ex
3166 2646 3295 2715 ipsis

111 2764 257 2803 eorum
275 2748 510 2819 capitulis
553 2753 998 2821 argnmentisque
1042 2751 1377 2821 experientia
1410 2746 1828 2816 comperiemus.
1857 2746 1914 2802 Si
1941 2747 2084 2802 enim
2110 2747 2343 2816 aliquam
2368 2747 2511 2803 forte
2576 2763 2783 2812 vocem,
2836 2755 2893 2801 ut
2927 2766 2947 2798 ι
3001 2757 3290 2813 euentus,»

113 2844 411 2908 antibonus,
438 2862 456 2894 ι
494 2845 561 2899 de
588 2842 876 2910 'l'rinitate,
934 2860 1053 2914 quae
1135 2844 1191 2898 in
1226 2843 1432 2896 unitate
1466 2850 1575 2903 est,
1637 2837 1859 2903 dictam,
1925 2838 2146 2908 ejusque
2192 2840 2523 2895 divinitatem
2585 2840 2930 2897 denotanlem
2956 2881 2971 2905 ,
3016 2850 3072 2896 et
3115 2840 3294 2895 eidem

113 2936 290 2989 omnino
321 2950 378 2989 ac
407 2934 649 3005 perfecte
679 2937 1113 3000 convenientem,
1142 2934 1209 2989 de
1239 2941 1487 2988 creatura
1509 2944 1724 3000 quoque
1754 2929 1949 2984 alicubi
1978 2929 2081 2984 dici
2107 2930 2413 3000 contigerit,
2440 2945 2561 2984 cum
2617 2946 2679 2986 ea
2706 2938 2908 2996 tamen,
2964 2944 3083 3001 quae
3135 2945 3291 2986 creav

112 3032 216 3080 tura
235 3028 464 3094 debetur,
513 3028 1053 3093 commemoratione,
1092 3026 1193 3096 ipsi
1236 3025 1302 3080 de
1334 3024 1445 3079 Deo
1471 3022 1631 3077 Patre
1668 3023 1906 3091 quidem,
1934 3037 1999 3077 ac
2030 3022 2168 3077 Filio
2194 3021 2309 3092 ejus
2333 3023 2460 3078 nihil
2494 3023 2780 3079 mussitant
2833 3024 2982 3095 (quid
3011 3025 3154 3081 enim
3216 3024 3305 3079 diu

110 3137 206 3178 cere
254 3124 563 3196 possenti);
605 3123 704 3179 sed
749 3123 1011 3193 Spiritum
1058 3131 1303 3178 sanctum
1362 3121 1544 3177 statim
1576 3118 1641 3174 ad
1685 3129 2055 3177 creaturarum
2116 3122 2476 3177 conditionem
2543 3121 2980 3189 insipientissime
3019 3118 3297 3186 dejiciunt,

110 3228 233 3282 quem
262 3219 480 3274 maxime
517 3221 743 3275 deceret
771 3219 837 3274 ad
868 3219 1229 3288 aequalitatem
1269 3217 1496 3273 evehere
1512 3215 1624 3286 (85)
1664 3231 1783 3272 cum
1817 3216 1945 3281 Deo,
1974 3227 2027 3273 et
2061 3217 2362 3287 Unigenito,
2405 3219 2495 3289 qui
2545 3218 2766 3287 Spiritui
2831 3216 2938 3287 ipsi
3007 3216 3213 3272 similes
3242 3229 3299 3271 et

110 3309 299 3377 aquales
325 3327 352 3367 a
382 3311 1171 3383 tbeologisconvenientissime
1188 3312 1460 3381 praedicati
1487 3318 1635 3366 sunt.
1676 3310 1860 3380 Itaque
1884 3326 2006 3365 cum
2040 3310 2123 3365 vel
2165 3326 2226 3365 ea
2281 3311 2416 3377 sola,
2462 3326 2581 3381 quae
2615 3325 2642 3364 a
2676 3310 2831 3367 nobis
2875 3311 2927 3366 in
2986 3310 3091 3365 hoc
3155 3308 3299 3379 capi-

112 3402 212 3465 tuto,
243 3404 288 3457 in
316 3420 420 3475 quo
451 3419 764 3469 versamur,
798 3419 894 3473 pro
925 3414 1110 3459 nostra
1151 3419 1311 3459 causa
1336 3404 1494 3458 allata
1515 3402 1749 3466 fuerunt,
1780 3404 1974 3458 invicta
2032 3404 2160 3466 sint,
2220 3415 2273 3459 et
2316 3405 2380 3457 ad
2451 3414 2615 3459 totam
2689 3405 3140 3461 concertationem
3207 3407 3303 3463 ad-

112 3508 262 3550 versus
284 3497 559 3553 haereticos
621 3495 1007 3551 conferendam
1075 3495 1553 3564 sustinendamque
1617 3492 1957 3556 suliicientia,
2001 3496 2287 3550 ostendant
2336 3510 2463 3565 ergo
2522 3496 2620 3563 illi,
2668 3503 2761 3550 aut
2811 3497 3033 3567 Spiritui
3095 3510 3285 3553 sancto

112 3587 242 3655 (quod
262 3590 334 3643 vel
370 3590 514 3645 dictu
570 3587 1012 3643 molestissimum
1042 3588 1144 3657 est)
1178 3585 1410 3650 initium,
1446 3584 1530 3638 vel
1594 3585 1967 3640 ﬂnemalicubi
2015 3586 2068 3640 in
2117 3585 2414 3657 Scripturis
2486 3589 2743 3643 tributum
2778 3588 2965 3655 fuisse,
3042 3600 3135 3645 aut
3204 3590 3303 3644 ali-

113 3692 237 3745 quem
261 3684 471 3737 omnino
498 3682 709 3735 aditum
738 3680 802 3734 ad
841 3680 1241 3749 corruptionem
1270 3678 1327 3732 in
1359 3678 1475 3747 ipso
1491 3690 1631 3742 esse,
1674 3684 1732 3729 ut
1759 3686 1842 3731 est
1872 3679 1923 3730 in
1948 3676 2211 3750 angelica,
2272 3687 2327 3733 et
2384 3680 2617 3733 humana
2677 3679 2996 3746 voluntate;
3070 3692 3165 3738 aut
3228 3684 3300 3738 sit

112 3767 232 3837 ipsis.
255 3782 306 3827 ut
333 3773 434 3827 fert
460 3773 736 3843 adagium,
767 3790 785 3823 ι
814 3774 912 3828 bos
939 3772 990 3825 in
1015 3769 1196 3840 lingua
1243 3769 1377 3841 (86).
1405 3788 1423 3821 ι
1460 3770 1632 3838 Atque
1669 3767 1785 3823 haec
1850 3769 1915 3824 de
1942 3770 2045 3827 illis
2106 3770 2321 3841 quidem
2375 3772 2669 3826 hactenus:
2719 3786 2819 3840 ego
2857 3786 2984 3829 vero
3032 3774 3099 3829 ad
3138 3789 3299 3847 argu-

114 3872 331 3929 mentum,
359 3866 500 3932 quod
535 3864 695 3919 initio
724 3876 1089 3931 susceperam,
1128 3870 1392 3915 revertar.

168 4014 261 4084 (8|)
288 4015 643 4087 Regeneram.
667 4015 773 4070 Tit.
802 4031 889 4081 Ill,
932 4016 985 4071 5.
1024 4016 1205 4087 Graeca
1263 4016 1429 4069 editio
1474 4015 1644 4087 habet
1670 4025 1712 4082 c
1748 4018 2093 4086 ineptamque
2122 4015 2381 4086 signiﬁcet
2396 4014 2784 4087 haereticorum
2814 4016 3298 4073 ratiocinationem.

117 4078 298 4157 ἔσωσεν,
330 4078 378 4141 id
406 4098 487 4141 est
522 4106 541 4138 ι
568 4086 819 4147 salvavit,
841 4078 884 4137 »⁷
904 4100 1019 4156 pro,
1039 4086 1437 4157 ρναγεννήσας,
1472 4085 1524 4139 id
1560 4098 1643 4140 est

122 4154 226 4225 equi
260 4159 618 4225 regeneravit:
649 4175 668 4208 ι
689 4165 762 4218 et.
790 4153 1225 4223 ἀνακαινώσεως,
1267 4153 1384 4223 pro,
1419 4156 1644 4209 ἀνακαι-

118 4221 334 4297 νίσεωςτς
357 4225 614 4297 Didymus
676 4241 806 4281 vero
868 4228 996 4295 legit
1055 4221 1429 4296 ἀναγεννήσας
1478 4226 1639 4297 etiam

119 4305 250 4360 segm.
274 4295 335 4347 52
357 4312 405 4357 a,
437 4295 490 4350 et
528 4297 632 4350 116
665 4314 715 4349 a.
754 4297 858 4351 Pro
890 4297 1287 4361 ἀνακαινίσεως
1317 4295 1457 4350 vero
1498 4295 1639 4362 ipse-

117 4372 203 4437 met
243 4365 388 4418 habet
438 4366 860 4430 ἀνακαινώσεως
904 4382 1072 4437 segm.
1123 4370 1193 4422 52
1228 4385 1280 4433 a,
1326 4366 1425 4419 etsi
1469 4380 1636 4436 segm.

124 4429 200 4483 illi
226 4449 269 4490 a,
296 4450 474 4490 rursus
498 4440 691 4492 habeat
719 4429 1133 4502 ἀνακαινίΞ-εως.

175 4503 264 4575 (ξὶ)
313 4503 539 4575 Piscina.
605 4508 750 4562 Fons
786 4522 961 4569 sacer,
1014 4524 1105 4562 seu
1154 4506 1487 4575 baptismalis
1533 4521 1636 4560 non

122 4569 294 4648 πιραοί
310 4573 510 4648 graccis
541 4579 789 4632 l‘atribus
819 4578 1017 4644 passim
1077 4595 1096 4629 ι
1126 4569 1326 4648 piscina
1353 4596 1371 4627 ι
1420 4585 1640 4648 vocatus

122 4644 203 4716 est,
240 4638 322 4691 sed
367 4656 395 4716 α
447 4645 659 4716 Latinis
704 4638 916 4716 quoque
964 4638 1251 4702 nonnullis.
1301 4648 1371 4699 lta
1413 4647 1638 4716 Optatus

124 4703 442 4786 librotttadv.
479 4703 915 4786 Parmeniantint,
954 4732 1076 4785 cap.
1100 4720 1157 4784 2,
1190 4737 1207 4769 ι
1232 4716 1330 4771 Hic
1359 4727 1441 4771 est
1460 4703 1636 4785 'piscis

126 4774 322 4847 (inquit)
352 4783 437 4847 qui
481 4784 535 4837 in
584 4774 912 4849 baptismate
933 4774 1221 4843 fon-talibus
1252 4786 1406 4841 undis
1448 4774 1639 4839 inseri-

124 4849 209 4925 ῑυῗι
234 4856 283 4899 ιιι
307 4865 419 4925 quae
450 4868 588 4923 aqua
618 4855 812 4919 fuerat,
843 4872 871 4908 a
897 4856 1042 4925 pisce
1063 4860 1226 4912 etiam
1264 4855 1469 4910 Piscina
1503 4855 1645 4925 voci-

126 4923 281 4995 letum
318 4923 546 4995 Respicit
574 4933 751 4995 autem
778 4923 1000 4995 Optatus
1016 4929 1080 4981 ad
1098 4927 1309 4982 celebre
1341 4927 1464 4979 illud
1488 4924 1644 4979 Chri-

1747 4088 1861 4141 Non
1912 4094 1993 4138 est
2045 4097 2219 4140 tamen
2264 4086 2517 4140 continuo
2577 4088 3044 4154 reprehendendus
3091 4087 3304 4145 Passio—

1748 4157 1921 4211 neiani
1972 4156 2261 4227 apographi
2309 4157 2628 4223 exscriptor.
2682 4167 2774 4210 aut
2816 4158 3088 4227 Didymus,
3148 4160 3305 4228 quasi

1748 4228 2029 4297 lectionem
2072 4236 2385 4297 sequantur,
2440 4242 2558 4295 quae
2598 4228 2713 4279 sine
2768 4229 2928 4281 dubio
2978 4230 3168 4281 vitiosa
3211 4231 3301 4283 sit.

1747 4295 1880 4351 Nam
1908 4309 1959 4350 et
1986 4299 2124 4364 apud
2151 4295 2433 4352 Pollucem
2481 4296 2616 4349 libro
2648 4309 2797 4351 sexto
2834 4300 2919 4351 ubi
2951 4299 3090 4353 edita
3122 4314 3305 4353 exem-

1746 4368 1915 4435 plaria
1945 4367 2137 4421 habent
2166 4366 2525 4435 ἑωλοκρασία,
2549 4369 2851 4435 apographa
2884 4370 3089 4423 calamo
3112 4384 3305 4422 exara-

1746 4449 1797 4490 ta
1829 4437 2036 4508 ltabent
2067 4438 2451 4508 αίωλοκρασία.
2488 4437 2545 4490 lu
2591 4437 2880 4507 Cyrilliano
2908 4449 3084 4491 autem
3132 4439 3308 4493 lexico

1747 4522 1870 4569 IDS.,
1901 4506 2039 4574 quod
2074 4506 2311 4563 Venetiis
2349 4508 2585 4561 Naniana
2614 4506 2791 4561 servat
2830 4509 3175 4570 bibliotheca.
3200 4525 3307 4563 non

1746 4577 1796 4647 in
1840 4577 2013 4630 littera
2056 4595 2106 4642 ε,
2133 4580 2225 4632 sed
2276 4580 2327 4631 in
2377 4579 2552 4632 littera
2605 4594 2638 4629 α
2680 4577 2793 4632 hmc
2823 4579 3069 4647 leguntur
3096 4596 3108 4608 ·
3137 4578 3307 4631 ἄωλον

1746 4646 1765 4717 (
1788 4646 2039 4701 mendose
2086 4664 2183 4716 pro
2231 4648 2476 4719 αίωλον),
2534 4646 2781 4717 μάταιον,
2833 4646 3133 4718 ἄᾶτρακτον.
3162 4648 3310 4715 ,Vide

1746 4724 1853 4770 not.
1880 4716 1966 4772 10.
1988 4732 2107 4772 nae.
2132 4717 2222 4772 45.

1745 4724 1853 4770 not.
1880 4724 1966 4780 10,
1988 4732 2107 4783 pag.
2132 4724 2222 4772 45.

1818 4787 1927 4856 (85)
1954 4787 2193 4842 Evenere.
2218 4787 2557 4843 Observanda
2588 4787 2675 4841 illa
2703 4788 2960 4843 antitheta
2980 4788 3311 4856 κατάγουσιν

1748 4856 2219 4930 ἀφρονέστατα,·θι
2251 4859 2512 4930 ᾁνάγουσι
2545 4857 2987 4930 πρεπωδέστατα.

1820 4927 1933 4999 (86)
1984 4927 2084 4982 Bos
2114 4929 2208 4999 fin,
2237 4928 2437 4995 lingua.
2485 4927 2560 4983 De
2590 4927 2709 4982 'hoc
2764 4931 2952 4999 adagio
3004 4943 3195 4983 omnes
3236 4927 3314 4983 illi

125 4984 372 5073 ffli'tletuelt
394 4984 566 5061 ἰχθύς,
592 4984 1034 5073 id_e§_t__r_pi‘scjs,r
1064 4999 1204 5066 quod
1230 5012 1382 5073 aeque
1408 4997 1548 5073 valet
1582 5009 1646 5073 ac
1677 5017 1721 5073 ι)
1751 4984 2030 5073 agunt'qui
2059 4984 2628 5073 adagia_coll_egeruut_,
2663 5007 2756 5073 aut
2781 4984 3139 5073 intérpretati
3161 5008 3311 5073 sunt,

130 5051 297 5131 [Iesus
316 5051 563 5135 Christus
592 5063 681 5117 Dei
718 5051 888 5119 Filius
920 5051 1195 5121 Servator.
1231 5084 1249 5117 ι
1290 5051 1439 5133 Quod
1469 5065 1643 5135 respi—

125 5136 243 5205 9698
293 5136 449 5184 etiam
512 5133 876 5189 Tertullianus
930 5137 984 5189 in
1048 5137 1183 5192 libro
1246 5136 1321 5189 De
1384 5133 1640 5205 baptismo

127 5202 372 5275 Scnpserat
412 5218 425 5253 :
467 5222 486 5253 ι
518 5204 625 5275 Sed
679 5220 776 5257 nos
830 5206 1073 5273 discipuli
1132 5202 1457 5262 secundunr
1489 5204 1642 5275 ἰχθύν

127 5274 326 5345 nostrum
349 5268 531 5345 desum
559 5270 833 5345 Christum
864 5276 916 5329 iu
941 5268 1081 5345 aqua
1108 5278 1399 5333 nascimur.
1428 5295 1447 5327 ι
1490 5268 1647 5328 Atta-

128 5341 223 5412 [ηξζι
248 5336 367 5393 fonti
394 5356 550 5397 sacro
582 5344 801 5411 piscinae
835 5336 1025 5398 nomen
1059 5348 1283 5402 inditum
1325 5346 1648 5400 crediderim

295 5409 641 5534 :ggtsblatione
666 5418 825 5470 ducta
851 5430 916 5469 ex
949 5418 1112 5485 proba
1123 5420 1227 5473 tica
1250 5416 1485 5473 Piscina.
1529 5413 1658 5470 Vide

207 5486 266 5523 tu.
297 5482 389 5533 19.5
423 5486 472 5537 ο,

312 5542 559 5627 litigatur.
590 5551 732 5627 _Psal.
762 5571 837 5621 cr,
864 5571 1008 5611 vers.
1050 5556 1137 5614 19.

186 5610 283 5697 l8“)
318 5610 556 5684 Frigida.
589 5622 645 5671 in
679 5610 881 5697 codice,
924 5610 1135 5681 aimkou
1172 5630 1501 5697 σοφιστείας.
1551 5628 1655 5684 Le-

130 5684 324 5768 gendulm
355 5697 499 5768 puto_
526 5699 616 5742 aut
654 5690 832 5744 αἰόλου
870 5684 990 5747 cum
1032 5716 1061 5749 ο
1093 5684 1279 5768 ρατγό,
1317 5713 1411 5753 aut
1451 5684 1615 5751 ἑώλου
1641 5717 1652 5728 ·

131 5757 180 5799 ut
212 5752 331 5841 vel}
357 5758 698 5825 perplexam»
737 5776 800 5816 ac
849 5752 1150 5835 versutam,
1188 5752 1278 5825 vel,
1315 5788 1333 5821 ι
1357 5752 1649 5842 frigidam,»

298 5844 562 5914 Ptrnon.
601 5852 715 5915 Gn.
761 5854 1066 5924 XXXIX.
1142 5850 1147 5855 ’

1751 5066 2019 5122 Zenobius
2066 5066 2311 5121 centuria
2354 5066 2539 5130 altera,
2591 5068 2845 5123 Schottus
2888 5066 2939 5121 in
2980 5068 3313 5134 Zenobium,

1754 5138 2034 5204 Erasmus,
2061 5137 2349 5192 Manutius.
2394 5138 2658 5209 Nimirum
2711 5139 2976 5192 nuniisma
3011 5142 3274 5209 quoddam
3298 5177 3314 5202 ,

1755 5209 1968 5262 Polluce
1998 5217 2156 5272 teste,
2197 5219 2319 5275 puta
2350 5208 2748 5273 didracbmum,
2784 5229 2801 5259 ι
2826 5210 2918 5263 bos
2942 5228 2963 5263 ι
2999 5208 3315 5271 vocabatur,

1754 5278 1895 5347 quod
1944 5279 2131 5332 hovem
2177 5279 2397 5332 haberet
2440 5280 2802 5348 insculptum:
2835 5280 2962 5336 hinc
3007 5282 3205 5335 factum
3259 5290 3321 5333 ut

1755 5351 1845 5417 qui
1876 5348 2098 5417 pecunia
2134 5358 2419 5418 corruptus
2457 5349 2617 5405 silere
2661 5351 2978 5418 cogebatur,
3026 5353 3215 5406 bovem
3262 5350 3317 5403 in

1755 5419 1935 5487 lingua
1956 5420 2154 5473 habere
2176 5418 2465 5473 diceretur.
2494 5420 2657 5476 Paulo
2682 5431 2858 5475 tamen
2887 5422 3042 5477 aliter
3066 5420 3317 5488 adagium

1754 5490 1948 5558 accipit
1997 5488 2269 5559 Didymus,
2304 5490 2370 5544 de
2413 5490 2503 5544 illo
2550 5507 2761 5559 nempe,
2810 5493 2902 5559 qui
2950 5507 3070 5546 cum
3111 5494 3320 5557 objecta

1756 5559 1957 5613 diluere
2006 5574 2112 5613 non
2153 5560 2347 5630 valeat,
2378 5560 2578 5616 invitus
2604 5573 2744 5616 tacet
2777 5580 2790 5615 :
2819 5577 2926 5630 quo
2957 5561 3112 5615 modo
3140 5560 3319 5630 Theo-

1755 5630 1873 5702 guis
1900 5644 2114 5702 quoque
2149 5630 2200 5682 in
2239 5628 2454 5685 Gnomis
2490 5633 2565 5684 ait
2594 5651 2606 5686 :
2638 5631 2773 5695 Βοῦς
2802 5628 2890 5702 μοι
2921 5632 3022 5702 ,ἐπὶ
3052 5629 3319 5697 γλώσσης,

1757 5700 1806 5753 id
1854 5711 1933 5753 est
1969 5719 1980 5753 :
2023 5717 2040 5750 ι
2067 5700 2172 5755 Bos
2208 5702 2335 5753 mihi
2385 5711 2466 5756 est
2515 5703 2567 5756 in
2615 5700 2814 5770 lingua.
2846 5721 2863 5755 ι
2905 5701 3144 5756 Julianus
3193 5709 3323 5748 vero

1754 5772 2009 5840 Apostata
2055 5772 2109 5828 in
2159 5771 2401 5831 oratione
2466 5787 2564 5840 vn,
2604 5772 2711 5828 alio
2758 5775 2933 5827 adhuc
2990 5771 3321 5838 aliquantum

2990 5862 3058 5921 17
