3732 6316
417 335 522 392 523

1648 310 1883 368 οιυγιιι
1926 300 2386 362 ALEXANDRINI
3548 291 3630 343 g3,

497 453 554 507 ν.
614 449 906 504 Rationalis
936 456 1182 503 creatura
1234 453 1288 499 et
1336 441 1549 496 virtutis
1577 452 1747 506 capax
1783 444 1886 498 est,
1924 435 2025 492 et}

2151 429 2225 482 E'.
2274 428 2339 479 Ἠ
2370 429 2540 489 κτίσις
2590 429 2619 495 ἡ
2656 422 2845 493 λογικὴ
2880 418 3077 492 άρετῆς
3118 432 3175 468 τε
3216 412 3415 471 κακίας
3446 410 3501 461 τέ
3541 412 3629 461 ἐπι

416 544 693 617 nequitizc.
727 542 886 597 Tales
918 551 1044 597 sunt
1075 539 1215 593 inter
1252 546 1472 591 naturas
1507 533 1875 601 incorporeas,
1929 535 1988 580 ut

417 647 577 694 antea
604 635 839 691 diximus
864 675 879 701 ,
945 630 1125 702 quoad
1157 630 1406 683 virtutem
1437 625 1548 697 (87)
1581 621 1799 693 quidem
1853 618 1979 672 boui

344 806 355 813 Α
420 727 621 795 angeli,
653 726 831 796 quoad
888 723 1187 793 nequitiam
1218 735 1365 785 vero,
1397 716 1610 786 reprobi
1651 714 1762 785 (88)
1794 732 1808 767 :
1845 714 1987 767 inter

420 833 714 890 corporeas
754 826 934 872 autem
964 826 1205 879 naturas,
1244 813 1377 866 tales
1422 807 1732 877 nosmetipsi
1783 820 1985 861 sumus.

420 913 492 969 At
545 926 671 966 vero
732 910 942 965 divinus
998 906 1248 977 Spiritus,
1274 919 1394 959 cum
1443 900 1795 972 prazstantior
1832 896 1991 967 158

423 1006 512 1068 sit,
562 1016 721 1072 quam
775 1010 835 1055 ut
869 999 1083 1053 virtutis
1130 1006 1185 1051 et
1228 994 1499 1065 epiuiouis
1534 1005 1702 1060 capax
1736 990 1985 1053 exsistat,

425 1110 519 1149 seu
554 1094 732 1163 potius
768 1104 1031 1147 summam
1067 1088 1181 1156 ipse
1208 1088 1459 1140 virtutem
1498 1098 1528 1137 e
1562 1081 1851 1151 semetipso
1879 1079 1991 1133 vel-

425 1194 486 1239 ut
510 1200 573 1239 ex
605 1184 748 1238 fonte
779 1181 1160 1237 scaturieutem
1229 1177 1445 1241 habeat,
1494 1173 1630 1228 nihil
1670 1172 1859 1227 horum
1892 1184 1984 1224 ac-

426 1278 606 1347 cipere
632 1283 826 1345 potest,
874 1274 1014 1328 sicut
1065 1286 1132 1325 ne
1180 1269 1337 1323 Pater
1377 1266 1614 1336 quidem,
1649 1278 1749 1318 nec
1800 1262 1990 1318 Filius.

427 1369 579 1437 Quod
609 1370 652 1422 si
684 1370 872 1422 horum
901 1379 1071 1435 capax
1104 1378 1207 1416 non
1236 1371 1339 1423 cst,
1400 1375 1468 1413 ne
1519 1358 1741 1411 alterius
1776 1355 1992 1425 quidem

428 1470 513 1514 est
548 1457 834 1514 voluntatis
871 1457 959 1511 :si
990 1464 1169 1509 autem
1197 1452 1420 1506 alterius
1446 1447 1737 1503 voluntatis
1774 1460 1877 1500 non
1914 1452 1997 1498 est

437 1552 593 1622 (facit
617 1548 758 1605 enim
790 1547 968 1602 omnia
997 1558 1116 1615 quae
1146 1541 1261 1595 vult
1287 1538 1493 1610 Pater),
1529 1552 1596 1592 ne
1620 1535 1841 1590 alterius
1879 1534 1997 1603 qui-

428 1646 548 1699 dem
593 1639 906 1696 subslantia:
929 1645 1029 1692 est.
1064 1634 1199 1690 Hinc
1219 1647 1345 1704 ergo
1366 1633 1526 1687 etiam
1558 1628 1829 1699 colligitur
1882 1625 1995 1696 (89)

426 1747 483 1793 et
511 1752 635 1793 eunt
666 1741 968 1790 creaturam
1003 1745 1106 1784 non
1148 1742 1287 1792 esse,
1333 1725 1575 1793 nihilque
1626 1721 1782 1792 plane
1818 1735 1846 1773 a
1886 1718 1997 1773 Deo

2091 518 2330 589 δεκτικὴ,
2367 518 2440 581 ὡς
2490 518 2814 589 εὑρίσκομεν
2884 514 2942 564 ἐν
2985 508 3298 580 ἀσωμάτοις
3349 503 3467 573 μὲν,
3518 499 3632 551 καθὰ

2092 609 2442 683 προείπομεν,
2473 606 2675 678 ἀρετῆς
2703 603 2853 666 ἐντὸς
2876 601 3003 665 τοὺς
3031 597 3353 667 εὐδοκίμους
3380 591 3631 659 άγγέλοπ,

2094 680 2290 763 κακίας
2310 699 2366 752 δὲ
2384 699 2506 762 τοὺς
2534 694 2858 767 ἐκριφέντας
2878 708 2892 721 ο
2925 692 2982 744 ἐν
3009 690 3065 743 δὲ
3098 687 3369 757 σώμασιν,
3399 682 3473 743 ὡς
3501 680 3633 748 ἐσμὲν

2092 795 2255 864 ἡμεῖς
2282 789 2453 844 αὐτοί.
2496 788 2569 842 Τὸ
2606 787 2663 841 δὲ
2695 785 2873 839 θεῖκὸν
2904 781 3127 850 Πνεῦμα
3159 778 3299 846 ὑπὲρ
3334 772 3529 845 ἀρετὴν
3561 772 3636 822 καὶ

2093 884 2246 950 δόξαν
2274 881 2557 952 τυγχάνον,
2597 878 2792 951 μᾶλλον
2825 876 2870 929 δ’
2903 872 3034 929 αὐτὸ
3076 868 3324 940 πηγάζον
3371 865 3471 935 τὴν
3500 864 3635 929 ἀκρο-

2095 980 2263 1049 τάτην
2291 976 2509 1048 ἀρετὴν,
2543 970 2753 1033 οὐδενός
2777 971 2890 1022 ἐστι
2924 965 3125 1019 τούτων
3150 958 3424 1018 δεκτικὸν,
3457 955 3525 1018 ὡς
3543 953 3635 1005 οὐδὲ

2098 1074 2127 1125 ὁ
2157 1044 2369 1140 nam,
2396 1044 2504 1120 οὔδ’
2532 1067 2560 1119 ὁ
2590 1064 2737 1126 Υἱός.
2768 1062 2830 1114 Et
2854 1059 2911 1112 δέ
2948 1058 3021 1128 μὴ
3051 1052 3320 1112 δεκτικὸν,
3354 1048 3462 1101 οὐδ’
3491 1044 3639 1113 mg,

2098 1137 2329 1218 60010er
2359 1161 2408 1212 εἰ
2446 1158 2501 1212 δὲ
2550 1156 2709 1210 τοῦτο
2762 1152 2928 1225 (ποιεῖ
2968 1149 3079 1219 γὰρ
3111 1143 3266 1198 πάνθ’
3316 1143 3420 1194 ὅσα
3469 1137 3637 1190 θέλειὸ

2098 1252 2331 1326 Πατὴρ),
2370 1251 2476 1305 οὐδ’
2513 1244 2868 1320 ἐτεροοὺσιον.
2904 1237 3212 1295 Κάντεῦθεν
3249 1230 3347 1287 οὖν
3384 1229 3639 1297 συνάγεται

2100 1352 2196 1405 καὶ
2334 1365 2394 1400 τε
2441 1344 2514 1416 μὴ
2560 1337 2698 1395 εἶναι
2730 1337 2863 1391 αὐτὸ
2891 1332 3117 1403 κτίσμα,
3151 1322 3574 1396 ἀπαραλλάκτως
3596 1319 3637 1370 δὲ

2101 1444 2243 1516 ἔχειν
2270 1441 2404 1513 πρὸς
2554 1434 2685 1488 Θεὸν
2711 1430 2932 1500 Πατέρα
2959 1426 3052 1479 καὶ
3082 1423 3171 1475 τὸν
3201 1420 3335 1473 Υἱὸν
3370 1414 3547 1476 αὐτοῦ,
3569 1412 3639 1463 καὶ

2101 1505 2163 1590 τὸ
2189 1505 2334 1605 ἡμᾶς
2380 1530 2439 1595 ἐξ
2481 1527 2644 1583 αὐτοῦ
2673 1524 2764 1578 τὸν
2805 1520 2957 1585 Θεὸν,
2992 1515 3051 1581 ἐξ
3083 1509 3143 1568 οῦ
3187 1509 3441 1582 φυσικῶς
3485 1505 3637 1569 ἐξεπο-

2106 1599 2291 1700 ρεύθη,
2320 1620 2631 1693 γινώσκειν,
2658 1618 2738 1670 ὅτι
2777 1613 2873 1668 καὶ
2896 1612 2954 1665 ἐν
2983 1610 3116 1679 ἡμῖν
3140 1608 3288 1659 ἐστιν
3354 1600 3433 1665 ὡς
3478 1599 3640 1667 γέγρα-

2106 1735 2257 1771 πται.

427 1830 589 1885 Patre
640 1842 703 1882 ac
736 1825 871 1880 Filio
919 1823 1036 1892 ejus
1077 1824 1409 1891 discrepare,
1467 1828 1521 1874 et
1557 1833 1622 1873 ex
1687 1817 1803 1887 ipso
1855 1814 2048 1880 Deum,
2087 1828 2118 1867 a
2176 1826 2283 1882 quo
2322 1809 2367 1865 is
2411 1802 2732 1862 naturaliter
2770 1795 3052 1872 processit,
3102 1808 3133 1847 a
3181 1788 3344 1847 nobis
3384 1780 3640 1857 cognosci,

430 1927 571 1997 quod
600 1927 652 1978 in
680 1923 836 1977 nobis
861 1920 1023 1974 etiam
1060 1917 1152 1981 sit,
1178 1924 1238 1969 ut
1272 1914 1348 1968 ait
1386 1910 1687 1980 Scriptura.

499 2019 589 2075 Vl.
628 2017 891 2073 Creatura
944 2029 973 2067 a
1034 2010 1179 2073 Deo,
1211 2008 1302 2078 qui
1354 2016 1541 2061 natura
1606 2010 1826 2058 sanctus
1883 2007 1988 2066 εει,
2027 2029 2067 2086 Β

432 2109 820 2173 sanctiﬁcatur,
842 2115 897 2162 et
925 2103 1291 2177 justiﬁeatur;
1319 2113 1444 2153 nam
1480 2093 1994 2154 sanctiﬁcationem,

433 2216 491 2262 et
512 2201 953 2276 justiﬁeationem
979 2195 1229 2265 accipere
1260 2206 1320 2247 ea
1352 2198 1548 2262 potest,
1572 2202 1677 2242 non
1709 2185 1853 2239 dare.
1881 2182 2003 2251 Spi-

446 2300 585 2353 ritus
606 2292 732 2350 vero
764 2301 1003 2357 sanctus,
1055 2287 1181 2357 quia
1231 2282 1531 2355 seiungitur
1555 2280 1769 2350 quidem
1794 2292 1822 2331 a
1852 2290 2006 2331 crea-

432 2387 920 2457 tura,conjuuctus
948 2391 1125 2436 autem
1158 2388 1350 2433 natura
1386 2385 1469 2430 est
1503 2373 1599 2439 illi,
1636 2387 1700 2428 ex
1730 2384 1836 2441 quo
1877 2382 2000 2438 pro-

436 2482 601 2537 cessit
638 2480 724 2551 (de
754 2494 859 2549 quo
904 2476 1066 2532 etiam
1113 2470 1338 2543 mystica
1381 2468 1494 2522 haec
1539 2464 1781 2519 doctrina
1811 2459 2007 2514 tradita

436 2571 591 2627 nobis
630 2569 732 2623 fuit
768 2587 781 2622 :
815 2584 836 2618 ι
886 2564 1075 2622 Omnis
1108 2560 1219 2632 (90)
1269 2556 1482 2628 largitio
1526 2552 1687 2617 bona,
1745 2559 1801 2605 et
1850 2561 2009 2603 omne

435 2662 635 2717 donum
696 2656 985 2728 perfectum
1049 2653 1330 2708 desursum
1386 2655 1518 2709 est,
1589 2641 1924 2698 descendens
1977 2651 2007 2691 a

426 2755 597 2810 Patre
630 2751 892 2805 luminum
917 2788 932 2814 ,
958 2744 1097 2815 apud
1120 2756 1280 2812 quem
1320 2753 1423 2793 non
1461 2744 1553 2791 est
1594 2730 2006 2794 transmutatio,

437 2857 613 2913 neque
642 2836 1011 2896 conversionis
1053 2826 1449 2897 obumbratio);
1491 2845 1510 2877 ι
1547 2832 1600 2879 et
1622 2824 1745 2893 quia
1773 2820 2007 2876 omnium

441 2950 631 2993 curam
671 2933 871 2996 habet,
926 2938 981 2983 et
1024 2924 1273 2981 omnibus
1317 2918 1602 2992 prospicit,
1665 2904 1731 2969 ne
1766 2914 2010 2982 exceptis

440 3028 661 3098 quidem
686 3023 931 3080 sontibus
967 3035 981 3073 :
1019 3017 1222 3072 idcirco
1248 3009 1549 3068 sanctiﬁcat
1599 3005 1812 3075 quidem
1861 3003 2010 3072 ipse,

430 3096 497 3176 et
535 3117 815 3189 justiﬁeat,
842 3123 895 3169 et
926 3109 1253 3180 sapientiam
1302 3106 1431 3170 dat,
1482 3111 1536 3157 et
1573 3112 1731 3155 omne
1769 3096 2009 3152 caelestis

440 3210 658 3266 virtutis
685 3219 855 3277 genus
893 3203 1138 3274 praebet;
1192 3199 1366 3267 ipsqu
1434 3204 1611 3248 autem
1679 3202 2014 3257 nequaquam

458 3301 617 3357 talem
652 3310 842 3353 natura
869 3294 974 3351 dici
1000 3306 1223 3361 usquam
1260 3285 1585 3348 invenimus,
1618 3290 1677 3336 ut
1711 3290 1800 3335 aut
1821 3276 2018 3335 sancti-

434 3392 599 3449 .ﬁcari
645 3389 850 3461 possit,
915 3395 1007 3441 aut
1051 3380 1353 3452 iustiﬁcari,
1382 3386 1475 3433 aut
1510 3375 1724 3444 sapiens
1780 3370 1894 3423 ﬁeri
1948 3367 2015 3421 ab
2043 3386 2085 3443 α

447 3486 619 3540 altero
667 3481 850 3553 (sicut
900 3493 967 3532 ne
1008 3475 1130 3530 talis
1182 3471 1396 3542 quidem
1444 3475 1530 3522 est
1567 3474 1661 3519 aut
1693 3462 1782 3532 qui
1821 3473 1918 3529 per
1953 3472 2011 3513 se

446 3580 563 3647 ipse
587 3551 821 3635 exsistit,
849 3569 1025 3633 Pater,
1070 3574 1163 3621 aut
1208 3563 1301 3633 qui
1338 3561 1500 3617 simul
1544 3572 1667 3613 cum
1703 3570 1766 3610 eo
1799 3551 2012 3608 coexsi-

447 3646 559 3735 stit,
589 3666 705 3737 ejus
730 3661 919 3733 Filius)
955 3678 968 3714 :
995 3659 1128 3713 adeo
1159 3667 1217 3711 ut
1256 3662 1398 3710 recte
1427 3653 1528 3707 hac
1560 3650 1724 3704 etiam
1752 3646 1817 3699 de
1851 3657 2011 3699 causa

449 3733 681 3830 Spiritus
714 3762 932 3811 sanctus
960 3760 1014 3807 et
1042 3764 1138 3821 per
1178 3762 1237 3804 se
1266 3753 1484 3801 sanctus
1523 3741 1755 3802 dicatur,
1789 3746 1845 3790 et
1888 3733 2013 3804 Spi-

448 3851 587 3908 ritus
629 3845 953 3910 sanctitatis,
990 3841 1043 3897 id
1081 3847 1164 3895 est
1190 3876 1207 3905 ,
1240 3852 1306 3892 ex
1344 3846 1536 3890 natura
1585 3846 1703 3895 sua,
1753 3836 1807 3883 et
1847 3842 1911 3882 ex
1931 3840 2013 3881 se-

450 3943 568 4012 ipso
621 3946 876 3999 sanctus;
937 3942 991 3988 et
1047 3929 1282 4000 Spiritus
1314 3925 1562 3989 divinus,
1608 3922 1659 3976 id
1689 3928 1791 3985 est,
1825 3926 2015 3973 natura

449 4033 631 4099 Deus;
661 4039 717 4085 et
754 4028 911 4083 ﬂatus
956 4019 1376 4091 Omnipotentis,
1420 4018 1472 4072 id
1496 4022 1602 4080 est,
1656 4012 2016 4068 consubstan-

451 4123 598 4178 tialis
622 4115 1011 4189 Omnipotenti,
1033 4122 1195 4181 atque
1214 4126 1279 4167 ex
1304 4110 1420 4181 ejus
1450 4105 1730 4178 hypostasi
1750 4104 2016 4172 spiratus:

450 4224 514 4271 ut
532 4212 619 4269 vel
654 4212 768 4267 haec
789 4208 902 4265 sola
938 4204 1305 4261 denominatio
1334 4200 1625 4263 ostendat,
1662 4210 1783 4251 eum
1810 4202 1862 4249 et
1892 4207 2021 4247 cou-

453 4301 859 4364 substantialem
902 4314 1023 4355 esse
1054 4297 1163 4353 Deo
1190 4295 1357 4358 Patri,
1412 4301 1466 4347 et
1507 4286 1877 4346 sanctiﬁcandi
1910 4286 2019 4338 vim

453 4399 673 4459 habere,
708 4410 770 4449 ac
794 4409 860 4448 ne
888 4392 1135 4447 oratione
1160 4385 1377 4457 quidem
1400 4423 1416 4445 .
1448 4391 1541 4436 aut
1570 4380 1779 4435 ratione
1808 4391 1904 4431 nos
1936 4390 2023 4429 as—

454 4490 606 4561 sequi
636 4488 781 4544 illum
818 4498 998 4556 posse.
1055 4480 1321 4547 Quocirca
1355 4490 1453 4532 nos
1484 4472 1681 4529 Paulus
1721 4468 1811 4524 ille
1853 4477 1907 4523 et
1941 4466 2021 4520 fa-

453 4558 649 4638 cundia
674 4577 790 4650 (9t)
824 4574 1064 4643 pollens,
1089 4580 1144 4624 et
1174 4569 1228 4623 in
1267 4564 1599 4637 exponendis
1625 4561 1749 4617 ﬁdei
1780 4558 2024 4615 formulis

456 4648 730 4735 strenuus,
759 4665 887 4735 quid
911 4661 1235 4719 credendum
1261 4660 1414 4713 nobis
1444 4662 1606 4719 esset,
1638 4650 1870 4716 edocuit,
1896 4648 2022 4702 dum

461 4762 622 4836 159
643 4758 804 4817 simul
838 4764 894 4812 et
927 4754 1218 4825 capitulum
1248 4751 1443 4815 hocce,
1485 4744 1625 4816 quod
1660 4755 1801 4798 nunc
1834 4754 2029 4809 expen-

457 4944 669 4998 diverso
724 4952 883 4994 sensu
945 4936 1019 4989 ait.
1060 4953 1074 4989 :
1115 4932 1218 4985 Τὸν
1286 4930 1411 5001 βοῦν
1482 4927 1539 4981 δὲ
1597 4922 1894 5001 ἐπιτίθημι
1961 4921 2027 4991 τῇ

452 4994 690 5085 γλώττῃ,
730 5010 781 5063 id
802 5016 887 5061 est
927 5024 945 5057 ι
972 5006 1170 5060 Bovem
1203 4994 1555 5085 verolingua}
1580 4996 1828 5062 deinceps
1860 4994 2029 5061 impo-

455 5082 600 5143 nam,
621 5082 654 5132 ί
684 5093 895 5148 nempe,
927 5089 1119 5129 arcana
1148 5088 1250 5148 nou
1282 5082 1538 5148 retegam.

527 5130 637 5221 (ᾖ)
685 5130 895 5221 ⁷ριιοξυϊ
922 5148 1179 5221 virtutem.
1232 5143 1289 5197 In
1333 5130 1542 5221 Graeco,
1600 5133 1817 5221 apt-sai
1854 5130 2026 5221 ἐντός.

456 5222 508 5277 Is
531 5203 572 5275 ἕ
596 5203 891 5279 εὀηῖτειὶο,
925 5214 1237 5286 quinullius
1260 5210 1464 5286 peccati
1491 5222 1611 5261 reus
1643 5203 1965 5286 sit:ndilc‘itttr
1996 5216 2027 5253 a

740 5272 1148 5360 ἁμαρτημάτων
1202 5272 1357 5347 ἐκτὸς
1385 5280 1480 5345 ὧν,
1518 5292 1643 5347 pag.
1676 5272 1777 5329 M9
1815 5272 2029 5327 Catena:

458 5363 516 5415 t'n
564 5359 758 5412 Jobum
787 5359 1098 5412 Nicetiana.

529 5430 643 5500 (88)
697 5428 939 5500 Περι-οὑξ.
1004 5424 1281 5500 Notandus
1349 5421 1439 5500 hic
1487 5418 1673 5500 locus,
1736 5422 2026 5496 propterea

460 5485 601 5567 quod
625 5485 687 5555 ἐἰ
743 5485 940 5561 faveat,
978 5495 1070 5566 qui
1108 5491 1534 5567 commentitium
1579 5485 2025 5567 Origenianorunt

461 5550 698 5637 éyéténia
730 5550 795 5623 de
828 5550 1031 5637 angelis
1059 5562 1319 5637 repirobis,
1368 5560 1479 5637 sive
1520 5550 1797 5625 apostatis,
1847 5550 2029 5637 probis

464 5622 749 5708 aliquando
772 5622 1040 5697 evasuris,
1068 5652 1099 5690 a
1120 5622 1362 5702 'Didymo
1389 5622 1697 5699 adoptatum
1726 5639 1831 5679 non
1862 5622 2030 5675 fuisse

463 5709 831 5763 contenderet.
858 5708 991 5763 Vide
1017 5706 1180 5760 etiam
1206 5718 1372 5763 segm.
1401 5701 1470 5755 72
1506 5716 1557 5752 a.
1933 5761 1942 5763 _

612 5716 831 5762 auderet.
861 5716 991 5762 Vide
1017 5716 1180 5760 etiam
1206 5718 1372 5762 86m“.
1402 5716 1470 5755 ΤΖ
1506 5716 1557 5752 a.

534 5719 831 5762 ntenderet.
863 5719 991 5763 Vlde
1017 5719 1180 5760 etiam
1206 5719 1372 5772 segm.
1411 5719 1470 5755 ιι
1506 5719 1557 5752 a.

534 5778 646 5851 (89)
698 5776 994 5847 Colligitur.
1049 5775 1105 5829 In
1162 5775 1364 5836 codice,
1414 5771 1698 5834 συνάγεται
1749 5763 1843 5816 καὶ
1886 5761 2025 5814 τότε.

2165 1995 2255 2060 ς’.
2303 1987 2366 2039 Ἦ
2399 1983 2576 2045 κτίσις
2621 1976 2925 2048 ἁγιάζεται,
2965 1972 3059 2027 καὶ
3084 1967 3392 2024 δικαιοῦται
3436 1963 3533 2018 ὑπὸ
3570 1962 3641 2014 τοῦ

2104 2056 2207 2156 τὴν
2238 2080 2399 2151 φύσιν
2434 2074 2586 2144 ἁγίου
2619 2070 2754 2125 Θεοῦ
2777 2086 2790 2099 ·
2829 2065 3049 2137 δεκτικὴ
3082 2064 3190 2135 γὰρ
3217 2061 3316 2115 τοῦ
3356 2056 3643 2127 ἁγιασθῆναι

2104 2148 2199 2233 καὶ
2225 2148 2575 2240 δικαιωθῆναι
2602 2163 2878 2235 τυγχάνει,
2907 2160 2967 2213 οὑ
2994 2154 3327 2228 παρεκτική.
3358 2153 3432 2205 Τὸ
3459 2151 3499 2203 δ’
3525 2148 3643 2215 ἅγιον

2110 2266 2356 2337 Πνεῦμα,
2387 2259 2615 2346 ἐπείπερ
2661 2255 2909 2323 διέστηκε
2969 2251 3067 2346 μὲν
3124 2248 3223 2316 τῆς
3272 2243 3521 2304 κτίσεως,
3548 2255 3644 2289 συν·

2105 2326 2277 2429 ἧπται
2312 2352 2368 2405 δὲ
2406 2352 2473 2420 τῇ
2496 2326 2661 2417 ἶρύσει
2692 2342 2905 2411 ἐκείνῳ,
2923 2339 2982 2403 ἐξ
3013 2330 3072 2391 οῦ
3107 2334 3503 2401 ἐκπεπὸρευται
3530 2326 3646 2397 (περὶ

2106 2414 2169 2498 οῦ
2204 2442 2299 2495 καὶ
2345 2414 2901 2508 ἐμυσταγωγήθημεν,
2949 2427 3024 2490 ὡς
3061 2444 3080 2476 ι
3104 2424 3260 2477 Πᾶσα
3304 2421 3451 2480 δόσις
3482 2414 3646 2484 ἀγαθὴ.

2109 2536 2203 2590 καὶ
2241 2533 2349 2585 πᾶν
2391 2527 2623 2600 δώρημα
2669 2522 2871 2577 τέλειον
2915 2517 3120 2573 ἄνωθέν
3172 2518 3317 2577 ἐστι,
3364 2510 3645 2565 καταϐαῖνον

2110 2630 2174 2681 ἐκ
2213 2623 2308 2679 τοῦ
2354 2619 2564 2691 Πατρὸς
2608 2615 2716 2669 τῶν
2753 2612 2962 2683 φώτων,
3007 2608 3136 2680 παρ’
3176 2600 3221 2674 ᾧ
3251 2605 3357 2658 οὐκ
3391 2603 3499 2656 ἐστι
3534 2614 3645 2665 παρ-

2111 2717 2339 2787 αλλαγὴ,
2366 2714 2399 2784 ἢ
2429 2690 2638 2784 τροπῆς
2682 2700 3095 2773 άποσκίασμαι)
3117 2715 3130 2727 °
3162 2700 3256 2752 ml.
3287 2694 3513 2764 ἐπείπερ
3538 2690 3645 2743 πάν-

2110 2827 2217 2864 των
2246 2807 2490 2879 κήδεται,
2525 2802 2620 2854 καὶ
2653 2796 3015 2869 προμηθεῖται
3054 2791 3147 2846 καὶ
3173 2788 3359 2843 αὐτῶν
3385 2786 3489 2839 τῶν
3518 2785 3646 2836 ὑπαι-

2111 2904 2239 2957 τίων
2258 2916 2274 2931 ·
2302 2874 2516 2967 άγιάζει
2550 2893 2666 2964 μὲν,
2692 2889 2789 2943 καὶ
2809 2888 3024 2949 δικαιοῖ,
3061 2883 3155 2937 καὶ
3192 2880 3425 2949 σοφίζει,
3460 2875 3545 2930 καὶ
3568 2874 3647 2925 πᾶν

2113 2987 2251 3055 εἶδος
2420 2985 2477 3057 a]
2530 2963 2853 3052 ἐπουρανίου
2903 2974 3102 3047 ἀρετῆς
3149 2971 3414 3042 παρέχει·
3446 2965 3565 3020 αὐτὸ
3608 2963 3649 3013 δὲ

2114 3054 2364 3153 οὐδαμιῦς
2396 3054 2709 3149 εὑρίσκεται
2758 3070 2879 3141 ἐχον
2936 3064 3351 3137 ἐπιτηδειότητα
3402 3058 3492 3113 τοῦ
3524 3054 3649 3123 ἁγιά⁴

2117 3145 2321 3242 ζεσθαι,
2348 3172 2383 3242 ἢ
2417 3145 2777 3227 δικαιοῦσθαι,
2798 3162 2833 3233 ἢ
2860 3157 3173 3228 σοφίζεσθαι
3200 3154 3288 3223 ὑφ’
3314 3152 3500 3223 ἐτέρου
3523 3145 3650 3219 (καθὰ

2117 3239 2222 3323 οὐδ’
2254 3269 2282 3319 ὁ
2315 3239 2586 3333 αῦτοφυὴς
2609 3255 2819 3326 Πατὴρ,
2852 3253 2959 3306 οὐδ’
2988 3254 3016 3305 ὁ
3046 3246 3286 3321 ὁμοφυὴς
3320 3242 3481 3299 αὑτοῦ
3504 3239 3648 3305 Υίό;)’

2119 3357 2194 3421 ὼς
2231 3355 2326 3409 καὶ
2360 3328 2472 3406 διὰ*
2494 3328 2653 3405 τοῦτο
2684 3344 2859 3417 ὀρθῶς
2911 3337 3273 3412 εὐφημεῖσθαι
3322 3328 3588 3399 αὑτοάγιόν
3608 3342 3648 3377 τε

2120 3415 2213 3503 καὶ
2261 3444 2487 3515 Πνεῦμα
2535 3415 2864 3510 ἁγιωσῦνης,
2916 3433 3038 3488 ἀντὶ
3091 3428 3209 3497 τοῦ,
3247 3427 3412 3498 φύσει
3460 3423 3546 3476 καὶ
3580 3415 3649 3486 ἀφ’

2114 3537 2305 3594 ἑαυτοῦ
2355 3512 2543 3605 διγιον·
2593 3532 2688 3586 καὶ
2741 3526 2967 3597 Πνεῦμα
3011 3524 3174 3586 θεῖον,
3225 3521 3351 3574 ἀντὶ
3386 3515 3494 3579 τοῦ,
3528 3512 3651 3581 φύσει

2113 3631 2245 3695 Θεός
2264 3647 2277 3660 ·
2311 3603 2412 3682 καὶ-
2438 3625 2573 3697 πνοὴ
2609 3618 3077 3692 Παντοκράτορος,
3109 3613 3229 3668 ἀντὶ
3262 3610 3387 3677 τοῦ,
3418 3603 3651 3678 ὁμοούσιον

2114 3722 2207 3777 τοῦ
2234 3694 2677 3790 Παντοκράτορος
2703 3710 2965 3767 πνευσθὲν
2996 3710 3062 3761 ἐκ
3094 3707 3189 3777 τῆς
3219 3701 3559 3759 ὑποστάσεως
3581 3694 3653 3746 a9-

2113 3816 2237 3869 τοῦ·
2266 3814 2406 3868 ὥστε
2443 3788 2537 3865 καὶ
2566 3808 2732 3880 μόνην
2769 3805 2897 3876 μίαν
2938 3800 3196 3861 τοιαύτην
3247 3795 3537 3867 ὀνομασίαν
3569 3788 3652 3841 δειο

2116 3908 2309 3961 κνύναι
2337 3904 2468 3959 αὐτὸ
2490 3898 2772 3973 ὁμοούσιόν
2800 3913 2859 3949 τε
2890 3893 2969 3964 τῷ
2999 3891 3116 3962 θεῷ
3132 3889 3310 3960 Πατρὶ
3330 3888 3425 3942 καὶ
3450 3886 3650 3952 ἀγιειστι·

2117 4000 2234 4063 κὸν,
2274 3996 2369 4051 καὶ
2401 3965 2537 4067 μηδέ
2566 3992 2709 4061 λόγῳ
2752 3984 3072 4059 χωρεῖσθαι.
3100 3980 3394 4052 Τοιγάρτοι
3422 3978 3449 4028 ὁ
3473 3965 3651 4027 δυνατὸς

2117 4093 2291 4145 εἰπεῖν
2319 4105 2377 4142 τε
2412 4087 2507 4141 καὶ
2534 4082 2737 4144 τύπους
2762 4077 3017 4133 ἐκθέσθαι
3062 4075 3296 4135 πίστεως
3336 4068 3534 4125 Παῦλος
3573 4060 3653 4110 εἶδ’

2118 4185 2382 4255 ηγήσατο,
2410 4177 2747 4251 προθέμενος
2776 4174 2892 4244 ἅμα
2925 4171 3021 4242 μὲν
3051 4167 3207 4222 τοῦτο
3232 4166 3295 4219 τὸ
3333 4150 3651 4233 κεφάλαιον,ὃ

2275 4242 2551 4346 μέτειμεν,
2588 4242 2705 4340 άμα
2744 4242 2921 4319 δὲκαὶ
2964 4262 3070 4316 τῶν
3114 4250 3541 4331 μεγαλώωρεῶν,
3583 4242 3651 4295 καὶ

2119 4369 2218 4438 τῆς
2262 4334 2320 4418 ἐν
2360 4334 2444 4433 τῷ
2487 4334 2824 4433 βαπτίσματι
2862 4354 3271 4423 ἁναγεννήσεως
3316 4348 3378 4400 τὸ
3425 4342 3547 4412 πρὸς
3586 4334 3654 4385 τὸν

2122 4426 2252 4515 Θεὸν
2290 4426 2510 4528 Πατέρα
2553 4426 2821 4508 ἐπίκοινον
2867 4448 2960 4503 τοῦ
3007 4447 3165 4516 ἁγίου
3226 4426 3650 4528 Πνεῦματοςχῆ

2122 4514 2177 4607 δὲ
2202 4552 2296 4606 καὶ
2326 4552 2408 4604 ὅτι
2442 4514 2505 4602 τὸ
2552 4566 2570 4598 t
2591 4547 2620 4598 ὁ
2649 4545 2780 4608 Θεὸς
2805 4564 2822 4595 ι
2853 4542 3041 4612 ὄνομα,
3059 4514 3136 4591 ἐν
3165 4553 3223 4588 τε
3254 4533 3352 4587 καὶ
3400 4530 3540 4612 ἴσωςΔ

2123 4603 2442 4715 illm“?
2479 4639 2573 4693 καὶ
2610 4603 3057 4704 ἰσοδυνάμωςάεὶ
3097 4628 3307 4697 ἐνεργεῖ
3332 4603 3651 4710 ἐπικληθεὶςῦ

2058 4731 2103 4786 D
2129 4700 2189 4790 τέ
2212 4700 2342 4797 est;
2367 4731 2579 4802 Πατὴρ,
2611 4730 2640 4783 ὃ
2677 4744 2737 4780 τε
2765 4700 2895 4788 Θεὸς
2927 4722 3072 4785 Υἱὸς,
3114 4720 3143 4771 ὅ
3174 4732 3232 4769 τε
3265 4713 3395 4774 Θεὸς
3432 4700 3647 4769 Πνεῦμα*

2135 4918 2216 4969 An
2267 4911 2567 4969 inducenda
2614 4906 2802 4963 vocula
2874 4904 2989 4966 καί,
3047 4910 3107 4955 ιιι
3158 4886 3513 4965 supervacua?
3553 4880 3647 4969 ξείνω

2133 4986 2285 5050 τότε,
2340 4998 2469 5038 sane
2519 4975 2909 5050 legendum
2962 4954 3649 5050 es._llltul_'vero,nf‘Jszi

2132 5028 2477 5120 tat,’eodem
2523 5028 3011 5107 svsn‘s-ttvadhibitum
3052 5038 3290 5096 invenies
3338 5034 3389 5087 in
3422 5028 3649 5083 Clemente

2130 5124 2524 5181 Alexandrino.
3197 5177 3253 5181 -_
3315 5172 3349 5181 ..
3530 5177 3543 5181 -
3564 5156 3619 5181 ιε.;

2205 5160 2581 5265 aeratas...
2618 5187 2675 5265 υ
2958 5181 3073 5265 ιας-
3121 5196 3156 5241 ιν
3186 5160 3648 5265 accessit?

2106 5241 2316 5329 “habet:
2356 5241 2584 5316 idaeas
2619 5241 2852 5329 Πατρὸς,
2879 5268 2999 5324 pro,
3030 5252 3091 5303 ἐκ
3122 5247 3213 5301 τοῦ
3241 5241 3472 5313 Πατρός·
3506 5242 3645 5298 atque

2130 5338 2231 5391 οὐκ
2255 5328 2357 5400 ἔνι,
2388 5346 2505 5398 pro,
2531 5330 2631 5383 οὐκ
2652 5328 2786 5400 ἐστι.
2870 5393 2900 5400 __
3039 5384 3062 5400 _
3116 5389 3127 5400 .
3418 5394 3460 5400 Δ
3500 5363 3596 5400 Mli

2203 5374 2316 5477 ἴθι)
2342 5374 2666 5477 ’ᾗᾳείιηάὶω
2699 5398 2751 5450 lu
2774 5374 2990 5477 'codice.
3011 5384 3173 5471 εἶπέν.
3190 5403 3248 5439 τε
3266 5400 3279 5415 ο
3310 5394 3469 5477 ηιξαιη

2229 5434 2287 5461 σι
2365 5434 2666 5457 l'uvuuueu.
2699 5434 2751 5450 Ill
2786 5434 2969 5449 ννυιιν
3012 5434 3155 5443 ν---σν
3202 5434 3247 5439 ν-
3318 5434 3345 5452 Ἰ
3543 5439 3553 5449 ι
3614 5434 3627 5443 υ

2132 5434 2256 5531 nein
2282 5434 2592 5529 mendosam
2616 5482 2736 5523 esse
2767 5480 2873 5519 non
2906 5462 3087 5518 dubito
3117 5478 3135 5531 :7
3162 5458 3342 5523 itaque
3368 5452 3488 5531 legit.

2131 5564 2210 5600 τε.
2263 5545 2405 5612 Quin
2455 5550 2564 5595 tota
2610 5540 2724 5592 hac
2765 5515 3028 5612 sententia
3076 5515 3645 5612 adeo‘éffgleii

2132 5577 2405 5679 (Ξῦιῖωὲςξη
2576 5577 3358 5670 v33e”m"'§|i£i.}§m"librario
3434 5577 3646 5639 excidisse

2133 5687 2395 5759 suspicer.
