3688 6302
107 344 176 397 δεῖς
1046 331 1132 386 DE
1170 330 1542 386 TRINITATE
1581 330 1784 385 LIBER
1824 331 2210 389 SECUNDUS.

3125 342 3234 397 5'26

102 455 331 529 Κορινθίοις
348 453 545 524 γράφων
570 451 898 522 δημηγορεῖο
933 471 951 502 ι
985 451 1145 506 Ἀλλὰ
1173 450 1558 514 ἀπελούσασθε.

1791 463 1884 516 us,
1915 453 2218 522 proposuit,
2254 461 2307 504 et
2342 454 2627 524 magnilica
2655 454 2816 522 dona,
2851 471 2914 511 ac
2955 471 3240 528 regenera-

101 550 197 606 ἀλλὰ
233 544 552 614 ἐδικαιώθητε,
599 544 734 598 ἀλλὰ
777 543 1078 614 ἡγιάσθητε
1115 547 1172 598 ὲν
1214 545 1292 615 τῷ
1339 547 1563 618 ὀνόματι

98 641 162 695 τοῦ
184 638 347 708 Κυρίου
380 634 523 705 ἡμῶν
567 633 738 706 Ἰησοῦ
780 637 1039 706 Χριστοῦ,
1071 637 1164 690 καὶ
1193 638 1250 689 ἐν
1277 636 1357 707 τῷ
1397 637 1565 690 Πνεύ-

1680 540 1904 610 tionem,
1931 558 2093 612 quam
2128 544 2179 596 in
2210 543 2476 612 baptismo
2524 547 2907 615 consequimur
2933 588 2948 612 ,
2997 563 3152 617 aeque
3184 556 3244 604 et

1677 634 2038 688 communiter
2065 649 2096 688 a
2124 635 2232 690 Deo
2257 633 2418 690 Patre
2443 676 2459 702 ,
2515 651 2579 692 ac
2625 635 2828 707 Spiritu
2874 648 3064 694 sancto
3095 653 3240 705 esse,

101 751 190 805 ματι
210 730 282 784 τοῦ
310 727 425 781 Θεοῦ
451 726 620 798 ἡμῶν.
652 747 670 778 ι
715 729 805 781 Διὸ
838 731 887 780 οἱ
933 728 1312 794 κοινωνοῦντες
1337 731 1505 802 αὐτῷ,
1537 733 1557 784 ἒ

1780 734 2008 780 ιιιιειοτθιι
2047 741 2243 782 nomen
2277 729 2377 783 boc
2408 746 2427 780 ι
2469 729 2607 784 Deus
2636 748 2655 780 ι
2692 730 2744 784 iu
2775 729 3040 785 Trinitate
3073 747 3236 786 unum

97 825 260 878 ἐστινοί
289 820 564 890 ἀξιούμενοι
602 820 921 888 ἁγιάζεσθαι
976 822 1066 874 ὑπ’
1100 821 1286 884 αὐτοῦ,
1337 824 1433 876 καὶ
1481 824 1563 876 δι-

98 913 325 976 καιοῦσθαι,
375 913 461 964 καὶ
509 910 844 980 σοφίζεσθαι,
896 910 1160 984 εἴρηνται,
1205 915 1280 978 ὡς
1333 917 1362 968 6
1403 916 1564 981 αὐτὸς

95 1004 312 1066 ἀπόστολος
347 1001 611 1073 Ἑϐραίους
636 1001 876 1057 διδάσκει
899 1045 914 1068 ,
954 1022 972 1054 t
1005 1004 1219 1076 μέτοχοι
1248 1005 1560 1076 Πνεύματος

94 1100 252 1166 thiam
283 1096 376 1150 Καὶ
413 1095 671 1163 Ἐφεσίοις
695 1096 752 1149 δὲ
797 1097 1030 1166 γράφειο
1074 1113 1092 1147 ι
1130 1098 1217 1150 Ἐν
1256 1091 1301 1166 ᾧ
1337 1099 1432 1153 καὶ
1476 1117 1564 1152 πι-

94 1190 333 1251 στεύσαντες
371 1186 757 1259 ἐσφραγίσθητε
779 1187 858 1259 τῷ
886 1188 1164 1261 Πνεῦματι
1194 1190 1292 1261 τῆς
1328 1193 1564 1262 ἐπαγγε-

91 1286 172 1348 λίας
203 1283 264 1352 τῷ
300 1281 439 1352 ἁγίῳ.
464 1299 482 1332 ι
527 1281 695 1352 Δῆλον
724 1283 853 1356 γὰρ,
898 1284 975 1347 ὡς
1023 1285 1074 1338 οἱ
1119 1285 1560 1359 σφραγιζόμενοι,

88 1377 188 1431 τοῦτ’
223 1374 343 1428 ἐστιν
373 1373 736 1445 ἁγιαζόμενοι,
786 1373 1123 1446 μετέχουσιν,
1172 1377 1288 1431 ἀλλ’
1339 1379 1398 1432 οὐ
1434 1395 1562 1449 μετ-

89 1470 256 1537 έχονται.
288 1464 384 1517 Καὶ
421 1464 524 1536 γὰρ
554 1467 606 1518 εί
638 1465 846 1536 κτίσμα
884 1465 1179 1538 ἐτύγχανεν
1217 1468 1276 1521 ὃν
1317 1468 1380 1523 τὸ
1409 1470 1562 1538 ἅγιον

87 1557 260 1627 Πνεῦμα,
289 1555 318 1627 ἢ
357 1555 384 1607 6
420 1554 575 1618 Υἱός·
601 1554 702 1609 ποῦ
746 1551 815 1627 ἦν
854 1557 1014 1630 χρεία
1049 1558 1110 1613 τὸ
1154 1559 1358 1631 κτίσμα
1389 1559 1474 1632 [71
1508 1559 1560 1633 b]

86 1651 278 1718 ἀγάζειν,
307 1647 391 1702 καὶ
416 1650 588 1702 ποιεῖν
619 1647 719 1720 τὴν
747 1649 1050 1722 πλήρωσιν,
1081 1653 1258 1706 καίτοι
1297 1653 1392 1708 τοῦ
1424 1653 1558 1707 Θεοῦ

84 1740 236 1812 Πετρδς
253 1739 588 1812 ἀποχρώντως
616 1742 940 1812 ἡγιακότος;
984 1743 1055 1798 Οἵ
1101 1747 1152 1814 γ’
1188 1740 1281 1798 οὖν
1328 1747 1558 1810 κτιστοὶ,

84 1833 268 1886 tiaris-tau
290 1832 343 1886 τὸ
369 1832 570 1905 χρίσμα
595 1833 755 1888 τοῦτο
784 1835 1007 1900 είδότες,
1043 1837 1144 1891 οὒκ
1181 1837 1391 1892 οἴκοθεν
1433 1856 1540 1911 παρ

1464 1856 1564 1911 ταρ-
1601 1817 1640 1874 Β
1668 1826 1826 1883 docet
1845 1827 2088 1900 (93).Ad
2125 1830 2386 1900 Ephesids
2447 1841 2626 1887 autem
2665 1831 2855 1887 scribit
2906 1849 2920 1887 :

83 1926 218 1996 ἔχομεν
242 1925 316 1979 τὸν
337 1925 619 1996 ἁγιασμὸν,
664 1926 800 1981 ἀλλὰ
847 1929 1056 2001 φαμένο
1101 1930 1157 1984 Ὀ
1185 1930 1315 1996 Θεὸς
1340 1931 1562 2000 ἁγιάσαι

83 2034 134 2071 σε.
162 2017 246 2070 Καὶ
277 2015 397 2089 πρὸς
433 2017 620 2090 ἕτερον
651 2019 709 2073 δὲ
748 2021 1009 2092 ὁμόλογον
1038 2022 1135 2076 καὶ
1175 2024 1434 2096 κραταιὸν
1464 2023 1561 2094 βα·-

82 2107 231 2180 διοῦμαι
267 2108 540 2180 δικαίωμα,
590 2111 709 2183 μεθ’
756 2110 785 2166 ὃ
821 2113 943 2166 οὐδὲ
978 2117 1114 2178 τοῖς·
1135 2115 1562 2188 μεμελετηκόσιν

82 2200 363 2269 ἀναισχυντεῖν
407 2201 628 2268 ἐξέσται
669 2202 830 2258 τοῦτο
874 2208 1072 2259 ποιεῖν.
1129 2205 1188 2260 Ὁ
1223 2207 1319 2261 τοῦ
1360 2209 1564 2273 παντὸς

82 2289 296 2360 Δεσπότης,
334 2291 454 2363 περὶ
491 2293 598 2362 μὲν
641 2293 736 2348 τοῦ
791 2293 926 2348 Θεοῦ
975 2297 1190 2370 Πατρδς
1231 2299 1325 2353 καὶ
1367 2301 1562 2355 ἑαυτοῦ

79 2379 402 2450 ἀπολελυμένους
443 2381 871 2455 διαταξάμενοςσ
921 2405 939 2438 ι
959 2386 1320 2454 Βαπτίξοντες
1369 2391 1564 2456 αὐτοὺς

80 2473 130 2535 είς
149 2473 194 2524 τὸ
215 2473 357 2543 ὄνομα
388 2474 479 2528 τοῦ
519 2477 758 2549 Πατρὸς,
789 2479 885 2533 καὶ
914 2478 1006 2533 τοῦ
1035 2479 1217 2544 Υίοῦ,ι
1249 2483 1346 2555 οὐχ
1375 2485 1564 2549 ἁπλῶς

78 2564 268 2632 ἐπήγαγε,
299 2568 544 2621 «καὶτοῦ
595 2569 931 2641 Πνεύματος,
975 2591 993 2623 ι
1051 2572 1189 2628 ἀλλὰ
1231 2576 1560 2650 προσέθηκε,

80 2653 167 2705 «τοῦ
200 2655 348 2722 ἁγίου.
373 2675 394 2708 ι
439 2659 604 2712 Ὥστε
637 2662 916 2734 μονονουχὶ
956 2663 1373 2738 ὑποϐεϐηκότως
1398 2671 1562 2725 αὑτοῦ

78 2746 140 2798 οὐκ
158 2748 379 2821 ἐμνήσθη,
414 2750 552 2805 ἀλλὰ
581 2753 675 2806 καὶ
718 2755 1156 2828 ἀναϐεϐηκότως,
1182 2758 1271 2815 διὰ
1303 2761 1363 2814 τὺ
1389 2763 1563 2818 ἐκεῖνο

78 2829 166 2889 εἶναι
193 2841 245 2909 τῇ
287 2835 454 2910 φύσει,
502 2843 532 2898 ὅ
574 2847 712 2899 εἰσιν
759 2849 814 2900 αί
865 2848 1171 2915 αὐτοτελεῖς
1213 2853 1558 2920 ὑποστάσεις,

75 2927 324 3000 ιςέσήμανε
370 2934 428 2986 τὸ
465 2935 525 2988 ἓν
562 2937 750 3008 ὄνομα,
823 2932 868 3007 ᾧ
916 2943 1008 2995 καὶ
1047 2945 1178 2998 αὐτὸ
1233 2945 1295 2998 τὺ
1337 2946 1561 3018 Πνεῦμα

78 3026 539 3098 ιτιμπροσηγορεύθηο
592 3033 687 3084 καὶ
733 3034 1094 3107 παραλλήλως
1139 3037 1228 3092 διὰ
1279 3040 1340 3093 τὺ
1387 3042 1562 3096 ἐκεῖνο

77 3112 317 3170 Massiva:
347 3118 404 3172 τὸ
445 3120 603 3188 ἅγιον
647 3123 896 3195 Πνεῦμα,
946 3127 974 3180 ὃ
1016 3129 1132 3180 ἐστι
1169 3131 1236 3200 τῇ
1284 3131 1500 3203 θεότητι
1534 3135 1563 3186 6

76 3203 200 3293 Πατὴρ
223 3208 301 3260 καὶ
334 3210 361 3260 6
401 3210 528 3274 Υἱὸς
567 3213 730 3266 αὑτοῦ
751 3232 764 3245 ·
808 3209 891 3279 οἷς
937 3221 1431 3293 συνεμνημονεύθη,
1464 3222 1560 3286 ὡς.

73 3292 109 3344 τὺ
135 3293 179 3363 δὴ
213 3294 496 3368 λεγόμενον,
554 3299 672 3354 ἔστι
719 3302 983 3374 πρόδηλον
1019 3307 1113 3359 καὶ
1159 3306 1360 3378 τυφλῷ.
1404 3292 1564 3361 Ἂλλὰ

74 3381 174 3435 τοῦτο
194 3385 273 3454 μὲν
308 3387 543 3454 πλείονος
588 3391 772 3462 ἔχεται
801 3393 1106 3462 θεολογίας·
1145 3397 1231 3450 ἵνα
1271 3396 1329 3452 δὲ
1367 3397 1564 3469 ῥᾳδίως

75 3475 308 3546 etmaneat
337 3477 587 3551 θεότητος
617 3481 785 3553 μόνης
809 3482 938 3536 ἴδιον
967 3485 1233 3556 ὑπάρχειν
1277 3487 1336 3540 τὸ
1377 3487 1560 3540 καλεῖ-

75 3562 170 3627 dat,
191 3568 267 3619 καὶ
294 3564 424 3623 εἶναι
453 3572 618 3641 φύσει
645 3573 798 3641 ἆγιόν
824 3591 906 3637 τε,
933 3574 1139 3629 δίκαιόν
1164 3594 1243 3640 τε,
1263 3577 1343 3631 ἔτι
1370 3579 1475 3651 μὴν
1503 3580 1563 3632 τὸ

76 3654 262 3723 iiiis”,
300 3662 385 3714 καὶ
425 3662 672 3718 δικαιοῦν
713 3665 782 3719 τὰ
824 3667 998 3720 οἰκεῖα
1047 3669 1355 3741 κτίσματαο
1402 3672 1562 3742 ὃμοια

76 3748 278 3819 ὖμνημένα
312 3756 465 3821 εἰσὶν,
499 3757 632 3826 περὶ
661 3757 759 3828 μὲν
787 3757 881 3810 τοῦ
911 3760 1146 3831 Πατρὸς,
1172 3761 1247 3825 ὼς
1272 3763 1436 3832 ἡνίκα
1460 3764 1560 3816 αὑ-

75 3839 130 3901 τις
164 3844 184 3893 ι
216 3844 322 3908 ra;
355 3848 502 3920 παρά
542 3850 766 3922 Ἰωάννῃ
800 3851 968 3924 λέγιι’
1005 3871 1023 3903 ι
1051 3853 1234 3926 Πάτερ
1279 3855 1421 3923 ἅγιεν
1461 3858 1560 3927 “'1'

77 3948 183 3997 ρηπν
225 3938 397 4003 αὐτοὺς
458 3944 517 3995 ὲν
565 3941 645 4013 τῷ
706 3942 930 4015 ὀνόματί
987 3961 1118 3998 σου·
1145 3967 1165 3998 ι
1223 3946 1318 4000 καὶ
1361 3947 1557 4002 πάλιν’

80 4025 296 4093 ι’Δγὶασον
326 4034 514 4099 αὐτοὺς
544 4037 605 4089 ὲν
638 4039 704 4108 τῇ
731 4036 962 4110 ἀληθείᾳ
989 4056 1081 4092 σου
1099 4056 1113 4071 ο
1142 4041 1172 4092 6
1205 4039 1376 4108 Λόγος
1398 4043 1426 4093 6
1449 4041 1560 4107 σὸς,

76 4116 229 4187 difﬁsi
258 4127 411 4180 ἐστι-ι
444 4131 541 4183 καὶ
586 4128 770 4196 αὖθις·
805 4151 824 4183 ι
844 4131 1027 4204 Πάτερ
1069 4132 1264 4189 δίκαιε.
1292 4153 1310 4185 ι
1352 4134 1462 4188 Καὶ
1485 4135 1563 4199 ὡς

77 4207 157 4262 ὅταν
181 4221 574 4290 προφητεύωσιν,
616 4223 874 4294 Ἰεζεκιὴλ
905 4224 1033 4294 μέν’
1068 4245 1085 4276 ι
1114 4226 1222 4278 Kal.
1247 4226 1559 4294 γνώτωσαν,

74 4299 123 4354 ὅτι
144 4307 226 4374 ἐγὼ
249 4311 431 4383 Κύριος
474 4317 503 4368 6
553 4315 796 4384 ἁγιάζων
843 4317 1040 4381 αὐτούς
1061 4333 1074 4347 ’
1104 4338 1122 4370 ι
1169 4318 1332 4372 Δαυῖδ
1359 4319 1415 4372 δὲ
1445 4321 1503 4372 ἐν
1532 4327 1561 4372 ι’

275 4406 516 4472 «Δίκαιος
565 4410 795 4481 Κύριος,
851 4411 944 4464 καὶ
976 4411 1070 4484 [72
1111 4411 1167 4484 α]
1210 4412 1560 4485 δικαιοσύνην

1674 817 1964 884 exsistere,
1993 829 2049 876 et
2079 821 2251 878 tribus
2277 822 2558 892 aequaliter
2577 824 2897 891 convenire,
2927 834 2980 879 et
3023 825 3239 880 invoca-

1673 918 1786 964 tum
1817 925 1846 964 a
1885 913 2044 968 nobis
2095 927 2216 967 cum
2250 913 2416 969 Deum
2440 914 2693 980 Patrem,
2748 923 2861 970 tum
2924 916 3090 970 Deum
3149 913 3241 969 Fi-

1668 1000 1839 1070 lium,
1895 1013 2006 1058 tum
2066 1004 2234 1060 Deum
2293 1006 2554 1077 Spiritum
2612 1009 2813 1077 atquali.
2868 1023 3082 1078 semper
3140 1022 3240 1077 po-

1670 1102 1864 1150 testate
1887 1096 2103 1164 operari
2157 1099 2394 1154 ostendit
2431 1119 2443 1154 :
2490 1115 2614 1155 nam
2655 1100 2955 1156 Corinthiis
2998 1099 3240 1156 scribens

1670 1184 1745 1240 ita
1803 1187 2155 1244 concionatur
2211 1212 2222 1244 :
2281 1208 2303 1242 ι
2361 1189 2466 1248 Sed
2529 1193 2644 1264 (92)
2692 1195 2862 1250 abluti
2932 1194 3087 1260 estis,
3137 1195 3234 1249 sed

1665 1277 1948 1349 iustiﬁcati
1998 1281 2149 1348 estis,
2209 1285 2302 1340 sed
2359 1286 2682 1342 sanctiﬁcati
2737 1287 2867 1343 estis
2922 1287 2975 1341 in
3016 1286 3235 1342 nomine

1667 1370 1881 1427 Domini
1914 1375 2085 1429 nostri
2115 1373 2244 1430 Jesu
2276 1375 2500 1443 Christi,
2540 1387 2596 1434 et
2653 1378 2706 1433 in
2755 1377 2956 1450 Spiritu
2994 1377 3090 1432 Dei
3129 1392 3230 1432 tto-

1667 1463 1790 1518 stri.
1821 1485 1841 1517 ι
1875 1464 2167 1536 Propterea
2223 1468 2315 1538 qui
2347 1469 2396 1524 ei
2449 1470 2867 1536 communicant,
2917 1470 2972 1525 id
2997 1479 3114 1533 est.
3145 1470 3236 1539 qui

1667 1555 1810 1627 digni
1846 1557 1972 1614 facti
1994 1570 2120 1614 sunt
2152 1569 2213 1615 ut
2243 1563 2310 1615 ab
2353 1576 2419 1617 eo
2469 1562 2896 1628 sanctiﬂcentur,
2940 1573 2994 1617 et
3043 1560 3242 1633 justiﬁ-

1668 1654 1876 1715 centur,
1910 1658 1965 1705 et
1994 1653 2269 1722 sapientes
2292 1653 2606 1717 reddantur,
2625 1654 2660 1707 ii
2700 1671 2719 1704 ι
2751 1652 3045 1724 participes
3065 1650 3240 1721 Spiri-

1669 1744 1756 1791 tus
1798 1739 1972 1793 sancti
2008 1757 2029 1792 ι
2061 1740 2339 1806 dicuntur,
2400 1750 2460 1796 ut
2489 1741 2630 1797 idem
2664 1742 2953 1812 Apostolus
2988 1740 3242 1796 Hebraeos

2977 1850 2996 1884 ι
3030 1829 3087 1885 ln
3132 1846 3241 1900 quo

1668 1920 1784 1992 (94)
1830 1930 1888 1978 et
1916 1921 2200 1979 credentes
2233 1923 2429 1994 signati
2470 1924 2602 2001 estis
2631 1923 2835 1993 Spiritu
2870 1922 3240 1992 promissionis

1666 2023 1879 2069 sancto.
1921 2033 1941 2066 ι
1985 2013 2119 2068 Nam
2155 2016 2499 2085 perspicuum
2530 2025 2613 2071 est
2639 2055 2655 2080 ,
2685 2030 2782 2071 eos
2813 2015 2904 2085 qui
2937 2015 3237 2084 signantur,

1663 2105 1717 2162 id
1747 2116 1855 2172 est,
1885 2105 2318 2176 sanetilicantur,
2353 2107 2700 2178 participare,
2744 2109 2839 2163 sed
2881 2123 2986 2165 non
3021 2107 3242 2178 partici-

1662 2198 1801 2270 pari.
1844 2197 1905 2253 Si
1953 2201 2099 2255 enim
2135 2208 2385 2256 creatura
2428 2209 2571 2256 esset
2614 2201 2852 2272 Spiritus
2899 2213 3118 2256 sanetus
3147 2210 3242 2255 aut

1663 2288 1853 2358 Filius,
1889 2291 2149 2360 quidnam
2172 2305 2398 2346 necesse
2431 2290 2588 2357 foret,
2621 2302 2906 2364 postquam
2956 2291 3120 2347 Pater
3153 2306 3244 2348 sa-

1667 2379 1739 2436 tis
1765 2379 2086 2450 abundeque
2129 2381 2523 2447 sauctilicavit,
2564 2389 2625 2436 ut
2675 2381 2724 2436 is
2749 2382 2940 2447 etiam,
2971 2381 3062 2450 qui
3092 2396 3244 2438 crea-

1661 2479 1783 2526 tura
1828 2480 1974 2527 esset
2027 2472 2417 2539 sanctitlcaret,
2480 2488 2546 2530 ac
2583 2473 2748 2528 veluti
2797 2473 3092 2544 supplendo
3150 2487 3245 2528 ex-

1662 2564 1874 2637 pleret?
1930 2564 2116 2636 itaque
2143 2581 2265 2622 cum
2289 2566 2525 2622 chrisma
2557 2566 2720 2632 istud,
2752 2567 2866 2621 sive
2893 2567 3199 2622 unctionem
3219 2608 3236 2632 ,

1663 2657 1809 2713 illius
1843 2672 1965 2714 esse
2001 2659 2335 2726 noverimus,
2396 2658 2488 2728 qui
2545 2659 2818 2714 increatus
2856 2668 2958 2725 est,
3019 2673 3118 2712 nos
3156 2666 3242 2713 ut-

1662 2761 1786 2822 pote
1837 2758 2101 2806 creatura:
2129 2764 2237 2806 non
2285 2751 2351 2806 de
2403 2759 2588 2806 nostro
2620 2750 3107 2806 sanctiﬁcationein
3145 2751 3241 2803 da-

1668 2857 1811 2909 mus,
1869 2845 1964 2900 sed
2017 2844 2252 2899 dicimus
2299 2862 2314 2900 :
2370 2842 2517 2900 Deus
2569 2854 2622 2898 te
2665 2843 2994 2898 sanctiﬁcet.
3031 2842 3238 2896 Trans-

1666 2953 1732 2993 eo
1785 2951 1930 2992 nunc
1975 2938 2042 2991 ad
2081 2937 2260 2992 simile
2294 2937 2438 2992 aliud
2464 2978 2478 3000 .
2539 2937 2706 3006 idque
2748 2934 3088 3005 pervalidum
3153 2949 3239 2987 ar-

1663 3038 1980 3098 gumentum
2013 3069 2028 3095 ,
2072 3032 2218 3100 quod
2277 3043 2398 3084 cum
2440 3028 2710 3093 attulero,
2767 3041 2955 3082 eorum
3018 3041 3234 3097 quoque

1669 3121 1891 3177 audacia
1931 3117 2321 3184 'contundetur,
2357 3121 2445 3189 qui
2473 3119 2527 3174 in
2557 3119 2852 3190 impudenti
2883 3119 3238 3176 contendeudi

1667 3215 1883 3269 ratione
1911 3213 2326 3269 exercitatiores
2352 3222 2498 3266 sunt.
2535 3212 2782 3269 Universi
2815 3211 3079 3268 Dominus
3115 3227 3240 3268 cum

1665 3306 1730 3359 de
1760 3305 1870 3360 Deo
1899 3305 2077 3371 Patre,
2104 3319 2166 3358 ac
2204 3303 2272 3359 de
2324 3304 2506 3373 seipso
2556 3303 2798 3359 absolute
2851 3303 3117 3373 loquens,
3164 3304 3236 3357 ita

1663 3399 2015 3468 prazcepisset
2043 3437 2060 3463 ,
2103 3417 2121 3450 ι
2162 3397 2506 3467 Baptizantes
2534 3396 2647 3466 (95)
2680 3410 2773 3450 eos
2800 3395 2855 3450 in
2878 3396 3098 3450 nomine
3127 3395 3231 3450 Pa~

1667 3491 1786 3558 tris,
1815 3505 1869 3545 et
1897 3490 2040 3545 Filii.
2077 3512 2096 3542 ι
2137 3507 2245 3546 ιιοη
2279 3490 2558 3561 subiunxit
2582 3488 2904 3559 simpliciter
2927 3527 2942 3552 ,
2979 3507 2999 3541 ι
3030 3496 3082 3542 et
3117 3487 3241 3559 Spi-

1665 3585 1823 3652 ritus,
1867 3606 1885 3639 ι
1923 3587 2014 3641 sed
2044 3586 2268 3649 addidit,
2295 3603 2314 3635 ι
2362 3583 2557 3639 sancti.
2595 3603 2612 3634 ι
2675 3582 2856 3651 Itaque
2901 3597 3008 3635 non
3066 3581 3236 3636 solum

1664 3679 1785 3749 ejus
1838 3680 1912 3732 ita
1963 3695 2069 3732 non
2131 3677 2397 3741 meminit,
2459 3687 2517 3729 ιιι
2573 3689 2696 3729 eum
2735 3675 3086 3742 deprimeret,
3143 3675 3236 3728 sed

1666 3775 1835 3826 etiam
1867 3772 1985 3841 ejus
2012 3772 2085 3824 ita
2112 3770 2380 3835 meminit,
2413 3779 2471 3823 ttt
2502 3785 2624 3825 cum
2660 3765 2966 3832 extolleret,
2999 3780 3063 3820 eo
3091 3765 3232 3834 quod

1663 3863 1780 3934 ipse
1809 3877 2000 3917 natura
2043 3860 2096 3918 id
2130 3863 2221 3928 sit,
2271 3863 2412 3931 quod
2453 3869 2579 3915 sunt
2609 3859 3018 3929 perfectissimae
3069 3858 3240 3928 hypo-

1664 3968 1856 4015 Stases.
1883 3969 2019 4026 quas
2039 3956 2313 4026 signiﬁcat
2346 3970 2506 4008 unum
2539 3969 2753 4020 nomen,
2784 3967 2894 4024 quo
2928 3952 3041 4020 ipse
3071 3951 3235 4004 etiam

1666 4051 1900 4122 Spiritus
1955 4051 2118 4107 simul
2153 4066 2277 4106 cum
2315 4051 2418 4106 illis
2457 4049 2764 4106 nominatus
2793 4059 2909 4113 est,
2949 4060 3004 4104 et
3035 4047 3150 4118 pari
3181 4046 3239 4102 in

1665 4144 1833 4212 gradu
1887 4143 2206 4210 collocatus,
2259 4154 2544 4214 propterea
2593 4143 2736 4211 quod
2790 4143 2841 4196 id
2885 4143 2954 4196 sit
3003 4140 3240 4211 Spiritus

1666 4245 1907 4301 sanctus,
1957 4236 2098 4306 quod
2131 4246 2214 4291 est
2259 4237 2541 4291 divinitate
2586 4234 2748 4289 Pater
2783 4245 2838 4288 et
2869 4234 3038 4289 Filius
3096 4233 3236 4304 ejus,
3331 4218 3346 4231 ⁸

1665 4324 1983 4394 quibuscum
2049 4325 2207 4380 simul
2269 4333 2726 4380 commemoratus
2782 4325 2914 4390 fuit,
2975 4327 3237 4394 quemad-

1667 4416 1883 4470 modum
1915 4416 1997 4470 vel
2023 4431 2200 4478 caeco.
2238 4427 2295 4470 ut
2333 4418 2503 4481 aiunt,
2530 4417 2706 4488 .160
2750 4419 3090 4486 perspicuum
3133 4427 3234 4473 est.

78 4482 304 4577 illisusew
330 4500 628 4572 εὐθύτητας
656 4503 765 4557 ῐδον
791 4506 838 4558 οἱ
867 4482 1336 4576 ὀφθαλμοὶ-αὐτοῦ
1363 4525 1377 4540 ·
1415 4527 1434 4559 ι
1467 4482 1534 4561 κα

1809 4511 1910 4563 ltoc
1939 4509 2156 4577 quidem
2199 4507 2391 4573 majori
2441 4482 2694 4577 quadainv
2716 4482 2957 4577 emphasi
3003 4507 3237 4576 Spiritus

79 4575 222 4647 ἔτερος·
257 4591 390 4645 ικαὶ
433 4595 637 4660 πάντες
670 4599 720 4651 οἱ
755 4575 1074 4668 ἡγιασμένοι
1109 4600 1213 4652 ὑπὸ
1241 4600 1339 4664 τὰς
1369 4601 1561 4672 χεῖράς

80 4684 152 4770 fit,
175 4681 246 4730 καὶ
261 4681 352 4736 ὕπὸ
377 4688 433 4740 σέ
457 4691 617 4743 εἰσιν.
634 4711 652 4741 ι
688 4692 798 4746 Καὶ
821 4691 898 4756 ὼς
921 4693 1050 4746 ὅταν
1075 4692 1288 4758 Παῦλος
1315 4695 1562 4750 ἐπιστέλ-

81 4770 253 4866 Ity-7.96;
279 4776 370 4866 μὲν
394 4778 846 4850 Θεσσαλονικέας·
900 4806 917 4837 ι
942 4786 1114 4851 Αὐτὸς
1142 4786 1198 4839 δὲ
1235 4789 1264 4840 ὁ
1301 4787 1443 4851 Θεὸς
1463 4789 1561 4860 τῆς

79 4859 228 4928 εἰρήνης
264 4865 471 4933 ἁγιάσαι
515 4874 660 4944 ὑμᾶς
703 4875 967 4941 ὁλοτελεῖς
995 4895 1011 4909 ⁸
1039 4897 1058 4929 ι
1117 4877 1254 4949 πρὸς
1301 4878 1357 4932 δὲ
1425 4859 1560 4932 Ῥω-

84 4951 239 5040 tilias?
267 4958 420 5024 «Θεὸς
445 4964 474 5016 6
503 4963 729 5019 δικαιῶν
749 4984 764 4997 ·
785 4968 868 5030 τίς
895 4969 923 5020 6
951 4968 1331 5039 κατακρίνωνς
1364 4988 1382 5018 ι
1424 4969 1561 5040 πρὸς

80 5031 112 5084 δε
137 5039 385 5133 ᾘδραίως·
422 5073 441 5104 ι
467 5054 641 5131 ’Ἰναῇ
682 5059 716 5128 ὴ
752 5059 1018 5130 παρθένος
1063 5031 1193 5129 ἁγία
1224 5031 1436 5133 σώματι
1466 5031 1559 5116 ἐίαῇ
1603 5108 1605 5110 ·

83 5139 335 5199 Tit-uitur»
384 5145 457 5210 ὡς
511 5149 882 5221 ὲγχωροῦντος
925 5151 1043 5218 τοῦ,
1092 5153 1124 5222 ἢ
1175 5157 1296 5207 κατ’
1348 5156 1557 5212 οἰκείαν

80 5223 218 5293 τβπὴν
241 5229 303 5301 μὴ
328 5228 459 5289 εἶναι
486 5241 656 5311 αὐτὴν
699 5243 882 5311 ἁγίαν,
919 5244 952 5316 ἢ
999 5244 1121 5298 κατ’
1161 5246 1364 5318 ἀρετὴν
1397 5247 1554 5316 ἁγιά-

85 5371 206 5496 {52%
247 5385 352 5443 Sed.
411 5393 430 5446 1
491 5396 618 5451 Cor.
645 5413 721 5462 Vl,
776 5398 863 5451 ll.
931 5399 1067 5455 Vide
1123 5407 1234 5456 not.
1290 5398 1383 5466 80,
1433 5415 1554 5472 pag.

230 5522 387 5602 ροισι.
409 5531 570 5602 ﬂebr.
601 5550 680 5602 Vt,
713 5535 768 5589 4.

128 5585 276 5670 La
293 5612 401 5670 quo.
431 5585 694 5670 Εβιὶὲεζῖ,

127 5653 207 5741 (ἓξ)
225 5653 981 5741 ιξαριιιαῃιὲέ.ἰιειίἰιὶἷὲινιιι,
1010 5680 1098 5735 to.

231 5722 381 5809 Ιξιιὶετ.
418 5722 591 5795 τίθει-ιι.-
606 5722 855 5809 ἶνίἶ,

129 5791 209 5868 (97)
249 5791 878 5882 δαηειεῂοᾱζῖιοῖιὲίζ’χ’νῖἰ,
909 5818 992 5876 ιτ.
1051 5819 1106 5876 in
1134 5820 1269 5879 libro
1300 5820 1374 5878 De
1414 5819 1556 5892 Spir.

1664 4600 1838 4654 sancti
1897 4600 2230 4654 divinitatem
2292 4599 2552 4655 declarat.
2604 4599 2801 4655 Verum
2860 4614 2965 4668 quo
3029 4598 3238 4652 facilius

1664 4692 1786 4760 quis
1811 4692 2017 4757 credat,
2057 4693 2228 4748 solius
2255 4693 2470 4747 deitatis
2500 4692 2774 4762 pr0prium
2817 4704 2956 4754 esse,
2993 4697 3054 4744 ut
3077 4704 3240 4743 voce-

1664 4793 1772 4848 tur,
1800 4793 1856 4838 et
1899 4785 2113 4839 sitcum
2148 4797 2332 4840 sancta
2374 4800 2438 4840 ex
2487 4783 2720 4838 essentia
2758 4797 2887 4842 sua,
2923 4790 3035 4835 tum
3070 4780 3234 4850 justa,

1672 4889 1724 4932 et
1758 4877 2007 4946 proprias
2052 4887 2314 4946 pratterca
2349 4883 2626 4930 creaturas
2680 4872 2983 4928 sanctiﬁcat
3045 4886 3108 4925 ac
3151 4870 3239 4940 ju-

1669 4970 1903 5024 stiﬁcet:
1941 4969 2134 5022 similia
2169 4968 2386 5022 aﬂ‘eram
2426 4967 2634 5034 elogia,
2669 4966 2863 5033 quibus
2905 4963 3067 5019 Pater
3108 4963 3234 5019 item

1670 5071 1728 5113 ut
1761 5060 1928 5114 Filius
1975 5059 2281 5114 celebratus
2308 5058 2429 5113 fuit.
2465 5060 2542 5112 Ac
2578 5058 2643 5110 de
2672 5054 2834 5110 Patre
2868 5056 3086 5124 quidem
3120 5056 3237 5124 ipse

1667 5150 1838 5204 Filius
1866 5150 2004 5218 apud
2033 5148 2295 5203 Joannem
2329 5149 2406 5203 ait
2437 5167 2451 5203 :
2484 5167 2502 5200 ι
2539 5148 2694 5202 Pater
2723 5146 2836 5217 (96)
2873 5157 3077 5214 sancte,
3122 5161 3238 5201 ser-

1664 5258 1727 5296 va
1755 5259 1848 5298 eos
1879 5243 1931 5294 in
1963 5243 2182 5298 nomine
2214 5252 2337 5309 tuo;
2369 5260 2386 5293 ι
2414 5251 2468 5299 et
2498 5257 2687 5297 rursus
2719 5259 2735 5298 ι
2765 5260 2782 5294 ι
2813 5239 3101 5297 Sanctiﬁca
3123 5239 3237 5312 (97)

1665 5410 1868 5462 sancto,
1923 5413 2070 5453 num.
2113 5397 2201 5463 53,
2258 5397 2302 5451 si
2346 5395 2486 5451 edita
2547 5404 2848 5466 spectemus
2889 5398 3235 5466 exemplaria,

1662 5471 1938 5524 videbitur
1965 5469 2218 5539 Didymus
2247 5469 2406 5539 paulo
2435 5467 2594 5539 aliter
2618 5471 2816 5522 citasse
2847 5469 2990 5539 hunc
3019 5468 3191 5522 locum
3217 5487 3229 5518 :

1665 5541 1716 5593 in
1746 5541 1813 5594 iis
1841 5541 1982 5594 enim
2012 5537 2207 5608 legitur
2235 5554 2251 5592 :
2289 5555 2308 5588 ι
2337 5537 2400 5592 Et
2447 5538 2693 5592 Salvator
2723 5540 2796 5590 ait
2833 5557 2846 5592 :
2878 5557 2898 5589 ‹
2936 5538 3094 5591 Pater
3113 5553 3237 5590 san~

1664 5620 1772 5672 cte.
1801 5609 2074 5664 sanctiﬁca
2103 5625 2197 5662 eos
2227 5609 2278 5663 in
2310 5610 2558 5673 veritate,
2582 5610 2703 5676 quia
2740 5610 2958 5662 verbum
2985 5619 3131 5660 tuunt
3155 5616 3238 5676 est

1665 5682 1889 5734 veritas.
1925 5699 1944 5731 ι
1982 5678 2267 5748 Perspicue
2316 5677 2500 5734 dicens
2533 5698 2546 5731 :
2579 5680 2631 5731 Ιιι
2657 5694 2741 5731 me
2866 5678 3142 5748 sanctilica
3171 5675 3242 5748 il-

1666 5750 1745 5804 los
1778 5752 1900 5814 lide,
1925 5760 1978 5804 et
2003 5745 2280 5805 consortio
2304 5751 2429 5803 tnei.
2461 5768 2480 5800 ι
2515 5749 2584 5802 At
2613 5765 2698 5804 res
2727 5748 2882 5800 aliter
2907 5761 2965 5800 se
2992 5745 3236 5810 habebit,

1666 5820 1987 5896 si-codiceut
2021 5830 2264 5878 nostrum
2291 5835 2395 5878 ms.
2430 5818 2791 5885 consulamus,
2813 5818 2905 5888 qui
2929 5817 3008 5873 sic
3038 5816 3238 5875 liabett
