3732 6308
116 298 199 355 529

114 434 246 472 secus
287 432 348 473 ac
397 420 643 478 homines
694 423 858 496 (quod
909 442 1092 484 verum
1138 434 1251 505 (I5)

1135 313 1220 372 DE
1260 315 1635 376 TRINITATE
1677 322 1874 379 LIBER
1912 326 2292 388 SECUNDUS.

3199 354 3312 410 530

1301 452 1432 495 sane
1493 453 1622 498 est:
1669 455 1794 500 sunt
1845 449 1986 503 enim
2039 451 2251 524 creati),
2289 464 2381 509 aut
2425 457 2712 518 inferiores
2738 476 2859 523 esse
2917 464 3029 539 (14)
3067 466 3303 526 homini-

115 516 230 572 bus,
259 526 370 564 cum
404 511 458 566 hi
484 529 513 566 a
558 515 669 568 Deo
707 519 1130 589 sanctifirentur,
1183 527 1406 598 ejusque
1464 536 1753 604 participes
1791 539 1939 594 fiant.

167 602 232 654 Z'.
279 602 337 654 Ἡ
365 603 539 667 κτίσις
564 605 865 676 ἀμέθεκτός
892 613 1038 668 ἑστιν
1067 615 1336 683 οὑσιωδῶς
1360 625 1424 693 τῇ
1453 623 1627 697 λογικῇ

1817 629 1922 686 VII.
1953 631 2214 690 Creatura
2252 651 2354 691 non
2405 648 2578 710 potest
2608 644 2722 715 (15)
2756 646 3180 706 substantialiter
3230 653 3303 710 ita

112 691 250 761 ψυχῇ,
289 692 360 756 ὡς
381 695 741 761 ἐνοικίζεσθαι
772 701 967 773 αὑτήν·
1006 705 1166 775 μόνου
1203 709 1310 778 γὰρ
1341 691 1473 765 Θεοῦ
1515 691 1642 771 έδιον

114 785 164 834 τὺ
189 785 342 848 οὕτως
369 789 715 858 μετέχεσθαι.
765 793 837 845 Τὸ
866 794 911 846 δ’
944 794 1095 864 ἆγιον
1127 799 1350 872 Πνεῦμα
1383 803 1640 874 μεθεκτὸν

110 874 342 940 οὐσιωδῶς
369 877 627 950 ὑπάρχει,
657 882 732 947 ώς
761 885 789 937 ό
821 885 1008 957 Πατὴρ
1040 889 1132 941 καὶ
1160 892 1188 944 ὁ
1222 891 1366 958 Υἱὸς,
1406 895 1549 952 καθὰ
1580 901 1636 952 ὲν

110 966 170 1036 τῷ
203 967 385 1040 πρώτῳ
417 973 634 1042 εἴρηται
667 974 828 1046 λόγῳ.
873 976 986 1049 [72
1013 981 1041 1033 b
1067 978 1088 1052 ]
1159 983 1310 1038 Ἐπεὶ
1341 988 1634 1057 κάνταῦθα,

109 1057 182 1109 τοῦ
225 1059 422 1130 Πατρὸς
465 1064 621 1130 ἅπαξ
655 1068 988 1135 ἐνοικοῦντος
1016 1075 1128 1137 τοῖς
1157 1075 1348 1142 ἀξίοις,
1386 1084 1534 1136 ποῖον
1569 1080 1636 1155 ἦν

107 1152 381 1218 ἀναγκαῖον,
415 1158 464 1209 εἰ
499 1157 578 1228 μὴ
608 1159 676 1212 δι’
705 1162 928 1234 ἑνότητα
953 1165 1052 1236 τῆς
1080 1165 1269 1240 θεῖκῆς
1299 1171 1511 1240 φύσεως
1543 1152 1638 1230 καὶ

107 1242 347 1313 πλήρωσιν
369 1247 467 1316 τὴν
489 1251 570 1313 εἰς
601 1253 771 1322 ἡμᾶς,
800 1255 1197 1311 συνεισῦἁλλειν
1223 1261 1317 1314 καὶ
1342 1268 1642 1339 συνειστρέ-

109 1350 220 1400 χειν,
253 1335 340 1388 καὶ
379 1337 470 1391 τὸν
517 1339 672 1404 Υἱὸν,
708 1346 801 1397 καὶ
837 1344 897 1398 τὸ
924 1346 1079 1416 ἆγιον
1112 1349 1372 1422 Πνεῦμα;
1425 1335 1638 1426 Ἀμέλει

106 1441 168 1475 τοι
193 1425 280 1479 οὑκ
313 1428 375 1482 ἄν
420 1431 504 1500 τίς
545 1450 678 1488 ποτε
707 1435 881 1490 ἕλοιτο
912 1439 1072 1507 φάναι
1114 1441 1323 1512 πληθὺν
1359 1447 1639 1512 οἱονείπως

106 1512 219 1567 θεῶν
267 1523 534 1575 κατοικεῖν
599 1525 657 1576 ἑν
711 1527 862 1596 ἡμῖν,
905 1527 1020 1580 ἀλλ’
1064 1529 1159 1582 ἕνα
1205 1533 1344 1586 κατά
1386 1552 1448 1603 γε
1492 1537 1552 1589 τὺ
1578 1537 1635 1593 ἓν

105 1607 222 1661 ἑνάδι
247 1609 486 1682 θεότητος
515 1615 788 1687 ὑπάρχειν
836 1618 935 1682 τὰς
982 1625 1129 1691 τρεῖς
1175 1625 1517 1691 ὑποστάσεις.

1749 722 2059 792 participari
2089 726 2156 780 ab
2190 729 2365 782 anima
2412 735 2680 802 rationali,
2713 739 2880 792 utilia
2916 739 2967 794 in
3006 739 3109 796 hac
3144 743 3303 798 habi-

1749 819 1822 864 tet
1856 830 1869 866 :
1902 813 2065 870 solius
2109 816 2251 871 enim
2291 820 2382 875 Dei
2413 825 2686 893 proprium
2727 838 2810 882 est
2841 830 2920 885 sic
2966 833 3300 902 participari.

1742 906 1812 958 At
1838 919 1966 960 vero
2021 906 2254 977 Spiritus
2291 923 2508 968 sanctus
2547 916 2970 976 substantialiter
3014 923 3301 993 participa-

1741 993 1861 1085 bilis
1895 1005 1997 1061 est,
2027 1009 2081 1052 ut
2112 998 2269 1056 Pater
2314 1012 2366 1056 et
2387 1002 2571 1072 Filius,
2593 1007 2731 1061 sicut
2754 1009 2806 1062 in
2830 1011 3000 1078 primo
3025 1013 3135 1083 (16)
3157 1013 3302 1085 λόγῳ

1747 1084 1860 1153 (aut
1894 1091 2164 1162 sermone)
2209 1091 2405 1146 dictum
2451 1104 2553 1150 est.
2598 1095 2730 1152 Nam
2777 1100 2864 1154 hic
2916 1117 3125 1171 quoque
3156 1084 3299 1159 valet

1741 1177 1926 1232 eadem
1963 1181 2120 1238 ratio.
2159 1180 2419 1238 Nimirum
2471 1187 2628 1240 simul
2657 1202 2720 1242 ac
2781 1188 2940 1244 Pater
2994 1192 3046 1246 in
3094 1194 3160 1249 iis
3205 1195 3298 1264 qui

1744 1267 1885 1335 digni
1916 1270 2046 1334 sint,
2075 1272 2299 1336 habitat,
2328 1276 2454 1343 quid
2490 1293 2710 1334 necesse
2749 1291 2850 1347 est,
2887 1282 3081 1339 Filium
3111 1286 3296 1353 etiam,

1741 1367 1795 1411 et
1836 1358 2093 1429 Spiritum
2124 1377 2367 1422 sanctum
2415 1370 2467 1421 in
2501 1369 2618 1426 illos
2657 1387 2759 1426 una
2792 1373 3020 1444 ingredi,
3066 1385 3121 1431 et
3170 1393 3300 1434 con-

1742 1463 1983 1518 currere,
2022 1455 2123 1510 nisi
2157 1457 2208 1511 id
2237 1472 2303 1512 ex
2330 1473 2394 1514 eo
2421 1461 2532 1527 fiat,
2555 1463 2696 1530 quod
2729 1465 2908 1521 divina
2945 1466 3136 1523 harum
3173 1484 3297 1540 per-

1744 1555 1999 1599 sonarum
2031 1557 2219 1602 natura
2248 1566 2351 1605 una
2382 1552 2473 1617 sit,
2507 1563 2560 1609 et
2588 1556 2743 1628 162
2798 1557 3077 1616 Trinitatis
3130 1561 3301 1632 pleni-

1747 1636 1872 1689 tudo
1907 1635 1958 1690 in
1995 1638 2148 1694 nobis
2177 1643 2418 1699 habitet?
2460 1646 2626 1703 Nemo
2652 1664 2782 1703 sane
2819 1667 3052 1721 unquam
3081 1654 3298 1720 dixerit,

105 1699 448 1757 multitudinem
477 1708 880 1774 quodaminodo
917 1709 1138 1766 deorum
1164 1712 1217 1767 in
1257 1717 1411 1770 nobis
1447 1717 1716 1788 habitare;
1755 1725 1852 1780 sed
1893 1735 2002 1784 tres
2039 1730 2373 1802 hypostases,
2411 1699 3294 1813 spectata-h-iiitzueili)“deiiatis:

104 1808 236 1846 unum
270 1810 383 1850 esse
417 1797 708 1852 dicendum
739 1810 842 1858 est.

157 1884 225 1938 ﬂ'.
264 1886 326 1939 Ἡ
361 1889 540 1953 κτίσις
597 1889 712 1961 ἔχει
742 1892 803 1945 τὸ
833 1893 1070 1963 ἀγαθὸν,
1114 1897 1448 1972 μεταδοὺσης
1497 1903 1627 1976 αὐτῇ

1810 1908 1939 1965 Vlll.
1969 1910 2230 1967 Creatura
2259 1914 2416 1972 habet
2468 1917 2690 1984 bonum,
2717 1919 2842 1990 quia
2897 1919 3037 1977 illius
3074 1922 3298 1992 partici-

103 1979 178 2046 τῆς
203 1979 253 2030 ἑν
293 1981 388 2050 μιᾷ
422 1980 645 2053 θεότητι
693 1984 941 2056 Τριάδος,
972 1987 1073 2058 τῆς
1098 1988 1264 2062 οὔσης
1306 1993 1437 2046 αὐτὸ
1465 1995 1632 2063 τάγα-

104 2067 192 2123 θόν.
234 2071 336 2124 Καὶ
370 2072 485 2127 ἑστι
534 2075 814 2148 δεύτερον,
851 2078 914 2132 τὸ
949 2081 1089 2135 κατὰ
1133 2083 1364 2155 μετοχὴν
1407 2084 1549 2156 ἔχειν
1577 2105 1630 2142 τι

105 2162 210 2231 πρὸς
248 2163 303 2216 τὸ
333 2164 522 2219 ἑαυτοῦ
557 2170 760 2239 μέτρον
796 2168 1020 2238 άγαθὺν,
1063 2172 1158 2226 τοῦ
1198 2176 1357 2244 φύσει
1401 2177 1533 2231 αὐτὸ
1572 2180 1633 2234 τὸ

107 2254 278 2323 πρῶτον
329 2258 419 2310 καὶ
467 2259 784 2332 ἀμέτρητον
833 2263 1036 2331 ἀγαθὸν
1083 2265 1378 2340 ὑπάρχειν·
1429 2270 1525 2324 καὶ
1569 2272 1631 2325 οὑ

108 2345 456 2412 ωγκλώθεται,
491 2351 617 2405 οὐδὲ
672 2355 1023 2410 συντάττεται
1071 2357 1148 2429 τῷ
1189 2359 1504 2433 δημιουργῷ
1537 2357 1633 2416 ’ἑνὶ

105 2438 177 2489 καὶ
228 2445 557 2516 πρωτουργῷ
614 2445 808 2519 ἀγαθῷ
831 2465 846 2480 ο
890 2441 950 2504 οῦ
1015 2451 1191 2506 πάντα
1243 2453 1342 2524 μὲν
1393 2455 1628 2524 ἐφίεται,

107 2528 209 2583 αὐτὸ
232 2532 280 2585 δὲ
317 2535 550 2602 οὐδενὸς,
592 2537 658 2592 τὸ
695 2540 755 2592 ὲν
782 2543 847 2613 τῇ
878 2542 1048 2596 κτίσει
1084 2544 1465 2616 εὑρισκόμενον
1492 2547 1631 2616 άγα-

106 2621 190 2685 Θὸν,
211 2625 301 2677 κᾶν
325 2627 548 2698 λέγηται
572 2631 632 2683 ὲν
654 2632 972 2705 Εὑαγγελίῳ
991 2651 1006 2666 ·
1038 2653 1056 2686 ι
1089 2631 1184 2699 Εὖ,
1207 2635 1357 2690 δοῦλε
1377 2638 1547 2707 ἀγαθέ
1562 2655 1575 2668 ·
1606 2657 1626 2692 ι

109 2715 196 2777 καὶ,
228 2735 243 2766 ι
286 2718 340 2771 '0
381 2721 590 2788 ἀγαθὸς
615 2721 903 2795 ἄνθρωπος
946 2727 1010 2779 ἑκ
1049 2726 1144 2780 τοῦ
1182 2727 1387 2796 ἀγαθοῦ
1429 2728 1633 2800 θησαυ-

110 2801 180 2869 ροῦ
213 2805 300 2875 τῆς
341 2809 566 2879 καρδίας
594 2812 862 2885 προφέρει
890 2814 950 2867 τὸ
982 2815 1202 2884 ἀγαθόν.
1248 2837 1264 2868 ι
1299 2819 1372 2870 Οὑ
1402 2819 1530 2892 γὰρ,
1556 2821 1632 2886 ὡς

108 2896 261 2961 εἰπεῖν,
291 2900 415 2952 αὑτὸ
442 2901 504 2954 τὸ
532 2902 826 2975 ἐγκάρδιον
857 2906 950 2960 καὶ
975 2909 1177 2978 κυρίως
1204 2908 1264 2962 ὃν
1307 2911 1507 2979 ἀγαθὸν
1546 2912 1633 2966 λέ-

108 3001 186 3050 Tit.
213 2989 333 3044 ἀλλὰ
359 2993 420 3046 τὸ
463 2996 896 3068 συνεζευγμένον
942 3001 1034 3053 καὶ
1073 3000 1280 3072 πρέπον
1326 3006 1392 3075 τῇ
1433 3004 1626 3061 κτίσει.

1740 2017 1861 2071 pem
1895 2019 2012 2059 eam
2040 2004 2172 2060 facit
2221 2007 2480 2074 Trinitas,
2529 2023 2649 2079 qua:
2681 2012 2734 2066 in
2787 2026 2894 2066 una
2945 2013 3145 2068 deitate
3193 2021 3297 2083 est,

1737 2106 1959 2162 quaeque
1986 2104 2067 2151 est
2095 2096 2268 2167 ipsum
2299 2098 2517 2154 bonum.
2549 2099 2722 2156 Minus
2755 2112 2935 2158 autem
2970 2115 3131 2172 atque
3164 2103 3298 2159 infe-

1741 2183 1852 2240 rius
1882 2195 1987 2252 est,
2027 2186 2225 2243 bonum
2256 2187 2468 2259 aliquod
2501 2206 2596 2260 pro
2625 2207 2722 2247 sua
2755 2192 2922 2264 ipsius
2960 2209 3207 2249 mensura
3229 2209 3298 2250 ex

1737 2275 2151 2345 participatione
2181 2278 2405 2347 habere,
2433 2296 2593 2349 quam
2615 2291 2804 2337 natura
2834 2297 2952 2339 esse
2986 2283 3158 2353 ipsum
3185 2283 3299 2353 pri-

1740 2385 1904 2434 mum,
1934 2380 1988 2426 et
2029 2371 2348 2426 immensum
2395 2374 2614 2428 bonum.
2654 2373 2839 2448 Neque
2883 2376 3107 2442 bonum,
3153 2378 3297 2446 quod

1739 2461 1792 2515 in
1823 2470 2070 2517 creatura
2109 2463 2398 2533 invenitur,
2428 2465 2665 2535 ejusdem
2707 2467 2932 2532 ordinis,
2987 2469 3300 2537 ejusdemve

1738 2554 1933 2621 gradus
1959 2565 2038 2608 est
2065 2570 2186 2609 cum
2215 2571 2281 2611 eo
2301 2558 2462 2623 bono,
2488 2559 2626 2627 quod
2659 2574 2820 2612 unum
2863 2567 2967 2624 est,
2998 2567 3053 2612 et
3083 2572 3296 2621 creatis,

1738 2655 1793 2702 et
1824 2648 2195 2718 primigenium
2248 2651 2467 2716 bonum,
2507 2665 2567 2706 ac
2614 2651 2740 2720 tale,
2771 2651 3026 2706 utomnia
3079 2650 3298 2720 quidem

1741 2737 1868 2792 illud
1903 2747 2179 2808 appetant,
2227 2740 2400 2808 ipsum
2444 2757 2574 2796 vero
2636 2742 2834 2797 nullam
2887 2752 3104 2812 appetat
3158 2757 3295 2806 rem,

1738 2831 1982 2899 quamvis
2031 2830 2387 2902 inEvangelio
2418 2831 2668 2888 dicatur:
2715 2852 2733 2885 ι
2770 2833 2914 2905 Euge
2949 2833 3090 2904 (18),
3141 2847 3298 2888 serve

1737 2924 1907 2990 bone;
1944 2942 1964 2976 ι
2008 2933 2098 2981 et:
2137 2945 2155 2978 ι
2192 2925 2372 2980 Bonus
2414 2925 2526 2998 (19)
2579 2926 2738 2980 homo
2769 2940 2837 2981 ex
2873 2927 3011 2981 bono
3042 2925 3298 2980 thesauro

1737 3016 1916 3071 cordis
1945 3016 2148 3087 profert
2176 3018 2372 3072 bonum
2402 3034 2418 3084 ;
2443 3036 2462 3070 ι
2501 3032 2599 3072 nec
2626 3017 2768 3072 enim
2791 3017 2991 3073 bonum
3023 3016 3195 3087 ipsum
3214 3015 3295 3069 in-

116 3078 282 3136 Ἐκεῖνο
310 3085 415 3158 γὰρ
455 3089 692 3161 πληθύει
719 3108 778 3143 τε
819 3093 913 3145 καὶ
939 3096 1052 3158 τοῖς
1085 3096 1302 3160 οἰκείοις
1336 3099 1627 3170 ποιήμασιν

1792 3078 2136 3180 ιιιιιιηξοῑριιθ
2165 3112 2217 3164 in
2255 3111 2436 3175 corde,
2466 3119 2525 3165 ut
2548 3111 2626 3167 sic
2649 3111 2864 3180 loquar,
2904 3110 3091 3175 situm,
3121 3109 3296 3179 quod-

108 3173 420 3246 φιλοτιμεῖται
461 3183 831 3255 ἀγαθότητας,
866 3187 1015 3250 ὅπως
1044 3187 1109 3241 ἂν
1149 3188 1396 3244 ἐντεῦθεν
1426 3192 1628 3246 ἕκαστα

1737 3217 1841 3272 que
1870 3203 2085 3272 proprie
2134 3200 2327 3258 bonum
2356 3205 2446 3268 sit,
2485 3205 2570 3258 his
2608 3204 2788 3258 verbis
2827 3203 3168 3272 designatur;
3202 3200 3295 3255 sed

107 3265 188 3317 τῶν
221 3269 372 3324 όντων
422 3273 689 3342 σώζηται,
738 3277 831 3329 καὶ
873 3277 931 3331 ὲν
1058 3278 1248 3351 ἔλαχεν
1301 3277 1439 3337 εἶναι
1482 3285 1627 3351 τάξει

1792 3265 2152 3362 mnum-quod
2204 3303 2464 3349 creatura:
2517 3293 2845 3363 adjungitur,
2898 3294 3056 3361 eique
3096 3305 3297 3346 conve-

107 3354 322 3432 διαμένῃ·
364 3365 457 3418 καὶ
497 3367 633 3419 αὑτό
679 3369 794 3420 ἑστι
849 3369 910 3421 τὸ
949 3367 1006 3423 ἓῖι
1048 3371 1268 3439 ἀγαθὸν,
1307 3372 1481 3427 αἴτιον
1525 3379 1629 3430 πᾶ-

111 3465 148 3500 ει
184 3451 370 3508 πάντων
416 3458 677 3527 ἀγαθῶν’
729 3459 823 3513 καὶ
881 3460 947 3514 δι’
1015 3463 1147 3515 αὐτὸ
1203 3465 1497 3534 πράττεται
1569 3470 1631 3522 τὸ

109 3542 225 3596 κάτω
249 3547 434 3614 ἀγαθόν
457 3566 470 3580 ο
517 3551 616 3605 καὶ
652 3552 782 3605 αὑτὸ
825 3553 986 3618 σώζει
1014 3555 1214 3622 πάντα,
1256 3552 1337 3622 οἷς
1362 3558 1426 3612 ἂν
1454 3562 1625 3632 παρῇ,

110 3633 258 3708 ὡσπερ
297 3640 353 3693 τὸ
400 3643 572 3697 κακὸν
620 3643 686 3697 ὲκ
731 3647 1100 3718 προαιρέσεως
1139 3649 1292 3719 ἡμῶν
1337 3651 1628 3723 συμϐαῖνον

111 3727 296 3800 φθείρει.
337 3729 408 3788 Θῦ
443 3737 758 3808 αἰσθόμενοι
806 3739 901 3792 καὶ
941 3741 988 3793 οἱ
1033 3740 1137 3806 ἔξω
1176 3744 1372 3811 φασὶν,
1405 3744 1481 3808 ὼς
1512 3764 1531 3797 ι
1561 3747 1625 3800 Οἱ

115 3813 201 3882 {75
233 3821 301 3894 α]
365 3826 525 3879 κακοὶ
566 3826 728 3880 τοῦτο
765 3828 1021 3898 μέγιστον
1059 3831 1270 3902 ἔχουσιν
1312 3835 1370 3887 ἐν
1419 3837 1629 3902 ἑαυτοῖς

114 3906 302 3972 ἀγαθόν’
352 3913 543 3981 ἄλλους
595 3918 707 3990 γὰρ
755 3920 1160 3992 ἐπιχειροῦντες
1205 3924 1429 3993 κακοῦν,
1477 3928 1631 3982 αὑτοὶ

116 4001 319 4090 πρότεροι
337 4009 430 4079 τῆς
454 4012 668 4067 ἑαυτῶν
700 4015 1034 4070 ἀπολαύουσι
1076 4018 1429 4090 μοχθηρίας.)
1461 4023 1534 4076 Τὸ
1572 4023 1628 4078 δὲ

116 4089 235 4184 arma
258 4097 466 4171 Πνεῦμα
485 4143 500 4166 ,
535 4105 615 4167 ὡς
637 4105 977 4178 προείρηται,
1013 4089 1256 4180 ὑπάρχον
1288 4110 1628 4184 αὑτοαπροσ-

115 4181 202 4249 δεὲς
231 4189 436 4259 ἀγαθὸν,
468 4197 562 4250 καὶ
592 4197 712 4252 ὅλον
749 4200 836 4252 ἀεὶ
868 4199 1004 4270 πρὸς
1055 4201 1282 4266 πάντας,
1313 4201 1371 4255 ὃν
1403 4181 1625 4273 ἀγαθὸν,

118 4279 188 4331 καὶ
212 4285 265 4337 οὑ
304 4285 545 4360 δεύτερον
581 4290 673 4344 τοῦ
705 4292 820 4356 ἑνὸς
851 4293 944 4346 καὶ
984 4292 1199 4364 πρώτου
1235 4294 1462 4363 ἀγαθοῦ,
1483 4330 1488 4338 ι
1512 4296 1630 4361 ἴσας

1737 3385 1893 3439 niens
1925 3395 2032 3440 est.
2069 3384 2202 3440 Nam
2250 3386 2445 3440 bonum
2483 3385 2609 3438 illud
2645 3384 2844 3454 prioris
2873 3383 3085 3454 generis
3116 3391 3170 3437 et
3195 3380 3299 3439 dif-

1733 3475 1993 3543 funditur,
2049 3488 2102 3532 et
2153 3477 2387 3546 propriis
2450 3475 2712 3532 creaturis
2767 3475 3023 3530 beneficia
3086 3474 3298 3528 abunde

1732 3569 2022 3638 elargitur,
2059 3580 2117 3623 ut
2146 3569 2345 3634 omnia,
2400 3583 2518 3638 qua:
2561 3569 2850 3632 exsistunt,
2884 3575 3294 3629 conserventur,

1731 3671 1788 3716 et
1847 3663 1900 3716 in
1957 3676 2040 3726 eo,
2093 3662 2182 3731 qui
2243 3663 2374 3731 ipsis
2433 3661 2644 3730 obtigit,
2676 3662 2865 3716 ordine
2912 3666 3282 3730 permaneant.

1735 3754 1912 3822 Atque
1959 3754 2062 3808 hoc
2092 3762 2175 3807 est
2213 3769 2376 3808 unum
2425 3753 2552 3808 illud
2596 3755 2816 3817 bonum,
2865 3751 3008 3820 quod
3047 3749 3297 3804 omnibus

1736 3858 1898 3898 causa
1933 3854 2013 3899 est
2044 3843 2304 3898 bonorum
2337 3842 2600 3919 omnium,
2627 3850 2680 3896 et
2703 3850 2920 3911 propter
2959 3841 3130 3910 ipsum
3178 3838 3294 3908 agi-

1738 3945 1825 3988 tur
1856 3935 2052 3989 bonum
2088 3949 2249 3990 omne
2283 3946 2577 4001 terrenum,
2601 3944 2656 3990 et
2685 3935 2858 4004 ipsum
2889 3939 3066 3987 servat
3093 3929 3293 3995 omnia.

1733 4025 1930 4094 quibus
1973 4026 2152 4092 adest;
2208 4026 2351 4082 sicut
2380 4027 2706 4082 econtrario
2751 4025 2972 4089 malum,
3017 4025 3158 4092 quod
3226 4036 3296 4076 ex

1737 4126 1915 4170 nostra
1977 4117 2250 4173 voluntate
2303 4117 2382 4184 fit,
2432 4119 2726 4187 corrumpit
2769 4133 2832 4172 ac
2885 4117 3189 4172 labefactat.
3239 4112 3296 4167 Id

1735 4221 1922 4262 verum
1951 4223 2070 4264 esse
2090 4224 2216 4264 cum
2241 4211 2323 4263 vel
2346 4209 2447 4280 ipsi
2469 4209 2668 4265 ethnici
2692 4209 2980 4273 senserint,
3006 4207 3254 4276 inquiunt
3278 4222 3292 4259 :

1741 4317 1760 4351 ι
1800 4297 1918 4354 Mali
1947 4299 2058 4367 (20)
2127 4301 2416 4356 maximum
2463 4302 2562 4356 hoc
2617 4301 2814 4357 bonum
2867 4301 2919 4355 in
2961 4299 3154 4370 seipsis
3195 4298 3294 4352 ha-

173 4476 492 4574 fotim:
513 4484 694 4574 quite}
711 4487 811 4574 etsi
837 4501 1004 4574 segm.
1179 4499 1230 4574 et
1260 4487 1384 4574 alibi
1409 4489 1624 4574 haue-at,
1655 4471 1704 4531 υ
1801 4491 1912 4562 (16)
1941 4492 2008 4548 In
2039 4493 2232 4564 primo.
2283 4493 2790 4574 Primum‘fortasse
2812 4495 3039 4574 “indicat
3070 4494 3294 4574 duorum

122 4543 498 4628 g't‘tqliég,__tamen
528 4565 583 4609 et
619 4557 722 4620 hic,
758 4566 811 4609 et
839 4543 1011 4626 segni.
1048 4543 1148 4611 {Ti
1180 4561 1231 4621 ιν,
1267 4543 1429 4628 atque
1462 4559 1561 4613 197
1593 4543 1626 4612 ἀ

125 4614 268 4698 habet,
293 4619 499 4698 ἄληθες.
528 4614 977 4697 ριοριιιίοςγιοιῖθ.
1024 4628 1081 4682 Si
1117 4614 1494 4698 grammaticos
1528 4646 1618 4681 au-

125 4685 280 4767 dimus,
310 4685 541 4748 acuenda
591 4685 685 4767 est
720 4685 988 4764 postrema
1051 4685 1194 4753 vocis
1224 4698 1450 4767 syllaba,
1503 4714 1624 4754 cum

126 4756 234 4834 falet
257 4774 468 4834 t__verun|
492 4782 507 4829 ;
535 4785 554 4815 ι
607 4756 777 4834 prima
799 4776 1000 4830 autem,
1039 4784 1158 4822 CUIII
1211 4756 1352 4822 valet
1378 4787 1396 4820 ι
1428 4756 1570 4821 vere.
1598 4787 1618 4820 ι

127 4818 236 4902 E639
272 4818 623 4899 Cyrillianam'
660 4818 858 4888 vocu
879 4818 1322 4902 filol'lecii‘one‘m,‘
1337 4818 1622 4892 undatim}

127 4890 383 4978 ilgagistrum
418 4905 466 4978 in
495 4919 622 4978 voce
672 4890 1171 4978 alqﬂégpagaﬂ,
1202 4890 1466 4976 aliosque
1487 4890 1625 4978 flexi-‘-

127 4970 403 5046 {Og{a_phos._
427 4973 530 5028 Sed
556 4976 694 5044 apud
747 4970 1025 5045 Dzdyuiutn
1066 4987 1192 5031 tunc
1216 4970 1377 5031 etiam
1413 4977 1623 5046 signiﬁ-

129 5035 454 5116 calnidquod}
484 5035 668 5116 verum
699 5064 718 5097 ι
749 5035 991 5110 εἱι,ὀιιηι
1017 5047 1270 5101 scribitur
1300 5035 1518 5116 ἄληθες.

180 5101 385 5186 (11)]1ιιι
413 5113 680 5186 inferiores
724 5101 855 5179 esse,
887 5125 993 5170 etc.
1038 5116 1238 5186 Eodem
1287 5101 1442 5186 plane
1469 5101 1626 5171 modo

132 5173 423 5256 ratlipf‘inatur
447 5173 695 5253 Didymus
721 5173 921 5256 inlibro
938 5186 1011 5239 De
1030 5173 1369 5256 Spir.sancto
1399 5203 1545 5241 num.
1567 5187 1623 5244 7.

183 5243 272 5327 (15)
295 5245 405 5327 Non
431 5243 614 5327 pote-st,
643 5265 748 5308 etc.
779 5254 1019 5309 Breviter
1052 5243 1162 5327 [nec
1184 5257 1397 5327 attingit
1423 5259 1474 5310 in
1501 5243 1627 5327 prie?

133 5319 243 5392 ξςιξε.
282 5321 407 5382 quod
442 5319 553 5376 fuse
602 5339 665 5377 ea
710 5335 1020 5392 persecutus
1057 5325 1249 5381 fuisset
1281 5319 1350 5380 ἰιῖ
1390 5319 1526 5380 libro
1553 5325 1626 5380 De

136 5372 246 5466 ut;
265 5372 443 5466 1...“,
465 5372 1029 5466 ..;.'...:;.._a;a;;a'.a"§.
1057 5372 1628 5466 ’ῗὶιιῖιῑῐέεὲἶίβῖυτεὲ

135 5456 230 5534 ῗξἯί
262 5455 478 5530 (ίηιιυίι).
513 5455 773 5532 Quae-siue
799 5465 1146 5534 ambiguitate
1181 5455 1522 5532 convincatit,
1549 5467 1627 5518 al-

137 5520 277 5591 !{ﬂ'ius
301 5520 408 5579 eum
439 5520 495 5582 ἰι
531 5520 743 5589 ὶυηοιὶε
787 5520 1177 5590 conditionibus
1231 5520 1371 5591 esse,
1401 5520 1622 5590 naturae.

140 5583 317 5675 ἓνξιὲξηιι
343 5599 472 5675 θρίω
531 5583 1350 5675 [ἐΞρἱτὶῇιαὲἷιῖἶῇῥῖἷῖἦῖρνὶἔέἆ
1387 5583 1623 5660 13ῐὸἱὴἷὲ

336 5658 629 5742 etiamfsed
661 5658 751 5743 ερο
785 5658 980 5742 sequor,
1000 5658 1456 5730 τέοιίοιὲεήίίηωιτε
1486 5658 1628 5728 codi-

145 5726 216 5796 ml
231 5726 591 5800 Spiritusan'cto
618 5726 758 5814 piem
786 5726 903 5800 esse
921 5726 1624 5816 metitur;{Lageam

1728 4561 2207 4632 librorum,'quos
2271 4577 2456 4619 contra
2517 4565 2744 4619 Arianos
2794 4566 3112 4619 dictaverat.
3150 4565 3294 4619 ,V’ide

1725 4643 1838 4686 not.
1876 4634 2086 4713 ληρεῖς.
2118 4634 2240 4688 157.
2295 4634 2561 4713 Caeterum
2613 4636 2664 4688 in
2704 4636 2840 4713 libro
2869 4635 3032 4688 etiam
3092 4632 3166 4686 De
3195 4634 3290 4702 Sp.

1726 4714 1909 4755 sancto
1946 4703 1998 4756 id
2033 4703 2204 4769 ipsum
2235 4707 2566 4769 ostenderat,
2607 4715 2662 4757 ut
2701 4706 2833 4759 dixi.

1787 4794 1906 4918 éi?)
1961 4796 2206 4865 Spectata
2245 4799 2462 4879 unitale.
2513 4799 2714 4859 Codex,
2757 4797 3028 4884 κατάγετο
3060 4797 3117 4850 ἓν
3150 4798 3293 4881 ἑνάδι

1816 4884 1998 4918 τητος.
2039 4866 2346 4918 Lecendum
2395 4870 2625 4918 VlllelUI‘.
2679 4885 2819 4918 κατα
2860 4884 2922 4918 γε
2969 4866 3032 4918 τὸ
3062 4866 3119 4918 ἓν
3146 4867 3290 4918 ἑναδι

1726 4865 1998 4952 θεότητος.
2039 4866 2346 4948 Legendum
2395 4869 2625 4952 videtur:
2679 4868 2819 4920 κατά
2860 4884 2922 4952 γε
2969 4866 3036 4952 τό
3062 4866 3119 4952 ἑν
3146 4867 3290 4952 ἑγάδι

1727 4935 1995 5022 θεότητος,
2026 4935 2140 4991 nisi
2162 4938 2247 4991 cui
2276 4938 2443 5007 magis
2465 4937 2718 5002 arrideat,
2741 4938 2880 4990 κατά
2903 4953 2965 5004 γε
2987 4937 3047 4989 τὸ
3070 4939 3127 4990 ὲν
3165 4938 3291 4991 ἐνά-

1724 5006 1772 5060 δι
1803 5005 2074 5077 θεοτητος.
3171 5023 3186 5038 ‘

1797 5091 1907 5160 (18)
1933 5089 2096 5160 Euge.
2133 5089 2319 5144 Matth.
2350 5105 2475 5153 xxv,
2499 5090 2563 5144 21
2600 5099 2654 5145 et
2676 5089 2764 5144 Ξῖ).

1727 5161 1909 5285 ﬂgiti)
1949 5159 2148 5214 Bonus.
2202 5160 2388 5215 Matth.
2414 5175 2510 5224 xu,
2555 5161 2644 5216 55.
2716 5161 2845 5216 Vide
2874 5171 2984 5216 not.
3018 5160 3112 5225 54,
3171 5174 3292 5230 pag.

1797 5327 1908 5398 (90)
1943 5325 2096 5380 Mali.
2132 5325 2354 5382 Allinem
2386 5343 2449 5382 ex
2471 5326 2730 5398 _Didymo
2765 5327 3087 5398 sententiam
3120 5325 3298 5398 affert

1725 5395 1964 5452 Joannes
2002 5399 2362 5450 Damascenus
2390 5399 2439 5451 in
2464 5395 2760 5464 Parallelis,
2795 5413 2916 5466 pag.
2944 5396 3083 5451 562:
3115 5397 3172 5448 Ὀ
3199 5412 3296 5448 κα-

1727 5469 1839 5548 κῶς
1864 5467 2053 5548 ἕτερον
2082 5466 2375 5548 διατιθέναι
2413 5467 2731 5548 βουλόμενος
2760 5467 2998 5548 (inquit),
3031 5467 3294 5548 πρότερον

1729 5537 1919 5591 ἑαυτὸν
1939 5536 2081 5590 οὑτω
2111 5536 2437 5607 διατίθησιν“ο
2470 5536 2590 5606 ι]υὼ
2616 5536 2880 5606 interpres
2909 5538 2986 5589 sic
3011 5536 3286 5607 reddidit:

1733 5626 1752 5658 ι
1778 5610 1877 5686 Qui
1908 5607 2047 5662 malo
2075 5609 2253 5686 aliquo
2268 5603 2427 5686 alium
2462 5603 2574 5686 vult
2607 5603 2854 5686 multare,
2909 5607 3093 5686 eodem
3133 5603 3290 5686 modo

1729 5672 1988 5746 se'ipsutn
2030 5672 2179 5746 prius
2216 5678 2420 5732 multat.
2453 5697 2471 5729 ι
2502 5677 2651 5732 Haud
2693 5678 2804 5731 scio
2823 5692 2890 5728 an
2919 5674 3050 5728 verti
3103 5672 3291 5726 melius

1731 5745 1944 5818 possit:
1996 5745 2144 5816 (Qui
2194 5749 2420 5804 alterum
2481 5747 2592 5802 vult
2633 5747 2771 5802 malo
2811 5745 3041 5811 allicere,
3099 5751 3298 5799 semct-
