3688 6308
414 254 508 307 551

1636 260 1866 314 ΒΙΠΥΜΙ
1908 263 2369 317 ΑΜΞΧΑΝΟΠΙΝΙ
3490 278 3572 336 532

411 368 559 433 bent,
587 368 726 438 quod
782 371 905 424 dum
937 369 1067 425 alios
1119 373 1258 427 malo
1311 372 1521 430 allicere
1561 378 1966 446 aggrediuntur,

2089 378 2146 447 τῷ
2186 380 2360 450 Πατρὶ
2409 381 2499 431 καὶ
2533 379 2608 449 τῷ
2642 381 2755 451 Υίῴ
2789 382 2879 434 καὶ
2914 380 3045 452 περὶ
3091 379 3271 435 τούτου
3319 392 3576 460 μαρτυρίας

412 460 628 529 ipsimet
683 452 911 527 primum
967 466 1177 533 propria
1234 464 1483 519 fruuntur
1537 469 1793 536 nequitia.
1830 488 1847 520 ι
1904 471 1971 521 At

414 565 543 605 vero
574 551 810 619 Spiritus
843 563 1061 609 sanctus
1114 572 1231 609 cum
1264 558 1458 610 bonum
1488 558 1575 621 sit,
1630 559 1768 611 sicut
1816 571 1970 613 antea

410 641 613 695 dictum
666 641 784 709 fuit,
815 659 911 713 per
964 646 1198 715 seipsum
1252 646 1356 703 tale
1408 657 1465 701 ut
1499 648 1693 703 nullius
1744 651 1972 720 indigeat

413 731 510 793 rei,
538 745 768 801 cumque
797 742 936 787 totus
971 749 1183 804 semper
1210 737 1261 789 in
1293 752 1480 791 omnes
1534 739 1604 792 sit
1651 740 1842 802 bonus,
1879 757 1974 793 ne-

412 840 513 891 que
548 823 771 878 inferior
800 840 903 879 uno
925 835 977 880 et
1017 828 1190 896 primo
1227 828 1366 883 bono
1396 830 1641 895 exsistat,
1679 831 1833 903 163
1883 846 1974 884 ea.

412 916 533 970 dem
572 917 638 971 de
678 918 811 987 ipso,
846 934 909 973 ac
942 918 1008 974 de
1064 919 1242 985 Patre,
1292 930 1345 975 et
1391 922 1546 988 Filio,
1585 926 1743 979 etiam
1802 925 1973 995 quoad

416 1009 535 1073 hoc,
575 1010 877 1065 testimonia
910 1012 1134 1081 legimus
1171 1014 1222 1066 in
1256 1010 1574 1085 Scripturis,
1618 1016 1757 1071 sicut
1786 1027 1972 1072 osten-

414 1117 529 1153 sum
567 1112 649 1156 est
688 1103 739 1156 in
768 1104 943 1173 primo
980 1105 1089 1174 (21)
1136 1120 1405 1169 sermone,
1435 1116 1489 1161 et
1526 1108 1662 1163 sicut
1708 1125 1771 1163 ex
1806 1109 1973 1164 Esdra

416 1202 573 1259 patet.
613 1195 702 1262 qui
742 1195 809 1247 de
849 1195 1025 1248 divina
1068 1197 1305 1251 bonitate
1343 1200 1676 1254 conﬁdenter
1727 1201 1841 1271 (22)
1898 1202 1975 1255 Ιο-

414 1293 568 1336 cutus
604 1291 707 1345 est,
741 1294 1019 1352 pr0pterea
1066 1288 1205 1355 quod
1254 1298 1453 1352 nosset,
1493 1289 1623 1343 nihil
1686 1306 1745 1345 se
1795 1297 1861 1345 ab
1912 1306 1973 1346 ea

422 1374 529 1439 pati
564 1388 743 1442 posse,
776 1377 989 1431 etiamsi
1024 1376 1411 1446 aliquantulum
1446 1379 1798 1449 imprudentia
1829 1382 1974 1436 labe-

418 1474 585 1519 retur.
617 1465 740 1522 Ha-c
770 1469 910 1522 enim
958 1469 1296 1537 prophetavit
1330 1488 1345 1524 :
1385 1489 1403 1521 ι
1450 1470 1515 1524 Ει
1564 1471 1817 1540 Spiritum
1862 1472 1972 1543 (25)

417 1566 562 1611 tuum
589 1558 784 1613 bonum
821 1560 1037 1626 dedisti,
1072 1568 1129 1614 ut
1173 1561 1527 1631 intelligentes
1560 1562 1759 1618 faceret
1793 1579 1905 1618 eos.
1948 1582 1967 1615 ι

417 1648 700 1705 Matthaaus
752 1661 929 1705 autem
978 1662 1033 1706 et
1076 1651 1269 1718 Lucas,
1328 1662 1386 1707 ut
1438 1653 1696 1719 Spiritum
1741 1655 1972 1709 divinam

2076 468 2310 533 ἐδέξατο,
2338 474 2411 533 ὡς
2437 473 2493 522 ὲν
2520 472 2596 540 τῷ
2627 470 2827 541 πρώτῳ
2859 473 3149 543 ἀπεδείχθη
3183 474 3333 545 λόγῳ,
3364 478 3448 530 καὶ
3473 480 3576 543 ὼςό

2080 561 2311 631 Ἔσδρας
2345 564 2373 613 6
2405 563 2539 632 πρὸς
2571 562 2669 633 τὴν
2703 560 2851 614 θείαν
2882 563 3384 633 παρρησιασάμενος
3413 568 3573 634 ἁγαθός

2072 668 2229 721 τητα,
2266 652 2350 703 διὰ
2381 652 2441 703 τὸ
2491 652 2709 715 εἰδέναι,
2751 651 2831 704 ὃτι
2861 651 2962 704 κᾶν
3008 652 3172 725 πταίῃ
3216 671 3285 715 τι,
3331 655 3387 707 τὸ
3424 658 3578 712 παθεῖν

2076 744 2204 811 παρ’
2228 743 2394 809 αὐτῆς
2422 744 2521 795 οὐκ
2545 743 2642 807 ἔνι,
2676 744 3079 813 προεφήτευσεν
3099 759 3112 772 ⁸
3147 763 3164 793 ι
3195 745 3299 796 Καὶ
3318 745 3374 797 τὸ
3398 747 3579 818 Πνεῦμὰ

2078 848 2168 883 σου
2222 832 2281 883 τὸ
2348 831 2549 898 ἀγαθὸν
2598 831 2804 894 ἔδωκας
2848 832 3122 885 συνετίσαι
3173 832 3381 896 αὐτούς.
3435 854 3451 886 ι
3496 839 3580 889 Καὶ

2074 922 2347 982 Ματθαῖος
2376 921 2431 973 δὲ
2474 922 2567 973 καὶ
2598 922 2829 985 Λουκᾶς,
2867 922 3035 993 αὐτὴν
3064 922 3160 992 τὴν
3210 922 3389 994 θεῖκὴν
3424 926 3583 993 ἀγαθό-

2074 1029 2210 1081 τητα
2238 1014 2297 1065 τὸ
2323 1012 2545 1082 Πνεῦμα
2586 1013 2706 1065 κατ’
2748 1012 2932 1066 οὐσίαν
2975 1010 3109 1067 εἶναι
3142 1014 3491 1083 σημαίνοντες,
3514 1020 3586 1071 καὶ

2076 1107 2133 1157 ἐν
2179 1103 2324 1174 αὐτῷ
2366 1103 2692 1157 ἐπινοεῖσθαι
2741 1106 2920 1158 πᾶσαν
2950 1105 3093 1158 δόσιν
3134 1106 3360 1176 ἀγαθὴν,
3395 1109 3474 1159 καὶ
3503 1112 3585 1161 πᾶν

2074 1196 2302 1267 δώρημα
2333 1196 2555 1259 τέλειον,
2602 1198 2630 1248 6
2702 1198 2798 1266 μὲν
2834 1196 3066 1268 ἔγραψε·
3120 1216 3137 1249 t
3180 1197 3334 1267 Πόσῳ
3365 1197 3587 1267 μᾶλλονό

2075 1287 2262 1357 Πατὴρ
2303 1285 2361 1350 ἐξ
2404 1285 2633 1356 οὐρανοῦ
2683 1286 2840 1340 δώσει
2876 1288 3057 1356 ἀγαθὰ
3095 1291 3205 1351 τοῖς
3251 1287 3475 1340 αἰτοῦσιν
3514 1292 3589 1341 αὖ·

2074 1375 2202 1440 τόν;
2248 1394 2265 1427 ι
2335 1378 2363 1428 6
2418 1376 2505 1429 δὲ·
2544 1395 2561 1428 ‹
2597 1377 2753 1448 Πόσῳ
2795 1377 2992 1447 μᾶλλον
3031 1380 3059 1430 6
3096 1377 3281 1447 Πατὴρ
3311 1376 3367 1441 ἐξ
3398 1376 3588 1448 οὐρανοῦ

2074 1466 2231 1519 δώσει
2261 1467 2485 1537 Πνεῦμα
2512 1468 2666 1536 ἆγιον
2691 1471 2802 1533 τοῖς
2833 1469 3072 1521 αἰτοῦσιν
3099 1469 3289 1531 adadv;
3332 1488 3350 1520 ι
3381 1470 3589 1539 Τρεπτῆς

2074 1559 2201 1629 γὰρ,
2250 1558 2277 1610 ὅ
2318 1560 2431 1611 ἐστι
2481 1559 2708 1629 κτιστῆς
2744 1598 2759 1622 ,
2819 1560 3006 1621 οὐσίας
3052 1560 3179 1613 ίδιον
3230 1560 3289 1613 τὸ
3326 1560 3411 1612 ὐπ’
3464 1560 3589 1613 άλλου

2076 1647 2463 1716 ἀγαθύνεσθαι,
2520 1650 2554 1720 ἦ
2589 1650 2933 1717 άγιάζεσθαι,
2980 1651 3013 1721 ἢ
3055 1650 3385 1719 σοφίζεσθαι,
3423 1652 3505 1702 καὶ
3535 1650 3593 1719 μὴ

416 1736 587 1803 ipsam
630 1737 923 1792 bonitatem
978 1740 1405 1793 substantialiter
1453 1740 1562 1809 (24)
1615 1757 1735 1798 esse
1774 1741 1972 1810 signiﬁ-

2089 1739 2241 1810 ιύτὴν
2284 1740 2567 1811 ἀτρέπτως
2614 1741 2876 1812 ὑπάρχειν
2922 1743 3109 1796 ταῦτα.
3170 1743 3280 1795 Καὶ
3325 1743 3353 1792 6
3402 1741 3517 1804 Θεὸς
3550 1742 3594 1792 δὲ

417 1835 558 1891 cent,
622 1836 780 1895 atque
837 1843 1048 1883 omnem
1106 1828 1216 1900 (25)
1277 1830 1607 1900 largitionem
1659 1835 1872 1896 bonam,
1920 1841 1975 1886 et

418 1931 577 1971 omne
610 1917 806 1971 donum
837 1919 1130 1988 perfectum
1158 1921 1210 1974 in
1257 1922 1374 1989 ipso
1408 1922 1625 1992 intelligi
1676 1923 1809 1992 (26),
1862 1924 1973 1977 [uec

414 2009 765 2078 scripserunt.
822 2009 969 2063 Alter
1012 2011 1226 2079 quidem
1279 2029 1292 2063 :
1339 2029 1358 2061 ι
1392 2011 1602 2077 Quanto
1651 2012 1761 2082 (27)
1807 2014 1975 2079 magis

418 2099 575 2153 Pater
601 2115 631 2155 e
660 2101 797 2155 caelo
830 2102 978 2155 dabit
1007 2102 1141 2154 bona
1176 2103 1479 2171 petentibus
1528 2102 1738 2171 ipsum?
1768 2122 1785 2153 ι
1827 2103 1973 2157 Alter

414 2204 542 2245 vero
579 2209 591 2245 :
636 2210 654 2242 ι
680 2191 889 2255 Quanto
920 2190 1030 2261 (28)
1058 2193 1225 2261 magis
1257 2192 1413 2247 Pater
1438 2193 1505 2247 de
1527 2193 1665 2247 coelo
1687 2193 1831 2249 dabit
1860 2193 1973 2262 Spi-

420 2285 578 2337 ritum
640 2296 884 2339 sanctum
940 2286 1243 2352 petentibus
1278 2286 1419 2339 se?»
1478 2284 1621 2340 lllius
1658 2287 1798 2340 enim
1846 2287 1973 2341 sub-

417 2377 648 2441 stantiae,
677 2393 796 2446 qua:
842 2378 915 2433 sit
944 2377 1236 2443 mutabilis,
1262 2377 1313 2432 id
1342 2386 1444 2444 est,
1472 2389 1672 2440 creata,
1699 2379 1971 2445 proprium

417 2476 520 2531 est,
560 2476 618 2522 ut
654 2470 793 2523 bona
823 2471 890 2523 ab
924 2469 1029 2524 alio
1062 2469 1334 2535 reddatur,
1366 2477 1459 2522 aut
1517 2476 1724 2535 sancta,
1755 2478 1847 2522 aut
1894 2484 1974 2524 sa-

418 2560 589 2627 piens,
619 2574 724 2614 non
755 2577 882 2615 vero
935 2571 993 2615 ut
1036 2562 1106 2616 sit
1153 2562 1554 2617 immutabiliter
1606 2564 1720 2617 haec
1768 2563 1968 2620 omnia.

419 2650 556 2718 Quin
576 2652 736 2706 etiam
770 2653 906 2708 Deus
934 2654 987 2708 in
1022 2653 1164 2708 lsaia
1193 2663 1249 2709 ut
1278 2653 1545 2719 ostendat,
1572 2656 1839 2708 neminem
1876 2670 1972 2708 un-

414 2762 573 2815 quam
605 2748 872 2815 spiritales
905 2748 1021 2817 ejus
1050 2749 1443 2804 benedictiones
1485 2758 1826 2819 accepturum
1862 2750 1971 2821 (29)

414 2852 552 2901 esse,
616 2841 706 2907 qui
767 2840 1012 2894 inventus
1064 2840 1212 2910 prius
1265 2856 1367 2894 non
1416 2840 1576 2894 fuerit
1621 2840 1806 2909 plenus
1859 2839 1974 2911 (50)

416 2928 706 2996 sapientia,
738 2939 791 2983 et
818 2930 1165 2999 intelligentia
1210 2929 1442 3000 Spiritus
1497 2931 1691 2995 sancti,
1748 2931 1918 3000 inquit
1956 2950 1969 2985 :

424 3037 442 3071 ι
490 3023 689 3076 Ponam
721 3022 831 3092 (51)
868 3023 1127 3093 Spiritum
1168 3039 1343 3078 meum
1389 3038 1553 3093 super
1586 3037 1767 3077 semen
1801 3030 1969 3086 tuum,

2078 1833 2134 1882 ἐν
2173 1832 2371 1902 Ἡσαΐᾳ
2399 1831 2630 1895 δεικνὺς,
2668 1832 2743 1896 ὡς
2784 1832 2978 1886 οὐποτε
3003 1833 3100 1898 τὰς
3143 1832 3501 1905 πνευματικὰς
3527 1834 3596 1884 αὐ-

2077 1922 2172 1975 τοῦ
2210 1922 2459 1991 εὐλογίας
2499 1922 2729 1993 λήψεταί
2777 1942 2877 1991 τις,
2941 1925 3017 1995 μὴ
3052 1925 3335 1988 ἀνάπλεως
3376 1925 3595 1995 πρότεροι

2076 2012 2177 2082 τῆς
2205 2012 2394 2079 σοφίας
2423 2014 2516 2066 κα)⁵
2541 2014 2805 2078 συνέσεως
2832 2016 2924 2068 τοῦ
2954 2017 3108 2085 ἁγίου
3138 2017 3446 2088 Πνεύματος
3481 2016 3598 2085 £69.:—

2079 2102 2212 2166 θεὶς,
2269 2104 2403 2173 ἔφη’
2460 2123 2477 2153 ι
2539 2106 2811 2177 Ἐπιθήσω
2874 2108 2933 2160 τὸ
2994 2109 3215 2179 Πνεῦμά
3272 2126 3371 2179 μου
3422 2108 3503 2161 ἐπὶ
3553 2107 3599 2158 τὸ

2081 2197 2299 2265 σπέρμα
2346 2212 2460 2259 σου,
2504 2198 2595 2249 καὶ
2640 2199 2738 2262 τὰς
2791 2200 3038 2269 εὐλογίας
3084 2218 3184 2272 μου
3227 2201 3323 2254 ἐπὶ
3366 2200 3431 2253 τά
3465 2200 3599 2251 τέκνα

2081 2304 2191 2340 σου.
2227 2306 2244 2337 ι
2280 2278 2352 2357 ’ᾩ
2392 2289 2631 2359 ἑπόμενα
2678 2290 2881 2361 ἔγραψε
2928 2292 3170 2357 Παῦλος·
3221 2312 3241 2345 ε
3297 2291 3394 2346 Διά
3420 2291 3595 2352 coita,»

2079 2379 2212 2449 φησὶ
2235 2418 2249 2440 ,
2290 2396 2308 2428 t
2339 2380 2431 2432 καὶ
2480 2381 2670 2450 ἡμεῖς,
2704 2384 2795 2450 ἀφ’
2826 2378 2893 2453 ἦς
2924 2384 3133 2456 ἡμέρας
3172 2383 3509 2455 ἠκούσαμεν,
3552 2383 3599 2433 οὐ

2080 2470 2363 2540 παυόμεθα
2406 2472 2545 2543 ὑπὲρ
2584 2474 2738 2543 ὑμῶν
2770 2476 3222 2546 προσευχόμενοι,
3259 2476 3353 2529 καὶ
3385 2474 3491 2546 [7'5
3538 2474 3601 2543 ὁ]

2078 2563 2405 2631 αἰτούμενοι,
2440 2565 2526 2617 ἵνα
2552 2564 2873 2636 πληρωθῆτε
2905 2567 3003 2637 τὴν
3034 2566 3330 2635 ἐπίγνωσιν
3360 2566 3449 2619 τοῦ
3479 2564 3606 2633 θελή-

2082 2671 2248 2724 ματος
2271 2654 2455 2721 αὐτοῦ,
2480 2658 2537 2708 ὲν
2568 2657 2714 2727 πάσῃ
2746 2658 2908 2729 σοφίᾳ
2936 2659 3031 2711 καὶ
3055 2660 3267 2711 συνέσει
3297 2658 3603 2727 πνευματικῇ

2079 2746 2502 2816 περιπατοῦντες
2533 2748 2698 2814 ἀξίως
2729 2748 2821 2802 τοῦ
2876 2750 3103 2820 Κυρίου.
3149 2769 3167 2801 ι
3205 2749 3375 2818 Δῆλον
3424 2749 3501 2815 δὲ,
3540 2748 3607 2800 ὅτι

2077 2834 2223 2904 λέγει
2248 2856 2265 2888 ι
2286 2836 2378 2889 τοῦ
2396 2837 2575 2891 θεῖκοῦ
2590 2838 2921 2909 Πνεύματος.
2949 2860 2965 2892 ι
2988 2840 3423 2895 Συνεπινοεῖσθαι
3438 2840 3531 2909 γὰρ
3545 2838 3609 2907 τῷ

2078 2929 2359 3001 Πνεύματι
2389 2931 2482 2984 τοῦ
2512 2932 2647 2985 Θεοῦ
2678 2934 2775 3004 τὴν
2819 2933 2931 2988 ἄνω
2958 2933 3312 3003 ἀτελεύτητον
3344 2930 3606 3003 βασιλείαν,

2078 3022 2152 3087 ὡς
2195 3023 2269 3095 μὴ
2304 3023 2587 3095 ἀλλοτρίαν
2625 3026 2786 3079 αὐτοῦ
2828 3026 3198 3097 τυγχάνουσαν
3235 3024 3325 3079 διά
3362 3025 3455 3095 τὴν
3498 3023 3609 3092 πρὸς

415 3122 468 3167 et
498 3112 892 3168 benedictiones
928 3130 1075 3170 meas
1127 3130 1287 3184 super
1325 3113 1461 3170 ﬁlios
1513 3123 1650 3169 tuos.
1685 3133 1704 3166 ι
1767 3112 1972 3179 Quibus

2089 3112 2164 3165 τὸν
2193 3094 2410 3186 Πατέρα
2438 3094 2531 3168 καὶ
2556 3116 2648 3170 τὸν
2677 3116 2804 3171 Υίὸν
2831 3094 3205 3187 ἀλλίτγλουχίαν.
3241 3116 3352 3169 Καὶ
3376 3111 3519 3177 αὖθις
3540 3111 3612 3165 διὰ

416 3215 771 3260 consentanea
806 3207 1023 3278 scripsit
1068 3206 1265 3263 Paulus
1303 3225 1318 3260 -.
1367 3224 1387 3259 ι
1426 3204 1549 3264 Ideo
1600 3204 1737 3278 (52),
1772 3204 1969 3277 inquit,

416 3454 589 3525 ipsum
629 3454 779 3525 prius
814 3455 961 3525 malo
1015 3455 1195 3511 adicit.
1223 3474 1242 3507 ι
1298 3455 1558 3524 Equidem
1606 3455 1973 3512 transtulerint

415 3523 594 3589 potius
628 3523 641 3577 ξ
678 3544 696 3576 ι
722 3524 821 3591 Qui
850 3525 1076 3580 alterum
1128 3528 1243 3580 vult
1272 3523 1411 3581 male
1445 3525 1696 3580 affectum
1727 3527 1970 3589 reddere,

416 3595 762 3665 semetipsum
796 3597 944 3665 prius
976 3597 1113 3650 male
1144 3596 1392 3650 allectum
1420 3596 1612 3651 reddit.
1638 3615 1657 3647 ι
1692 3596 1977 3664 Demophi-

417 3663 501 3735 lus
521 3677 732 3735 quoque
753 3663 807 3719 in
840 3667 1123 3721 Sententiis
1154 3666 1515 3735 Pythagoricis
1558 3681 1707 3719 num.
1735 3666 1790 3729 4,
1822 3663 1974 3735 simi-

417 3732 519 3785 lem
536 3732 716 3807 liabet
758 3736 1123 3807 sententiam:
1166 3732 1602 3807 Βουλευσάμενος
1635 3736 1779 3807 περι
1817 3734 1977 3807 άλλου

416 3802 620 3877 κακῶς,
655 3803 867 3877 φθονεῖς
892 3805 1104 3877 μσαυτῷ
1159 3806 1295 3877 (lege
1346 3802 1566 3873 φθάνεις
1604 3802 1845 3877 σεαυτὸν)
1872 3805 1977 3877 πά-

420 3888 560 3941 σχων
580 3858 686 3927 ὐπὸ
720 3858 916 3929 σαυτόὖ
940 3858 1145 3939 κακῶς,
1162 3858 1332 3930 ’ἱάυεει
1359 3858 1379 3925 ἶ
1412 3858 1801 3930 Dum-alterum
1826 3858 1979 3931 'malo

418 3944 634 4013 allicere
664 3946 951 4007 deliberas,
1010 3957 1059 3998 te
1095 3947 1267 4013 ipsum
1291 3945 1438 4013 prius
1466 3944 1605 3999 malo
1637 3944 1831 3999 amcis.
1862 3963 1881 3996 ι
1918 3947 1979 3999 Et

2074 3204 2174 3276 τῆς
2199 3205 2367 3276 αὐτῆς
2404 3206 2718 3280 Ἐπιστολῆς
2742 3210 3044 3278 πιστοῦται,
3074 3209 3299 3282 γράφων
3322 3226 3338 3241 ο
3379 3227 3399 3261 ι
3431 3207 3502 3261 Ut)
3523 3205 3611 3274 γάρ

2078 3454 2312 3512 Numero
2334 3466 2512 3511 autem
2535 3458 2569 3513 9
2593 3474 2606 3512 :
2644 3475 2663 3508 ι
2682 3457 2750 3513 Ει
2773 3456 2937 3525 paulo
2956 3464 3081 3509 ante
3107 3454 3365 3518 diximus,
3396 3451 3614 3508 substan-

2078 3527 2205 3582 tiam
2248 3530 2506 3582 bonorum
2552 3529 2643 3582 Dei
2692 3527 2949 3597 Spiritum
2981 3534 3376 3597 sanctumﬂesse
3402 3563 3417 3587 ,
3444 3541 3463 3575 ι
3508 3538 3613 3577 cum

2078 3597 2358 3666 posuimus
2391 3598 2689 3666 exemplum
2718 3594 2751 3646 ί
2776 3616 2795 3649 ι
2832 3597 2991 3651 Dabit
3031 3595 3191 3666 Pater
3213 3594 3473 3666 Spiritum
3510 3608 3615 3646 san-

2081 3664 2223 3790 Ellt’im
2245 3664 2562 3790 spetentibus
2591 3683 2670 3724 se.
2704 3685 2724 3719 ι
2748 3666 2846 3722 Et:
2880 3685 2899 3719 ι
2926 3665 3080 3721 Dabit
3102 3664 3264 3719 Pater
3288 3665 3430 3719 bona
3456 3672 3615 3733 peten-

2107 3753 2119 3789 i
2163 3752 2224 3790 us
2273 3751 2321 3789 e.
2353 3758 2372 3789 ι

2084 3746 2224 3790 tibus
2245 3750 2321 3790 se.
2353 3758 2372 3789 ι

2154 3805 2265 3877 (25)
2303 3805 2542 3877 Quinem,
2582 3817 2686 3877 etc.
2722 3807 2801 3861 Ex
2828 3806 2998 3877 Epist.
3032 3804 3155 3877 Jac.
3178 3817 3218 3867 1,
3249 3802 3340 3859 17.

2154 3874 2265 3951 (26)
2296 3874 2557 3951 intelligi.
2602 3875 2747 3939 Sive,
2781 3874 3047 3951 ut_:ver_tit_
3080 3874 3461 3951 ﬂieronytnus,
3490 3888 3509 3922 ι
3542 3886 3617 3951 su:

2083 3942 2424 4013 perintelligi.
2454 3942 2635 4001 {Nam
2661 3962 2809 4000 num.
2838 3946 2905 4001 10
2932 3946 3051 4000 libri
3069 3943 3145 3998 De
3168 3942 3313 4005 Spir.
3334 3942 3617 4005 sancto;ubi

420 4009 613 4090 lbera:
642 4015 693 4068 in
714 4015 885 4090 libris
900 4009 1223 4090 gDeﬂjusiitia
1251 4009 1517 4090 a'ioamie
1564 4013 1812 4090 Stobensi
1841 4014 1985 4090 λόγῳ
2086 4009 2310 4090 legitur,
2342 4009 2381 4067 ἴ
2413 4016 3053 4090 superintelligi_scmper
3098 4016 3149 4068 in
3200 4013 3408 4090 Spiritu
3451 4023 3616 4090 sancto

422 4078 466 4131 θ’
504 4082 804 4166 ,διιεμιίεε
840 4078 1184 4166 Πᾶς-άξικος.
1210 4083 1370 4166 αὐτὸς
1402 4085 1498 4166 τῇς
1546 4084 1741 4147 κακίας
1758 4078 1972 4166 ,πρῶτος

2089 4078 2224 4166 dona
2264 4078 2545 4166 virtutum,
2582 4105 2601 4138 ›
2641 4078 2773 4155 puto
2794 4078 3038 4166 graecum
3075 4078 3355 4153 exemplar
3388 4082 3619 4138 habuisse

422 4149 645 4236 γεύεταῐ
685 4156 814 4236 πρίν
844 4158 923 4219 είς
949 4155 1397 4235 ἄλλουςάφιέναι,
1525 4168 1607 4208 est
1641 4172 1659 4204 ι
1683 4149 1858 4236 quivis
1900 4156 1984 4236 in-

416 4219 593 4341 jtltstus
618 4219 876 4305 malitiam
900 4241 1047 4279 suam
1078 4219 1281 4293 primus
1300 4224 1591 4293 experitur,
1610 4219 1895 4293 alumnam
1924 4226 1977 4279 in

420 4304 451 4341 a
476 4305 554 4341 los
577 4303 804 4341 emittat.
830 4314 850 4341 ι

420 4303 554 4345 alios
577 4303 804 4347 emittat.
830 4314 850 4347 ι

491 4361 605 4501 fl)
638 4362 705 4416 In
728 4367 915 4432 primo.
942 4365 1073 4419 Vide
1103 4375 1215 4419 not.
1243 4364 1301 4429 2,
1337 4378 1456 4434 pag.
1488 4364 1607 4417 157.

513 4431 602 4501 22)
656 4432 1007 4499 Conﬁdenter.
1056 4435 1198 4501 Lege
1242 4436 1335 4491 lib.
1393 4433 1433 4487 11
1482 4433 1607 4487 Esdt

2084 4154 2442 4223 ἐπινοεῖσθαι,
2477 4171 2572 4224 pro
2605 4176 2623 4207 σ
2645 4154 3064 4224 superintelligi.
3097 4173 3117 4205 ι

2177 4224 2265 4294 27)
2308 4221 2535 4290 Quanto.
2582 4221 2766 4279 Matth.
2815 4241 2910 4291 vu,
2956 4221 3043 4288 11,
3080 4224 3165 4278 ubi
3192 4221 3381 4294 Graeca
3405 4221 3617 4294 empto.

2079 4296 2108 4347 6
2143 4292 2334 4368 Πατὴρ
2378 4296 2437 4359 ἐξ
2481 4296 2730 4368 οὐρανοῦ,
2758 4298 2962 4351 habet:
3009 4297 3038 4347 6
3084 4294 3269 4362 Πατὴρ
3312 4292 3467 4363 ὑμῶν
3511 4292 3538 4342 6
3572 4292 3621 4341 ὲν

2079 4367 2188 4427 τοῖς
2214 4366 2480 4435 οὐρανοῖς.

513 4423 1007 4505 22)(6οἠβι1εηιεν.
1056 4435 1198 4505 Lege
1242 4423 1350 4491 lib:
1393 4423 1434 4487 ΙῙ
1482 4433 1688 4499 Εεάτας,
1741 4450 1860 4505 cap.
1895 4452 1969 4502 ix,

2106 4423 2256 4505 Ϊ(28)
2283 4423 2529 4500 Ὦπιαιὶιο.
2576 4434 2705 4490 Luc.
2743 4452 2818 4503 XI,
2862 4436 2948 4491 13.
2981 4435 3169 4491 Graeca
3200 4436 3289 4490 ed.
3320 4436 3351 4487 6
3386 4430 3567 4501 Πατὴρ
3596 4432 3623 4480 ό

420 4516 559 4556 vers.
591 4504 777 4557 17-19.

491 4572 601 4642 (25)
644 4574 713 4627 Et
750 4572 1024 4645 Spiritum.
1067 4574 1184 4629 Lib.
1234 4574 1273 4628 ΙΙ
1321 4575 1499 4638 Esdr.,
1554 4590 1639 4640 Ix,
1689 4573 1778 4627 20.
1825 4575 1971 4630 Verti

420 4644 580 4713 etiam
633 4655 840 4713 potest,
879 4659 935 4698 ut
977 4647 1248 4698 transtulit
1287 4647 1644 4713 Hieronymus
1682 4646 1733 4698 in
1759 4645 1970 4713 Didymi

423 4712 559 4783 libro
607 4705 680 4768 De
714 4705 853 4783 Spir.
905 4726 1084 4769 sancto
1113 4731 1132 4767 :
1162 4718 1234 4768 ita
1267 4715 1406 4769 enim
1454 4705 1645 4783 legitur
1676 4732 1821 4769 nunt.
1855 4705 1923 4770 33
1955 4735 1969 4770 :

427 4800 447 4832 ε
490 4781 659 4838 Porro
708 4781 760 4837 in
810 4784 979 4839 Esdra
1024 4787 1227 4850 absque
1261 4786 1364 4837 ulla
1405 4781 1751 4850 ambiguitate
1801 4787 1975 4842 bonus

425 4851 652 4925 Spiritus
674 4856 969 4925 appellatur
999 4874 1049 4909 ε(
1073 4856 1329 4925 Spiritum
1362 4865 1509 4909 tuum
1534 4856 1731 4910 bonum
1756 4856 1970 4921 dedisti,

424 4932 479 4973 ut
496 4938 597 4997 eos
617 4922 825 4997 faceres
846 4922 1161 4997 intelligere.
1189 4947 1206 4975 ι

494 4992 607 5114 (24)
648 4992 1093 5050 Substantialitér.
1120 4997 1295 5060 Allini,
1322 4998 1427 5049 imo
1448 4996 1632 5050 eodem
1658 5004 1974 5064 argumento

494 5078 553 5114 us
602 5075 753 5114 uerat
800 5067 849 5114 in
893 5066 1028 5114 libro
1060 5069 1136 5114 De
1166 5065 1306 5114 Snir-
1336 5077 1513 5114 sancto
1549 5082 1566 5114 :
1596 5066 1705 5114 lima
1721 5066 1861 5114 enim
1895 5065 1970 5114 le-

428 5077 553 5116 nsus
580 5065 753 5117 fuerat
800 5067 849 5117 in
893 5066 1028 5120 libro
1060 5069 1136 5119 De
1166 5065 1306 5133 Spir.
1336 5077 1513 5119 sancto
1549 5082 1566 5117 :
1596 5066 1705 5118 iure
1721 5066 1861 5119 enim
1895 5065 1970 5118 le-

425 5142 623 5202 guntur
652 5150 797 5187 nunt.
825 5138 857 5187 4
896 5154 909 5188 :
952 5154 970 5185 ι
1015 5136 1147 5190 Nam
1194 5138 1437 5190 eumdem
1474 5135 1746 5202 Evangelii
1798 5135 1972 5189 locutu

428 5199 709 5256 Mattheus
772 5203 1049 5271 Lucasque
1106 5207 1446 5267 describens,
1480 5205 1612 5258 alter
1629 5199 1705 5261 ἐχ
1741 5206 1821 5258 his
1851 5207 1921 5257 ait
1955 5222 1970 5258 :

429 5287 448 5319 ‹
488 5272 697 5344 Quanto
720 5275 884 5343 magis
914 5274 1070 5329 Pater
1089 5277 1324 5329 caelestis
1346 5276 1491 5329 dabit
1512 5278 1649 5328 bona
1672 5276 1971 5344 petentibus

426 5341 566 5414 se?»
618 5342 778 5414 Alter
808 5341 933 5414 νοις)
978 5362 991 5396 :
1042 5364 1059 5395 ι
1115 5350 1327 5410 Quanto
1381 5346 1548 5414 magis
1596 5341 1752 5397 Pater
1797 5355 1973 5397 vester

426 5410 658 5462 caelestis
705 5413 849 5485 dabit
889 5411 1143 5482 Spiritum
1192 5432 1345 5468 suum
1390 5410 1528 5485 Ῐευῖι.
1567 5426 1738 5467 noster
1784 5416 1971 5465 omittit

425 5496 618 5543 vorem,
646 5481 824 5553 suum]
865 5481 1105 5537 sanctum
1146 5481 1448 5551 petentibus
1479 5486 1575 5538 se?
1608 5504 1627 5534 ι
1672 5486 1747 5537 Ex
1780 5485 1972 5553 quibus

428 5560 670 5615 apparet,
706 5552 962 5621 Spiritum
996 5565 1237 5607 sanetum
1267 5555 1645 5622 plenitudinem
1672 5552 1838 5608 esset
1876 5554 1971 5606 bo-

427 5633 614 5671 nnruni
651 5622 805 5676 Dei...
848 5643 867 5674 ι
900 5624 1052 5689 Quod
1096 5635 1269 5678 autem
1310 5625 1736 5678 substantialitcr
1776 5626 1971 5677 bonum

425 5698 540 5755 est,
577 5706 677 5745 nun
722 5705 893 5761 potest
928 5704 1193 5749 extraneae
1248 5710 1418 5763 capax
1470 5710 1584 5749 esse
1630 5694 1903 5750 bonitatis.
1946 5714 1963 5744 ι

2077 4503 2137 4569 ἐξ
2162 4505 2410 4569 οὐρανοῦ.

2146 4523 2681 4645 (ἒθςανίῖἷὶεριιιηιηι.
2718 4575 3013 4629 Persimilia
3050 4576 3103 4629 in
3148 4574 3287 4645 librn
3330 4572 3411 4645 De
3453 4570 3617 4645 Sp.S.

2075 4642 2221 4698 num.
2242 4642 2319 4698 ’10
2347 4642 2605 4715 legimus:
2647 4663 2667 4697 ι
2701 4646 2847 4699 Unde
2877 4665 2895 4697 ι
2930 4643 3172 4715 (inquit)
3202 4644 3329 4699 etin
3364 4642 3496 4697 Isaia
3525 4642 3623 4711 ipse

2078 4715 2219 4769 Deus
2242 4714 2451 4769 cuidam
2477 4717 2604 4770 dicit
2632 4732 2659 4790 εΔ
2686 4734 2704 4766 ι
2745 4715 2943 4790 Ponam
2969 4714 3226 4783 Spiritum
3261 4728 3443 4767 meum
3480 4726 3623 4790 super

2077 4800 2260 4839 semen
2314 4795 2497 4849 tuum,
2543 4795 2596 4838 et
2647 4782 3049 4839 benedictiones
3095 4798 3241 4839 meas
3289 4798 3454 4849 super
3500 4782 3623 4834 ﬁlios

2077 4866 2218 4908 tuos.
2265 4874 2284 4905 ι
2320 4854 2599 4922 Nunquam
2629 4856 2772 4909 enim
2796 4855 2989 4920 accipit
3016 4859 3299 4924 quisquam
3330 4852 3626 4921 spirituales

2074 4925 2476 4995 benedictiones
2515 4926 2641 4987 Dei,
2690 4926 2793 4979 nisi
2847 4923 3181 4995 praecesserit
3224 4923 3463 4995 Spiritus
3514 4937 3623 4973 san-

2074 5005 2216 5064 ctus.
2254 5013 2273 5045 ι
2309 4994 2448 5064 Lege
2475 5004 2669 5048 caetera
2698 5010 2845 5049 nunt.
2874 4996 2937 5049 10
2961 5006 3012 5047 et
3044 4997 3129 5057 11,
3155 5006 3207 5049 et
3234 5008 3357 5047 cum
3393 4994 3475 5045 bis
3504 5006 3621 5044 cun-

2076 5063 2174 5129 fer,
2211 5079 2331 5132 qua:
2377 5063 2476 5117 hoc
2518 5065 2568 5137 in
2606 5064 2725 5119 loco
2750 5065 2971 5118 dictavit
3013 5065 3290 5132 theologus
3330 5068 3621 5137 noster,__t_tt

2076 5134 2649 5209 eumdcmutrobiquc
2694 5146 2968 5209 auctorem
3018 5148 3298 5209 agnoscas,
3331 5144 3416 5209 eL
3420 5148 3512 5183 sex
3547 5132 3621 5209 illa

2075 5205 2187 5272 ipsa
2233 5205 2525 5271 Scripturae
2568 5209 2705 5267 loca,
2751 5219 2869 5273 quae
2910 5205 2997 5259 hic
3042 5202 3285 5274 proxime
3333 5202 3525 5267 alien,
3557 5202 3620 5251 ibi

2073 5276 2234 5329 etiam
2263 5274 2419 5343 allata
2456 5276 2769 5343 perspicias.

2145 5344 2253 5412 (50)
2297 5340 2513 5414 Plenus.
2551 5340 2752 5414 Codex,
2781 5343 3079 5408 ἀναπλέως.
3125 5343 3288 5414 Lego,
3326 5340 3622 5397 ἀνάπλεως.

2142 5415 2252 5483 (51)
2290 5412 2511 5483 Portam.
2549 5413 2649 5467 lsa.
2680 5430 2823 5475 XLIV,
2864 5416 2916 5468 5.

2146 5482 2256 5552 (52)
2299 5482 2447 5536 Ideo.
2486 5484 2689 5539 Coloss.
2719 5501 2753 5547 ι,
2778 5485 2811 5539 9
2833 5496 2886 5539 et
2910 5485 2996 5538 10.
3030 5482 3212 5539 Grmca
3243 5482 3327 5535 ed.
3358 5495 3461 5550 pro
3486 5493 3627 5552 πριέ

2074 5550 2391 5616 πατοῦντες,
2436 5554 2595 5625 habet
2620 5595 2634 5614 ,
2673 5554 3041 5625 περιπατῆσαι
3073 5556 3246 5623 ὑμᾶς,
3385 5561 3487 5625 tisi,
3523 5566 3541 5596 ι
3577 5550 3629 5625 gl

2074 5613 2386 5678 ambuletis.
2422 5644 2439 5673 ι
2466 5624 2533 5675 At
2575 5613 2829 5694 Didymus
2866 5613 3047 5679 in'lib.
3080 5613 3242 5679 etiam
3270 5622 3342 5675 De
3389 5618 3533 5691 Spir.
3569 5613 3627 5671 S.

2077 5711 2222 5750 ιιιιιυ.
2262 5696 2343 5761 10,
2379 5695 2500 5763 legit
2543 5712 2562 5745 ι
2592 5697 2941 5751 ambulantes.
2987 5716 3003 5745 ι
