3732 6312
128 285 211 339 535
1134 280 1220 335 DE
1259 280 1628 340 TRINITATE
1668 284 1868 342 LIBER
1910 288 2287 347 SECUNDUS.

3195 288 3301 344 εει

124 405 242 451 ἐστιν
270 400 299 466 η
332 393 568 465 βασιλεία
618 393 708 447 τοῦ
740 393 874 447 Θεοῦ
912 394 1112 467 βρῶσις
1145 398 1239 451 καὶ
1275 400 1463 463 πόσις,
1508 401 1634 454 ἀλλὰ

1796 445 1797 453 η
1835 421 1933 461 nos
1959 421 2026 462 ex
2054 421 2156 477 qua
2185 407 2273 461 die
2301 405 2622 471 audivimus,
2656 420 2759 460 non
2788 418 3059 461 cessamus
3086 420 3183 475 pro
3205 422 3303 463 vo-

124 488 411 558 ξιγαιοσύνη,
438 488 527 539 καὶ
542 488 752 557 εἰρήνη,
776 488 869 540 καὶ
886 490 1027 556 χαρά
1050 489 1107 540 ἐν
1129 489 1404 559 Πνεῦματι
1427 492 1585 563 ἁγίῳ.
1610 490 1633 543 ἰ

124 582 215 632 Οὐκ
256 578 399 631 ἔλαθε
440 578 483 629 δ’
517 577 636 629 οὐδὲ
674 576 830 630 τοῦτο
862 579 955 629 καὶ
987 578 1207 648 Πέτρον.
1242 580 1639 652 Ἀπολογούμε-

124 690 191 735 νος
215 670 309 740 γὰρ
351 671 454 734 τοῖς
487 669 829 739 αἰτιωμένοις
876 668 971 739 τὴν
1002 672 1309 740 συντυχίαν,
1356 672 1422 742 ἣν
1452 676 1638 745 ἐποιή-

132 778 228 813 tato
246 759 367 830 πρὸς
389 760 700 835 Κορνηλίον,
724 758 827 829 ἔφη
849 775 860 787 ·
896 778 913 809 t
955 759 1012 811 El
1041 757 1132 813 οῦν
1160 763 1258 832 τὴν
1290 763 1409 833 ἴσην
1433 764 1640 835 δωρεὰν

124 853 311 904 ᾶέδωκεν
340 851 516 912 αὐτοῖς
550 852 579 902 ὁ
614 851 766 914 Θεὸς,
799 835 1097 921 παρασῇίὼν
1128 852 1188 905 τὸ
1218 854 1368 921 ἅγιον
1398 855 1638 927 Πνεῦμα,

120 945 178 1006 ὡς
199 944 277 996 καὶ
303 945 332 1011 ἡ
342 944 427 1010 μίν
448 941 504 994 ἐν
527 942 702 1012 ἀρχῇ·
734 942 845 1010 ἐγὼ
872 944 953 1007 τίς
982 944 1126 1013 ἢμην
1152 945 1372 1008 δυνατὸς
1400 947 1639 1001 κωλῦσαι

120 1036 192 1085 τὸν
217 1034 358 1098 Θεὸνς
395 1053 413 1083 ι
443 1034 548 1085 Καὶ
574 1033 734 1085 πάλιν
752 1049 764 1062 ο
805 1053 822 1083 ι
859 1034 967 1086 Καὶ
989 1037 1016 1087 ὁ
1045 1035 1479 1107 καρδιογνώστης
1510 1037 1641 1100 Θεὸς

120 1125 449 1197 ἐμαρτύρησεν
498 1127 701 1189 αὐτοῖς,
758 1126 881 1188 δοὺς
933 1126 993 1178 τὸ
1052 1127 1277 1198 Πνεῦμα
1332 1128 1392 1180 τὸ
1450 1130 1633 1197 ἆγιον,

121 1219 263 1281 καθὼς
291 1218 373 1269 καὶ
402 1220 559 1287 ἡμῖν·
585 1218 679 1270 καὶ
703 1218 855 1271 οὐδὲν
881 1218 1145 1289 διέκρινεν
1173 1220 1374 1289 μεταξὺ
1406 1220 1560 1291 ἡμῶν
1582 1239 1639 1273 τε

120 1312 191 1362 καὶ
212 1309 387 1373 αὐτῶν,
410 1312 475 1378 τῇ
496 1309 678 1362 πίστει
702 1309 1004 1381 καθαρίσας
1022 1310 1120 1373 τὰς
1147 1312 1370 1381 καρδίας
1392 1312 1587 1367 αὐτῶν.
1616 1334 1635 1364 ι

122 1401 246 1452 Τοῦτ’
280 1402 450 1452 ἐστιν’
499 1401 564 1452 Ἦ
613 1401 705 1453 τοῦ
746 1401 902 1469 ἀγίου
940 1401 1255 1472 Πνεῦματος
1296 1401 1534 1473 ἔκχυσις,
1567 1403 1643 1467 ὼς

120 1494 167 1544 ὃν
202 1508 272 1555 τις
301 1492 454 1555 εἴποι,
489 1493 521 1561 ή
560 1492 930 1561 ἀκατάσχετος
963 1492 1055 1545 καὶ
1099 1492 1329 1562 ἄφθονος
1362 1494 1640 1563 ἐπιφοίτη-

126 1601 189 1646 ςις
219 1585 386 1649 αὐτοῦ,
412 1584 561 1636 αἰτία
594 1583 947 1654 προφητείας,
980 1583 1071 1637 καὶ
1104 1582 1515 1653 ἀνακαινισμοῦ,
1548 1583 1641 1636 καὶ

117 1675 339 1744 οὐρανίων
382 1674 619 1741 ἀγαθῶν,
657 1676 751 1727 καὶ
788 1674 882 1727 τοῦ
919 1678 1195 1728 κατανοεῖν
1234 1674 1293 1726 τὸ
1323 1674 1515 1735 κάλλος
1545 1673 1639 1743 τῆς

1742 497 1822 552 bis
1887 509 2126 564 orantes,
2184 508 2239 554 et
2300 499 2634 569 postulantes
2692 510 2749 553 ut
2792 500 3118 569 impleamini
3160 500 3303 569 agni-

1744 589 1886 643 tione
1917 590 2207 645 voluntatis
2253 590 2391 659 eius,
2429 591 2483 644 in
2530 591 2675 644 omni
2724 590 2981 659 sapientia
3043 598 3097 644 et
3141 588 3300 643 intel-

1742 681 1962 750 ligentia
2020 682 2266 750 spiritali,
2296 682 2629 737 ambulantes
2662 682 2819 749 digne
2853 680 3100 744 Domino,
3134 698 3153 732 ι
3200 680 3299 733 hoc

1740 781 1843 835 est,
1878 790 1896 823 ι
1932 772 2091 840 digne
2131 773 2310 827 divino
2349 773 2570 842 Spiritu,
2608 792 2625 825 ι
2670 771 2827 844 164
2874 782 2931 825 ut
2958 771 3296 825 manilestum

1741 871 1840 916 est.
1884 862 2017 916 Nam
2058 864 2218 918 simul
2262 880 2382 918 cum
2437 864 2637 933 Spiritu
2687 866 2774 918 Dei
2822 863 3041 933 intelligi
3083 862 3299 918 cmleSte

1743 954 2136 1009 interminatam
2176 972 2417 1025 regnum.
2444 967 2623 1026 utpote
2655 956 2721 1009 ab
2750 956 2865 1025 ipso
2903 971 3007 1010 non
3038 955 3296 1018 alienum,

1742 1057 1859 1096 cum
1894 1059 1955 1099 ea
1984 1061 2104 1113 qua:
2130 1046 2291 1100 habet
2336 1047 2491 1100 Pater
2536 1056 2587 1099 et
2618 1046 2803 1110 Filius,
2838 1046 3035 1099 habeat
3084 1054 3139 1097 et
3187 1046 3300 1114 ipse

1744 1134 1991 1204 Spiritus,
2045 1153 2231 1192 rursus
2268 1154 2361 1207 per
2388 1141 2630 1193 eamdem
2682 1137 2972 1205 Epistolam
3016 1136 3301 1191 conﬁrmat

1742 1227 2022 1282 scribens:
2055 1247 2073 1279 ι
2102 1226 2217 1281 Non
2242 1238 2324 1282 est
2375 1228 2486 1298 (55)
2533 1230 2674 1284 enim
2724 1244 2944 1297 regnum
2982 1227 3073 1281 Dei
3124 1227 3297 1291 citius,

1741 1328 1794 1370 et
1826 1328 1999 1387 potus,
2029 1320 2120 1373 sed
2147 1318 2378 1387 justitia,
2411 1332 2463 1375 et
2504 1338 2630 1390 pax,
2658 1331 2711 1375 et
2740 1322 2985 1390 gaudium
3020 1321 3069 1373 in
3095 1320 3297 1390 Spiritu

1741 1420 1945 1463 sancto.
1984 1427 2003 1461 ι
2046 1410 2103 1464 ld
2135 1424 2257 1465 vero
2284 1426 2348 1466 ne
2371 1411 2586 1466 Petrum
2615 1413 2826 1481 quidem
2861 1411 3016 1465 latuit
3057 1428 3070 1463 :
3106 1425 3300 1479 expur-

1741 1514 1872 1568 gans
1904 1500 2047 1554 enim
2094 1516 2153 1556 se
2202 1502 2306 1556 illis
2367 1504 2455 1572 qui
2502 1517 2623 1557 eum
2675 1502 3018 1565 accusabant,
3060 1504 3199 1570 quod
3245 1502 3299 1555 in

1742 1592 2181 1645 consuetudinem
2222 1592 2454 1647 Cornelii
2485 1608 2543 1648 se
2583 1593 2839 1654 dedisset,
2869 1594 2941 1646 ait
2975 1609 2988 1643 :
3028 1611 3045 1644 ι
3088 1591 3143 1646 Si
3169 1606 3300 1660 ergo

1747 1680 1858 1751 (54)
1898 1682 2155 1751 aequalem
2208 1684 2436 1752 gratiam
2489 1684 2634 1737 dedit
2688 1682 2820 1750 ipsis
2874 1683 3014 1736 Deus
3058 1682 3299 1749 praebens

118 1767 270 1833 θεῐκῆς
292 1764 537 1833 ἀληθείας
561 1764 728 1818 ἐστίν.
768 1764 855 1823 Ὠς
882 1764 987 1833 γὰρ
1015 1764 1092 1834 τῷ
1128 1763 1433 1833 Ἀποστόλῳ
1463 1762 1634 1815 δοκεῖ·

1796 1774 2005 1842 piritum
2047 1786 2315 1840 sanctum,
2350 1775 2489 1829 sicut
2523 1783 2576 1828 et
2618 1774 2771 1829 nobis
2807 1774 2858 1827 in
2899 1773 3179 1843 principio,
3200 1787 3299 1842 ego

121 1875 133 1905 ι
172 1856 221 1907 '0
246 1856 439 1926 καρπὸς
475 1855 569 1908 τοῦ
612 1855 958 1925 Πνεῦματος,
994 1856 1213 1925 ἀγάπη,
1246 1854 1409 1925 χαρὰ,
1445 1854 1634 1924 είρήνη

120 1949 251 2000 ἐστίν.
296 1967 313 1999 ι
352 1948 509 2001 Ὅθεν
554 1950 650 2003 καὶ
686 1949 845 2002 πάλιν
878 1949 1108 2021 γράφει·
1149 1968 1167 1999 ι
1219 1949 1280 2001 Ἡ
1316 1947 1423 2018 γὰρ
1449 1947 1633 2016 ἀγάπη

117 2039 187 2090 τοῦ
214 2036 330 2089 θεοῦ
357 2039 651 2108 ἐκκέχυται
686 2040 743 2091 ὲν
772 2042 891 2101 ταῖς
919 2039 1169 2109 καρδίαις
1198 2037 1353 2109 ἡμῶν
1383 2040 1439 2091 ἐν
1470 2037 1636 2090 Πνεῦ-

120 2148 219 2197 tum
254 2132 397 2201 ἁγίῳ.
430 2151 448 2184 ι
488 2132 638 2194 Misi;
672 2129 802 2198 γοῦν
835 2130 1000 2201 οὔσης
1046 2130 1378 2200 ἀγαθότητος
1427 2129 1524 2199 τῆς
1580 2130 1637 2180 ὲν

117 2222 231 2273 hic}:
252 2222 483 2291 Τριάδος,
513 2222 711 2275 πολλαὶ
733 2225 861 2292 ἡμῖν
886 2223 1264 2275 ἀποτίκτονται
1284 2220 1632 2290 ἀγαθότητες·

116 2312 268 2383 ὡσπερ
296 2314 566 2384 ἀληθείας,
611 2315 709 2367 καὶ
747 2314 1110 2385 δικαιοσύνης,
1160 2314 1253 2367 καὶ
1289 2312 1473 2381 σοφίας
1511 2313 1638 2383 μιᾶς

116 2405 245 2476 vim;
268 2407 377 2475 (τῆς
404 2407 519 2461 ἀνω
548 2408 717 2479 φημὶ)
759 2407 898 2459 κατά
925 2407 1006 2470 τὸ,
1040 2426 1057 2458 ι
1086 2406 1318 2469 Δυνατὸς
1348 2402 1417 2469 εἴ,
1445 2404 1634 2475 Κύριε,

118 2497 188 2549 καὶ
211 2498 240 2565 ἡ
262 2498 478 2567 ἁλήθειά
506 2517 601 2552 σου
635 2498 819 2568 κύκλῳ
852 2515 945 2551 σου
985 2518 1003 2549 ι
1042 2499 1197 2568 (ἥτις
1232 2497 1251 2567 [
1282 2497 1351 2550 Ἱὸ
1392 2496 1449 2567 α]
1493 2496 1637 2548 ἐστὶν

114 2592 135 2638 ὁ
183 2590 447 2659 μονογενὴς
500 2590 635 2653 Θεὸς
658 2606 696 2657 ),
751 2588 844 2642 καὶ
900 2588 1040 2643 κατὰ
1081 2587 1165 2647 τὸ,
1200 2606 1217 2639 ι
1282 2586 1442 2655 Μόνῳ
1492 2582 1639 2654 σοφῷ

116 2676 206 2749 θεῷ
234 2698 283 2745 ι,
342 2682 532 2735 πολλα).
570 2680 932 2752 πληθύνονται
966 2683 1097 2751 ἡμῖν
1134 2678 1337 2734 ἄνωθεν
1367 2676 1634 2748 ἀλήθειαι,

118 2771 186 2818 καὶ
213 2769 563 2837 δικαιοσύναι,
602 2773 698 2825 καὶ
732 2772 943 2839 σοφίαι,
979 2770 1120 2824 κατά
1168 2770 1256 2833 τὸ,
1295 2788 1314 2821 t
1362 2767 1639 2839 Ἀληθείας

116 2861 291 2931 ἐκζητεί
332 2866 570 2937 Κύριος·
616 2885 634 2917 ι
690 2866 803 2929 καὶ,
848 2884 865 2915 ι
910 2864 1126 2927 Δίκαιος
1170 2864 1392 2934 Κύριος,
1424 2862 1518 2915 καὶ
1562 2861 1640 2915 δι-

118 2955 359 3019 καιοσύνας
419 2958 679 3027 ἠγάπησε
700 2974 713 2986 ο
756 2975 773 3006 ι
805 2954 918 3019 καὶ,
949 2972 967 3004 ι
1004 2952 1213 3024 Πλῆθος
1244 2952 1443 3022 σοφῶν,
1474 2969 1641 3023 σωτη⁹

1736 1868 1860 1935 quis
1885 1882 2032 1921 eram
2061 1866 2153 1936 qui
2188 1881 2400 1936 possem
2456 1866 2739 1935 prohibere
2767 1866 2967 1920 Deum?
3002 1883 3021 1917 ι
3066 1865 3131 1924 Et
3176 1880 3298 1918 rur-

1736 1974 1869 2013 sus:
1913 1975 1931 2008 ι
1967 1956 2031 2010 Et
2064 1958 2305 2012 cordium
2337 1957 2451 2028 (55)
2484 1957 2726 2027 cognitor
2766 1954 2900 2012 Deus
2935 1956 3300 2011 testimonium

1740 2048 1922 2103 tribuit
1945 2049 2045 2115 eis,
2066 2050 2202 2104 dans
2233 2047 2489 2119 Spiritum
2513 2046 2931 2111 sanctum,sicut
2951 2055 3005 2101 et
3033 2046 3210 2107 nobis,
3247 2055 3302 2099 et

1738 2140 1868 2193 nihil
1901 2140 2153 2194 discrevit
2180 2140 2322 2193 inter
2343 2148 2530 2205 nos,et
2561 2138 2697 2203 illos,
2721 2139 2822 2193 [ide
2848 2135 3109 2189 mundans
3136 2135 3298 2190 corda

1736 2245 1939 2284 eorum.
1978 2248 1996 2281 ι
2031 2230 2089 2284 Id
2121 2236 2203 2283 est
2218 2250 2236 2296 η,
2287 2227 2521 2298 Spiritus
2563 2228 2733 2283 sancti
2768 2225 2955 2283 ell‘usio
2989 2225 3122 2297 (56),
3154 2240 3295 2288 393:2,

1740 2330 1797 2373 ut
1833 2319 1913 2374 sic
1951 2320 2159 2389 loquar,
2195 2318 2432 2373 coerceri
2469 2334 2573 2373 non
2600 2326 2794 2387 potest,
2825 2327 2879 2371 et
2915 2318 3128 2386 copiosa
3157 2316 3298 2371 illius

1739 2412 2102 2480 participatio,
2141 2423 2305 2481 atque
2359 2412 2639 2476 adventus,
2689 2410 2999 2479 prophetiae,
3033 2420 3087 2463 et
3142 2423 3299 2465 reno-

1738 2500 1990 2562 Vationis,
2024 2509 2078 2554 et
2109 2500 2407 2555 ccclestium
2432 2500 2690 2553 bonorum
2715 2514 2872 2553 causa
2908 2509 3012 2563 est,
3035 2497 3301 2568 ctiicitque

1740 2600 1798 2644 ut
1828 2590 2161 2659 pulchritudo
2197 2590 2389 2644 divina:
2422 2590 2666 2644 veritatis
2687 2590 3030 2659 percipiatur.
3057 2588 3127 2645 Ut
3152 2591 3299 2644 enim

1738 2680 1990 2747 Apostolo
2028 2680 2276 2735 videtur:
2310 2700 2328 2733 ι
2365 2679 2594 2735 Fructus
2622 2679 2733 2750 (57)
2758 2679 3010 2748 Spiritus,
3036 2679 3296 2740 Charitas.

1739 2767 2015 2836 gaudium,
2051 2781 2155 2835 pax
2188 2777 2294 2837 est.
2333 2786 2352 2820 ι
2383 2767 2534 2823 Unde
2561 2778 2616 2821 ct
2639 2782 2823 2821 rursus
2852 2767 3041 2822 scribit
3067 2785 3082 2822 :
3117 2787 3135 2819 ι
3166 2769 3301 2822 Cha.

1741 2857 1872 2911 ritas
1899 2856 2011 2928 (58)
2031 2858 2171 2911 enim
2206 2855 2293 2912 Dei
2318 2858 2505 2913 diﬂ‘usa
2529 2868 2611 2914 est
2629 2859 2680 2913 in
2698 2859 2949 2915 cordibus
2974 2859 3169 2914 nostris
3185 2859 3298 2930 (59)

1740 2948 1795 3001 in
1844 2949 2047 3017 Spiritu
2083 2958 2291 3005 sancto.
2338 2969 2357 3003 ι
2396 2949 2529 3005 Cum
2560 2967 2687 3021 ergo
2709 2950 2985 3006 Trinitatis
3017 2951 3070 3005 in
3095 2952 3302 3005 unitate

120 3042 190 3110 ρὲα
214 3045 431 3116 κόσμου·
468 3067 486 3099 ι
524 3047 643 3110 καὶ,
679 3064 697 3097 ι
731 3045 1214 3116 Συμπορευόμενος
1248 3046 1451 3113 σοφοῖς,
1482 3043 1634 3111 σοφὸς

1796 3039 2059 3094 tsisteiitis
2100 3055 2204 3093 una
2239 3040 2312 3095 sit
2338 3040 2566 3109 bonitas,
2610 3043 2792 3097 multa:
2821 3049 2999 3098 tamen
3039 3042 3191 3097 nobis
3220 3042 3300 3111 gi-

115 3100 206 3205 έτῃ.
240 3156 256 3189 ι
287 3100 454 3207 έαφὲς
480 3135 597 3199 οῦν.
628 3100 704 3201 ib;
730 3138 789 3190 τὸ
811 3100 1162 3208 ⁸Πνεῦμαθτοῦ
1189 3100 1345 3201 Θεοῦ,
1367 3100 1634 3207 τῗῖὐπιίίρἐ

1796 3140 1978 3186 runtur
2009 3131 2279 3189 bonitates
2321 3150 2334 3186 :
2376 3134 2517 3189 sicut
2566 3150 2687 3190 cum
2734 3135 2955 3203 veritas,
2984 3145 3039 3189 et
3068 3132 3297 3203 iustitia,

120 3223 179 3288 εει
206 3228 346 3299 αὐτῇ,
394 3231 620 3300 Πνεῦμα
654 3230 877 3296 ἀγαθὸν.
913 3230 1005 3283 καὶ
1038 3228 1261 3300 Πνεῦμα
1311 3228 1500 3297 σοφίας
1546 3228 1634 3280 καὶ

1820 3223 2080 3292 sapientia
2107 3240 2209 3279 una
2235 3226 2304 3279 sit
2334 3225 2545 3296 (loquor
2569 3238 2747 3283 autem
2774 3229 2840 3283 de
2863 3228 3116 3297 cmlesti),
3142 3230 3300 3299 juxta

116 3315 345 3386 ἀληθείας,
389 3322 482 3374 καὶ
530 3321 759 3392 Πνεῦμα
803 3319 896 3375 τοῦ
932 3320 1163 3392 ἀοράτου
1211 3320 1302 3373 καὶ
1348 3317 1634 3372 ἀσυνθέτου

1800 3316 1866 3370 ud
1909 3333 1924 3372 :
1984 3334 2002 3368 ι
2042 3314 2239 3372 Potens
2281 3318 2394 3388 (40)
2454 3334 2534 3383 es,
2592 3320 2834 3385 Domine,
2886 3328 2941 3374 et
2974 3320 3169 3376 veritas
3211 3329 3300 3375 tua

115 3404 218 3459 Θεοῦ
246 3410 330 3461 καὶ
355 3411 566 3481 Πατρὸς
606 3411 965 3481 καθέστηκεν.

1802 3422 1880 3462 ua:
1922 3416 2005 3463 est
2065 3410 2373 3478 unigenitus
2428 3410 2590 3481 Deus)
2640 3413 2691 3466 in
2747 3412 2974 3467 circuitu
3025 3421 3134 3478 tuo,
3186 3432 3205 3466 ι
3243 3424 3311 3468 ει

113 3498 230 3564 juxta
259 3500 374 3556 illud
408 3521 422 3558 :
455 3521 473 3555 ι
506 3502 619 3557 Soli
648 3502 759 3571 (41)
796 3502 1022 3572 sapienti
1054 3501 1193 3567 Deo;
1246 3519 1266 3553 ι
1301 3498 1480 3555 multze
1520 3507 1696 3553 tamen
1736 3498 1895 3552 nobis
1934 3498 2159 3569 desuper
2198 3509 2343 3564 sunt,
2379 3515 2443 3554 ac
2482 3501 2900 3570 multiplicantur
2933 3503 3205 3568 veritates,
3243 3512 3301 3556 et

117 3587 316 3656 iustitia,
372 3595 749 3664 etsapientiae,
783 3592 939 3664 165
965 3593 1116 3662 juxta
1149 3592 1279 3646 illud
1308 3609 1324 3647 ε
1364 3610 1381 3642 ι
1416 3589 1677 3645 Veritates
1716 3586 1829 3657 (42)
1862 3589 2091 3658 exquirit
2152 3589 2436 3655 Dominus;
2482 3608 2500 3641 ι
2546 3598 2637 3645 et:
2686 3608 2704 3642 ι
2734 3588 2916 3645 Justus
2950 3590 3085 3660 (45)
3116 3590 3299 3645 Domi-

119 3694 216 3746 nus,
269 3693 317 3739 et
337 3682 579 3753 justitias
610 3684 832 3750 dilexit;
864 3705 881 3737 ι
914 3692 1011 3739 et:
1051 3703 1068 3736 ‹
1103 3684 1387 3739 Multitudo
1437 3680 1548 3753 (44)
1594 3679 1935 3746 sapientium,
1994 3681 2139 3737 salus
2204 3680 2422 3769 mupdi;
2461 3698 2479 3733 ι
2515 3691 2611 3735 et:
2663 3697 2681 3731 ι
2720 3680 3011 3737 Ambulans
3039 3681 3305 3753 (45)cum

178 3886 271 3957 (55)
308 3886 424 3941 Non
470 3899 569 3942 est.
612 3885 731 3941 Non
780 3885 845 3957 i_n_
863 3884 1031 3954 Epist.
1062 3884 1128 3941 ad
1171 3884 1377 3943 Coloss.
1408 3886 1524 3940 haec
1558 3884 1634 3940 le-

123 3954 304 4021 guntur,
331 3960 416 4011 sed
445 3957 609 4011 Rom.
638 3972 748 4021 xlv,
779 3954 867 4008 17.

177 4025 272 4090 (5-1)
308 4025 362 4080 Si
393 4044 536 4097 ergo.
568 4027 693 4080 Act.
732 4040 809 4097 xi,
839 4023 925 4079 17.
958 4022 1156 4097 verba,
1190 4044 1209 4077 ι
1240 4024 1635 4097 praebensSpi-

125 4092 254 4164 ritum
279 4092 536 4163 sanctum,
576 4116 595 4148 ι
630 4105 685 4148 et
716 4112 736 4146 ι
771 4096 821 4149 in
849 4096 1133 4164 principio,
1173 4114 1191 4145 ι
1222 4092 1366 4149 addit
1396 4092 1635 4163 explica-

127 4161 255 4234 tionis
278 4181 462 4229 causa,
507 4161 574 4220 ex
606 4165 709 4226 his,
742 4161 864 4234 quae
888 4161 1093 4219 duobus
1122 4166 1366 4234 proxime
1393 4161 1636 4234 superio-

124 4232 238 4304 ribus
259 4236 546 4299 versiculis,
598 4236 662 4289 15
690 4244 744 4289 et
764 4232 855 4301 16,
884 4232 1151 4304 leguntur.
1186 4232 1491 4303 Eademque
1522 4234 1635 4304 ipsa

122 4302 435 4375 additamenta
478 4304 798 4375 observabis
839 4320 867 4375 a
923 4302 1147 4375 Didymo
1193 4304 1331 4375 facta
1372 4302 1555 4375 etiam‘
1582 4305 1634 4358 in

122 4369 505 4457 libroﬂeuspir.
633 4390 780 4457 num.
813 4374 902 4437 11,
1092 4374 1233 4457 hunc
1280 4374 1453 4428 locum
1477 4374 1635 4457 citat.
1669 4401 1713 4457 Ι)

122 4438 239 4514 Quod
262 4444 301 4496 si
327 4438 529 4499 ibi'non
562 4445 778 4514 legitur,
813 4462 831 4494 ι
865 4444 1146 4513 prohibere
1176 4445 1361 4506 Deum,
1392 4462 1409 4493 ι
1439 4452 1495 4496 ut
1520 4444 1625 4508 hic,

236 4530 251 4561 ι
279 4515 551 4580 prohibere
602 4508 918 4577 Dominum,
952 4531 971 4565 ι
1025 4514 1157 4567 nihil
1194 4523 1245 4567 te
1283 4524 1495 4567 moveat
1527 4515 1629 4566 ista

122 4579 350 4654 yarietas:
394 4600 515 4636 nam
556 4587 723 4638 codex
761 4590 944 4636 noster
972 4599 1073 4638 ms.
1114 4584 1186 4637 ibi
1228 4583 1408 4645 habet,
1444 4601 1462 4633 ι
1509 4598 1631 4653 pro-

124 4645 271 4705 hibere
296 4653 475 4707 Deum.
515 4673 534 4705 ι

178 4718 270 4786 (55)
288 4723 345 4774 Et
368 4724 625 4776 cordium.
639 4722 761 4775 Act.
777 4737 865 4787 xv,
892 4721 924 4775 8
941 4720 1057 4777 et9.
1075 4722 1257 4777 Graeca
1272 4721 1355 4774 ed.
1372 4722 1454 4775 bis
1470 4721 1633 4776 habet

122 4797 288 4853 Vocem,
311 4794 501 4857 αὐτοῖς,
543 4808 732 4859 nempe
776 4793 954 4854 habet,
987 4810 1005 4844 ι
1040 4794 1173 4846 dans
1201 4794 1328 4861 ipsis
1369 4791 1628 4861 Spiritum

123 4868 346 4933 sanctum.
385 4882 405 4915 ι
436 4866 540 4918 Sed
562 4862 818 4933 Didymus
843 4862 1027 4933 eodem
1059 4861 1213 4929 plane
1257 4862 1413 4915 modo
1459 4861 1629 4933 locum

124 4928 265 4982 attulit
284 4946 392 4984 cum
420 4934 528 4996 hic,
558 4928 743 4986 tum'in
768 4932 861 4985 lib.
879 4933 951 4984 De
971 4928 1114 4996 Spir.
1135 4941 1336 4995 sancto,
1364 4946 1508 4984 num.
1543 4930 1628 4983 11.

177 4997 269 5069 (36)
306 4999 522 5069 Eﬂ'usio,
555 5012 661 5055 etc.
690 5001 745 5056 ln
775 5002 865 5054 lib.
892 5001 1119 5069 DeSpir.
1140 4999 1359 5054 S.num.
1388 5001 1469 5063 Η,
1502 5018 1521 5051 ‹
1551 5000 1633 5054 Ef-

127 5062 237 5141 fusio
256 5062 435 5140 quippe
462 5062 696 5141 spiritus
728 5071 943 5141 (inquit)
968 5062 1130 5125 causa
1160 5072 1367 5124 exsistit
1401 5062 1633 5141 prophe-

126 5138 261 5254 Eitdi,
286 5138 582 5196 et‘videudi
618 5138 839 5196 sensum
877 5138 1436 5209 pulchritudinemque
1486 5138 1631 5194 veri-

188 5221 238 5254 ls.
268 5228 284 5254 ι

172 5215 238 5258 IIS.
268 5228 284 5260 1

179 5276 269 5343 (57)
309 5278 545 5335 Fructus.
602 5279 775 5336 Galat.
809 5298 859 5335 v.
907 5282 998 5335 22.
1050 5280 1104 5334 In
1138 5280 1273 5335 libro
1299 5279 1372 5333 Dc
1402 5279 1541 5349 Spir.
1571 5278 1628 5333 S.

127 5352 246 5396 num.
274 5349 330 5420 17
374 5354 511 5405 edita
540 5352 870 5420 exemplaria
922 5352 1165 5405 ordinem
1205 5351 1488 5406 verborum
1539 5351 1633 5403 ali—

128 5419 391 5475 quantulum
440 5419 763 5475 immutant:
816 5422 1017 5476 habent
1044 5422 1188 5475 enim
1223 5438 1237 5474 :
1284 5440 1303 5471 ι
1336 5420 1586 5488 gaudium
1614 5461 1628 5479 ,

130 5494 226 5558 Ρίιξ,
263 5489 501 5543 charitas.
556 5510 574 5542 ι
617 5490 721 5545 Sed
766 5506 980 5546 omnem
1028 5492 1442 5558 discrepantiam
1496 5490 1634 5543 tollit

127 5554 260 5628 codex
288 5570 455 5614 noster
499 5576 619 5625 ms.,
664 5562 751 5628 qui
785 5562 939 5615 habet
974 5561 1043 5615 ibi
1075 5580 1088 5613 :
1127 5579 1144 5612 ι
1180 5554 1429 5615 Charitas
1452 5602 1467 5625 ,
1500 5576 1632 5627 gau-

131 5622 265 5687 “len,
308 5643 399 5694 pax
418 5647 443 5701 ς
482 5649 501 5681 ι
541 5622 646 5701 (ιυρ
683 5622 852 5685 ’πηούο
897 5632 1025 5699 legit
1072 5631 1325 5701 Didymus
1368 5622 1530 5684 etiam
1580 5632 1631 5682 in

132 5699 480 5755 tunnncutariis
515 5698 571 5754 in
606 5698 843 5755 Psalmos
866 5741 879 5764 ,
913 5698 976 5755 ad
1006 5698 1264 5770 psalmum
1299 5716 1462 5765 Lxrtt,
1511 5716 1627 5771 pag.

1736 3882 1840 3939 559
1872 3891 2076 3936 catenae
2102 3880 2461 3937 Corderianae.

1809 3952 1922 4024 (58)
1977 3950 2240 4024 Charitas.
2290 3951 2448 4007 Rom.
2490 3966 2545 4016 v,
2598 3952 2650 4010 5.
2700 3951 2883 4008 Grzeca
2928 3952 3091 4024 editio
3119 3951 3300 4024 habet

1740 4020 1866 4086 non,
1902 4020 1927 4073 ⁷(
1973 4022 2025 4075 in
2064 4020 2535 4093 Spirituisancttk,
2600 4042 2619 4075 ι
2668 4024 2780 4088 sed,
2833 4041 2853 4075 ι
2903 4040 2998 4093 per
3038 4023 3297 4093 Spiritum

1740 4038 1866 4086 non,
1908 4039 1927 4073 ‹
1973 4038 2025 4075 ιιι
2064 4038 2101 4075 S
2143 4038 2265 4075 Il'llu
2307 4038 2535 4144 sancit)?
2600 4042 2619 4075 ι
2668 4038 2780 4088 seu,
2833 4041 2853 4075 ι
2903 4040 2998 4093 per
3038 4038 3297 4091 Spiritum

1737 4103 2005 4173 sanctum.
2041 4112 2059 4144 ι
2092 4038 2229 4173 δοίη
2263 4092 2517 4173 Didymum
2543 4093 2652 4163 ipse
2680 4093 2855 4173 locum
2887 4095 3027 4149 hunc
3052 4095 3103 4147 in
3129 4092 3299 4173 tribus

1740 4162 1861 4235 aliis
1893 4161 2269 4235 hujusoperis
2282 4161 2417 4235 locis
2440 4161 2717 4235 alferens_(
2735 4180 2924 4235 nempe
2946 4178 3116 4235 segm.
3143 4162 3213 4215 25
3242 4179 3297 4228 a,

1745 4232 1812 4303 98
1839 4249 1891 4298 a,
1921 4242 1974 4286 et
2008 4230 2208 4301 2001:)
2258 4232 2415 4300 legit,
2459 4250 2475 4303 ι
2520 4248 2613 4301 per
2657 4230 2912 4303 spiritum
2959 4230 3225 4289 sanctum.
3274 4252 3293 4285 ι

1744 4301 1941 4356 Verum
1966 4303 2151 4356 eadem
2181 4302 2337 4369 piane
2368 4302 2598 4355 verietas
2623 4301 2855 4359 occurrit
2882 4304 3042 4359 etiam
3076 4304 3127 4357 in
3160 4302 3299 4356 libro

1746 4370 1817 4426 De
1835 4372 1979 4441 Spir.
2006 4380 2183 4424 sancto
2207 4387 2225 4424 :
2246 4387 2367 4425 nam
2388 4386 2534 4425 num.
2568 4374 2655 4433 11,
2686 4374 2768 4428 bis
2792 4375 2931 4429 hunc
2963 4375 3136 4427 locum
3169 4372 3300 4426 alle-

1740 4440 1893 4509 gans,
1943 4441 2193 4504 dictavit,
2255 4459 2273 4492 ι
2319 4456 2413 4510 per
2466 4440 2723 4510 Spiritum
2774 4455 3057 4499 sanctum:
3093 4462 3111 4494 ι
3147 4458 3294 4497 num.

1738 4522 1912 4581 autem
1945 4510 2270 4581 lldictavit,
2300 4530 2319 4562 ι
2357 4512 2407 4563 in
2444 4512 2642 4581 Spiritu
2673 4524 2878 4569 sancto.
2908 4533 2925 4565 ι

1811 4580 1923 4652 (59)
1967 4578 2199 4652 Nostris.
2247 4578 2679 4652 Quotiescunque
2728 4587 2778 4636 in
2810 4584 2908 4638 hoc
2941 4596 3099 4649 Opere
3128 4590 3296 4636 totum

1739 4650 1894 4703 istum
1924 4651 2246 4721 versiculum
2291 4650 2513 4719 profert,
2552 4650 2714 4721 legit:
2763 4672 2780 4704 ι
2826 4655 2875 4706 in
2926 4653 3177 4707 cordilms
3210 4666 3298 4703 no-

1738 4722 1865 4773 stris
1890 4735 1984 4788 per
2004 4719 2261 4789 Spiritum
2288 4732 2553 4779 sanctum.
2578 4719 2665 4789 qui
2690 4723 2844 4775 datus
2863 4734 2947 4775 est
2977 4721 3148 4775 nobis.
3186 4738 3203 4770 ι
3230 4721 3297 4773 At

1737 4792 1790 4843 in
1819 4787 1954 4843 libro
1980 4789 2054 4842 De
2083 4787 2221 4857 Spir.
2240 4790 2301 4845 S.
2323 4806 2470 4845 num.
2501 4791 2561 4843 11
2598 4787 2651 4843 et
2680 4792 2764 4855 17,
2784 4791 2947 4845 editio
2976 4790 3297 4844 Veronensis

1740 4861 1921 4923 habet,
1952 4878 1970 4910 ι
2000 4861 2050 4912 in
2079 4860 2330 4914 cordibus
2350 4861 2610 4915 vestris...
2641 4862 2730 4928 qui
2768 4862 2924 4913 datus
2955 4870 3038 4913 est
3065 4860 3232 4912 vobis.
3273 4876 3293 4908 ι

1739 4930 1914 4984 Codex
1947 4943 2074 4983 vero
2106 4938 2287 4982 noster
2317 4944 2420 4982 ms.
2451 4930 2624 4997 primo
2654 4930 2870 4997 quidem
2902 4930 2954 4982 in
2988 4930 3107 4983 loco
3132 4929 3295 4983 habet

1740 4998 1925 5062 semel,
1963 5016 1981 5048 ι
2013 4998 2222 5055 veStris.
2257 5017 2275 5050 ι
2307 5008 2363 5051 et
2399 5017 2417 5048 ι
2452 4999 2639 5051 vobis:
2678 5017 2697 5050 ι
2732 5000 2824 5054 sed
2850 4998 3055 5053 duobus
3084 4998 3207 5052 aliis
3244 5001 3294 5051 in

1741 5069 1870 5121 locis
1898 5084 2000 5121 non
2028 5068 2278 5121 dissentit
2302 5083 2328 5119 a
2356 5068 2582 5122 lectione
2602 5067 2799 5122 Graece
2820 5068 3087 5123 editionis.
3117 5070 3297 5137 Itaque

1739 5148 1868 5207 puto
1898 5137 2091 5205 ubique
2127 5138 2400 5207 legendum
2426 5152 2582 5192 esse:
2622 5156 2641 5189 ι
2679 5138 2730 5191 iu
2756 5140 3004 5194 cordibus
3025 5140 3291 5195 nostris...

1740 5209 1827 5276 qui
1853 5209 2007 5276 datus
2029 5216 2110 5261 est
2137 5208 2308 5276 nobis.
2350 5225 2368 5259 ι

1808 5277 1919 5347 (40)
1962 5275 2358 5347 PotensLPsal.
2388 5292 2652 5343 Lxxxvm,
2684 5294 2823 5333 vers.
2851 5279 2901 5335 9.

1812 5348 1921 5418 (41)
1961 5347 2091 5418 Soli.
2130 5347 2150 5398 ι
2182 5346 2321 5418 Tim.
2350 5364 2388 5414 ι,
2428 5349 2513 5412 17,
2545 5360 2599 5402 et
2629 5350 2784 5404 ltum.
2813 5366 2920 5415 va,
2956 5349 3045 5406 27.

1810 5416 1921 5492 (12)
1970 5416 2424 5492 YeritatesLl’sal.
2456 5435 2584 5481 xxx,
2627 5435 2763 5474 vers.
2794 5421 2854 5474 51
2891 5422 3005 5491 (seu
3031 5421 3143 5492 24).

1810 5422 1921 5557 (42)
1971 5422 2246 5471 Veritum.
2286 5422 2424 5471 l’sal.
2456 5435 2584 5481 xxx,
2627 5435 2763 5474 vers.
2794 5422 2854 5474 51
2891 5422 3005 5491 (seu
3031 5422 3143 5492 24).

1808 5487 2161 5613 (ἐὸίϐιῖἷωιιιε.
2241 5487 2380 5541 Psal.
2436 5505 2488 5557 ι,
2555 5505 2699 5545 vers.
2749 5492 2799 5544 8.
2889 5492 3015 5545 Vide
3062 5502 3171 5546 uot.
3241 5490 3297 5557 1,

1776 5575 1859 5613 a2.
1895 5575 1987 5613 ‘lD‘l
2001 5597 2015 5612 .

1741 5576 1859 5629 pag.
1895 5576 2015 5613 ιυι.

1810 5628 1923 5697 (44)
1967 5628 2271 5681 Multitudo.
2307 5628 2435 5696 Sap.
2470 5645 2541 5693 vl,
2578 5629 2667 5683 26.

1811 5700 1922 5769 (15)
1964 5698 2265 5753 Ambulans.
2318 5699 2473 5754 l’rov.
2535 5715 2622 5764 XI,
2670 5700 2730 5753 21
2785 5699 2911 5771 (seu
2954 5699 3085 5770 20).
3140 5698 3298 5755 Com-
