  <div class='ocr_page' id='page_1' title='image "/cluster/home/n/w/nwhite01/storage/ocr_20150623/39/hvd.32044019207778/275.png"; bbox 0 0 3688 6340; ppageno 0'>
   <div class='ocr_carea' id='block_1_1' title="bbox 378 293 488 354">
    <p class='ocr_par' dir='ltr' id='par_1_1' title="bbox 378 293 488 354">
     <span class='ocr_line' id='line_1_1' title="bbox 378 293 488 354; baseline -0.027 0"><span class='ocrx_word' id='word_1_1' title='bbox 378 293 488 354; x_wconf 77' lang='lat'><strong>535</strong></span> 
     </span>
    </p>
   </div>
   <div class='ocr_carea' id='block_1_2' title="bbox 1606 292 2342 351">
    <p class='ocr_par' dir='ltr' id='par_1_2' title="bbox 1606 292 2342 351">
     <span class='ocr_line' id='line_1_2' title="bbox 1606 292 2342 351; baseline 0.004 -3"><span class='ocrx_word' id='word_1_2' title='bbox 1606 292 1838 349; x_wconf 78' lang='lat' dir='ltr'><strong>DIDYMI</strong></span> <span class='ocrx_word' id='word_1_3' title='bbox 1874 293 2342 351; x_wconf 77' lang='lat' dir='ltr'><strong>ALEXANDRINI</strong></span> 
     </span>
    </p>
   </div>
   <div class='ocr_carea' id='block_1_3' title="bbox 3490 299 3579 356">
    <p class='ocr_par' dir='ltr' id='par_1_3' title="bbox 3490 299 3579 356">
     <span class='ocr_line' id='line_1_3' title="bbox 3490 299 3579 356; baseline 0 0"><span class='ocrx_word' id='word_1_4' title='bbox 3490 299 3579 356; x_wconf 70' lang='lat'><strong>536</strong></span> 
     </span>
    </p>
   </div>
   <div class='ocr_carea' id='block_1_4' title="bbox 381 405 3577 498">
    <p class='ocr_par' dir='ltr' id='par_1_4' title="bbox 381 405 3577 498">
     <span class='ocr_line' id='line_1_4' title="bbox 381 405 3577 498; baseline 0.002 -35"><span class='ocrx_word' id='word_1_5' title='bbox 381 409 736 480; x_wconf 77' lang='lat' dir='ltr'><strong>sap.entibus,</strong></span> <span class='ocrx_word' id='word_1_6' title='bbox 766 406 982 477; x_wconf 83' lang='lat' dir='ltr'><strong>sapiens</strong></span> <span class='ocrx_word' id='word_1_7' title='bbox 1036 406 1165 463; x_wconf 89' lang='lat' dir='ltr'><strong>eris.</strong></span> <span class='ocrx_word' id='word_1_8' title='bbox 1209 424 1229 459; x_wconf 76' lang='grc' dir='ltr'><strong>ι</strong></span> <span class='ocrx_word' id='word_1_9' title='bbox 1275 405 1615 462; x_wconf 82' lang='lat' dir='ltr'><strong>Manifestum</strong></span> <span class='ocrx_word' id='word_1_10' title='bbox 1662 417 1744 464; x_wconf 89' lang='lat' dir='ltr'><strong>est</strong></span> <span class='ocrx_word' id='word_1_11' title='bbox 1784 424 1932 478; x_wconf 88' lang='lat' dir='ltr'><strong>ergo,</strong></span> <span class='ocrx_word' id='word_1_12' title='bbox 1974 410 2230 498; x_wconf 68' lang='lat' dir='ltr'><strong>Spiritum</strong></span> <span class='ocrx_word' id='word_1_13' title='bbox 2294 409 2388 464; x_wconf 87' lang='lat' dir='ltr'><strong>Dei</strong></span> <span class='ocrx_word' id='word_1_14' title='bbox 2444 424 2511 465; x_wconf 84' lang='lat' dir='ltr'><strong>ex</strong></span> <span class='ocrx_word' id='word_1_15' title='bbox 2566 409 2677 479; x_wconf 86' lang='lat' dir='ltr'><strong>ipsa</strong></span> <span class='ocrx_word' id='word_1_16' title='bbox 2713 408 2795 465; x_wconf 90' lang='lat' dir='ltr'><strong>sui</strong></span> <span class='ocrx_word' id='word_1_17' title='bbox 2829 407 3138 465; x_wconf 79' lang='lat' dir='ltr'><strong>exsistentia</strong></span> <span class='ocrx_word' id='word_1_18' title='bbox 3166 422 3287 465; x_wconf 86' lang='lat' dir='ltr'><strong>esse</strong></span> <span class='ocrx_word' id='word_1_19' title='bbox 3332 409 3577 481; x_wconf 82' lang='lat' dir='ltr'><strong>Spiritum</strong></span> 
     </span>
    </p>
   </div>
   <div class='ocr_carea' id='block_1_5' title="bbox 383 501 3193 575">
    <p class='ocr_par' dir='ltr' id='par_1_5' title="bbox 383 501 3193 575">
     <span class='ocr_line' id='line_1_5' title="bbox 383 501 3193 575; baseline 0 -17"><span class='ocrx_word' id='word_1_20' title='bbox 383 506 603 571; x_wconf 85' lang='lat' dir='ltr'><strong>bonum,</strong></span> <span class='ocrx_word' id='word_1_21' title='bbox 634 512 689 557; x_wconf 89' lang='lat' dir='ltr'><strong>et</strong></span> <span class='ocrx_word' id='word_1_22' title='bbox 721 501 974 571; x_wconf 73' lang='lat' dir='ltr'><strong>Spiritum</strong></span> <span class='ocrx_word' id='word_1_23' title='bbox 1021 502 1317 572; x_wconf 67' lang='lat' dir='ltr'><strong>sapientiae,</strong></span> <span class='ocrx_word' id='word_1_24' title='bbox 1342 511 1398 556; x_wconf 90' lang='lat' dir='ltr'><strong>et</strong></span> <span class='ocrx_word' id='word_1_25' title='bbox 1428 503 1690 569; x_wconf 84' lang='lat' dir='ltr'><strong>veritatis,</strong></span> <span class='ocrx_word' id='word_1_26' title='bbox 1723 513 1776 557; x_wconf 89' lang='lat' dir='ltr'><strong>et</strong></span> <span class='ocrx_word' id='word_1_27' title='bbox 1813 504 2069 572; x_wconf 87' lang='lat' dir='ltr'><strong>Spiritum</strong></span> <span class='ocrx_word' id='word_1_28' title='bbox 2103 504 2381 559; x_wconf 81' lang='lat' dir='ltr'><strong>invisibilis</strong></span> <span class='ocrx_word' id='word_1_29' title='bbox 2406 513 2459 558; x_wconf 88' lang='lat' dir='ltr'><strong>et</strong></span> <span class='ocrx_word' id='word_1_30' title='bbox 2493 504 2834 575; x_wconf 90' lang='lat' dir='ltr'><strong>incompositi</strong></span> <span class='ocrx_word' id='word_1_31' title='bbox 2869 503 2958 559; x_wconf 91' lang='lat' dir='ltr'><strong>Dei</strong></span> <span class='ocrx_word' id='word_1_32' title='bbox 2992 504 3193 559; x_wconf 87' lang='lat' dir='ltr'><strong>Patris.</strong></span> 
     </span>
    </p>
   </div>
   <div class='ocr_carea' id='block_1_6' title="bbox 455 594 1968 670">
    <p class='ocr_par' dir='ltr' id='par_1_6' title="bbox 455 594 1940 664">
     <span class='ocr_line' id='line_1_6' title="bbox 455 594 1940 664; baseline 0.003 -17"><span class='ocrx_word' id='word_1_33' title='bbox 455 594 547 649; x_wconf 79' lang='lat' dir='ltr'><strong>1X.</strong></span> <span class='ocrx_word' id='word_1_34' title='bbox 588 594 845 650; x_wconf 87' lang='lat' dir='ltr'><strong>Creatura</strong></span> <span class='ocrx_word' id='word_1_35' title='bbox 877 610 981 649; x_wconf 93' lang='lat' dir='ltr'><strong>non</strong></span> <span class='ocrx_word' id='word_1_36' title='bbox 1020 596 1216 650; x_wconf 89' lang='lat' dir='ltr'><strong>dicitur</strong></span> <span class='ocrx_word' id='word_1_37' title='bbox 1255 596 1309 649; x_wconf 92' lang='lat' dir='ltr'><strong>in</strong></span> <span class='ocrx_word' id='word_1_38' title='bbox 1363 596 1658 664; x_wconf 88' lang='lat' dir='ltr'><strong>Scripturis</strong></span> <span class='ocrx_word' id='word_1_39' title='bbox 1708 598 1940 651; x_wconf 82' lang='lat' dir='ltr'><strong>amatrix</strong></span> 
     </span>
    </p>
   </div>
   <div class='ocr_carea' id='block_1_7' title="bbox 2104 594 3584 670">
    <p class='ocr_par' dir='ltr' id='par_1_7' title="bbox 2114 597 3584 670">
     <span class='ocr_line' id='line_1_7' title="bbox 2114 597 3584 670; baseline 0.001 -19"><span class='ocrx_word' id='word_1_40' title='bbox 2114 598 2190 651; x_wconf 72' lang='lat'><strong>0&#39;.</strong></span> <span class='ocrx_word' id='word_1_41' title='bbox 2246 598 2310 651; x_wconf 85' lang='grc' dir='ltr'><strong>Ἦ</strong></span> <span class='ocrx_word' id='word_1_42' title='bbox 2360 597 2539 662; x_wconf 75' lang='grc' dir='ltr'>κτίσις</span> <span class='ocrx_word' id='word_1_43' title='bbox 2579 600 2638 651; x_wconf 77' lang='grc' dir='ltr'><strong>οὐ</strong></span> <span class='ocrx_word' id='word_1_44' title='bbox 2680 598 2986 670; x_wconf 85' lang='grc' dir='ltr'>γέγραπται</span> <span class='ocrx_word' id='word_1_45' title='bbox 3034 597 3435 667; x_wconf 77' lang='grc' dir='ltr'>φιλάνθρωποςο</span> <span class='ocrx_word' id='word_1_46' title='bbox 3472 599 3584 654; x_wconf 77' lang='grc' dir='ltr'>ἴδιον</span> 
     </span>
    </p>
   </div>
   <div class='ocr_carea' id='block_1_8' title="bbox 386 688 1943 763">
    <p class='ocr_par' dir='ltr' id='par_1_8' title="bbox 386 688 1943 763">
     <span class='ocr_line' id='line_1_8' title="bbox 386 688 1943 763; baseline 0.003 -22"><span class='ocrx_word' id='word_1_47' title='bbox 386 689 686 753; x_wconf 84' lang='lat' dir='ltr'><strong>hominum,</strong></span> <span class='ocrx_word' id='word_1_48' title='bbox 737 702 833 742; x_wconf 92' lang='lat' dir='ltr'><strong>seu</strong></span> <span class='ocrx_word' id='word_1_49' title='bbox 891 688 1119 758; x_wconf 86' lang='lat' dir='ltr'><strong>benigna</strong></span> <span class='ocrx_word' id='word_1_50' title='bbox 1174 690 1226 744; x_wconf 92' lang='lat' dir='ltr'><strong>in</strong></span> <span class='ocrx_word' id='word_1_51' title='bbox 1283 690 1573 744; x_wconf 88' lang='lat' dir='ltr'><strong>humanum</strong></span> <span class='ocrx_word' id='word_1_52' title='bbox 1610 704 1778 759; x_wconf 87' lang='lat' dir='ltr'><strong>genus</strong></span> <span class='ocrx_word' id='word_1_53' title='bbox 1834 690 1943 763; x_wconf 83' lang='lat' dir='ltr'><strong>:id</strong></span> 
     </span>
    </p>
   </div>
   <div class='ocr_carea' id='block_1_9' title="bbox 386 780 1942 850">
    <p class='ocr_par' dir='ltr' id='par_1_9' title="bbox 386 780 1942 850">
     <span class='ocr_line' id='line_1_9' title="bbox 386 780 1942 850; baseline 0.001 -15"><span class='ocrx_word' id='word_1_54' title='bbox 386 783 527 836; x_wconf 89' lang='lat' dir='ltr'><strong>enim</strong></span> <span class='ocrx_word' id='word_1_55' title='bbox 559 781 777 850; x_wconf 91' lang='lat' dir='ltr'><strong>proprio</strong></span> <span class='ocrx_word' id='word_1_56' title='bbox 809 794 970 835; x_wconf 90' lang='lat' dir='ltr'><strong>sensu</strong></span> <span class='ocrx_word' id='word_1_57' title='bbox 1024 794 1086 835; x_wconf 91' lang='lat' dir='ltr'><strong>ac</strong></span> <span class='ocrx_word' id='word_1_58' title='bbox 1121 780 1311 836; x_wconf 88' lang='lat' dir='ltr'><strong>stricto</strong></span> <span class='ocrx_word' id='word_1_59' title='bbox 1363 780 1463 834; x_wconf 84' lang='lat' dir='ltr'><strong>soli</strong></span> <span class='ocrx_word' id='word_1_60' title='bbox 1517 780 1765 834; x_wconf 89' lang='lat' dir='ltr'><strong>convenit</strong></span> <span class='ocrx_word' id='word_1_61' title='bbox 1812 796 1942 836; x_wconf 87' lang='lat' dir='ltr'><strong>con-</strong></span> 
     </span>
    </p>
   </div>
   <div class='ocr_carea' id='block_1_10' title="bbox 386 872 1942 942">
    <p class='ocr_par' dir='ltr' id='par_1_10' title="bbox 386 872 1942 942">
     <span class='ocr_line' id='line_1_10' title="bbox 386 872 1942 942; baseline -0.001 -13"><span class='ocrx_word' id='word_1_62' title='bbox 386 874 720 929; x_wconf 86' lang='lat' dir='ltr'><strong>substantiali</strong></span> <span class='ocrx_word' id='word_1_63' title='bbox 773 872 1026 927; x_wconf 87' lang='lat' dir='ltr'><strong>Trinitati</strong></span> <span class='ocrx_word' id='word_1_64' title='bbox 1079 892 1092 927; x_wconf 90' lang='lat'><strong>:</strong></span> <span class='ocrx_word' id='word_1_65' title='bbox 1152 887 1381 942; x_wconf 88' lang='lat' dir='ltr'><strong>namque</strong></span> <span class='ocrx_word' id='word_1_66' title='bbox 1424 882 1630 927; x_wconf 90' lang='lat' dir='ltr'><strong>amator</strong></span> <span class='ocrx_word' id='word_1_67' title='bbox 1668 873 1942 927; x_wconf 87' lang='lat' dir='ltr'><strong>hominum</strong></span> 
     </span>
    </p>
   </div>
   <div class='ocr_carea' id='block_1_11' title="bbox 386 965 1945 1035">
    <p class='ocr_par' dir='ltr' id='par_1_11' title="bbox 386 965 1945 1035">
     <span class='ocr_line' id='line_1_11' title="bbox 386 965 1945 1035; baseline -0.001 -13"><span class='ocrx_word' id='word_1_68' title='bbox 386 976 468 1022; x_wconf 89' lang='lat' dir='ltr'><strong>cst</strong></span> <span class='ocrx_word' id='word_1_69' title='bbox 505 967 688 1033; x_wconf 85' lang='lat' dir='ltr'><strong>Pater,</strong></span> <span class='ocrx_word' id='word_1_70' title='bbox 722 967 813 1035; x_wconf 89' lang='lat' dir='ltr'><strong>qui</strong></span> <span class='ocrx_word' id='word_1_71' title='bbox 846 983 867 1018; x_wconf 72' lang='grc' dir='ltr'><strong>ι</strong></span> <span class='ocrx_word' id='word_1_72' title='bbox 902 982 1007 1020; x_wconf 89' lang='lat' dir='ltr'><strong>non</strong></span> <span class='ocrx_word' id='word_1_73' title='bbox 1049 980 1221 1034; x_wconf 88' lang='lat' dir='ltr'><strong>usque</strong></span> <span class='ocrx_word' id='word_1_74' title='bbox 1247 966 1299 1019; x_wconf 91' lang='lat' dir='ltr'><strong>in</strong></span> <span class='ocrx_word' id='word_1_75' title='bbox 1330 966 1487 1021; x_wconf 83' lang='lat' dir='ltr'><strong>ﬁnem</strong></span> <span class='ocrx_word' id='word_1_76' title='bbox 1511 965 1622 1035; x_wconf 75' lang='grc'><strong>(46)</strong></span> <span class='ocrx_word' id='word_1_77' title='bbox 1657 966 1810 1022; x_wconf 89' lang='lat' dir='ltr'><strong>nobis</strong></span> <span class='ocrx_word' id='word_1_78' title='bbox 1838 967 1945 1021; x_wconf 92' lang='lat' dir='ltr'><strong>ira-</strong></span> 
     </span>
    </p>
   </div>
   <div class='ocr_carea' id='block_1_12' title="bbox 385 1055 1945 1127">
    <p class='ocr_par' dir='ltr' id='par_1_12' title="bbox 385 1055 1945 1127">
     <span class='ocr_line' id='line_1_12' title="bbox 385 1055 1945 1127; baseline 0.001 -17"><span class='ocrx_word' id='word_1_79' title='bbox 385 1056 579 1121; x_wconf 83' lang='lat' dir='ltr'><strong>scitur,</strong></span> <span class='ocrx_word' id='word_1_80' title='bbox 608 1071 784 1125; x_wconf 90' lang='lat' dir='ltr'><strong>neque</strong></span> <span class='ocrx_word' id='word_1_81' title='bbox 812 1056 863 1109; x_wconf 91' lang='lat' dir='ltr'><strong>in</strong></span> <span class='ocrx_word' id='word_1_82' title='bbox 891 1055 1145 1110; x_wconf 72' lang='lat' dir='ltr'><strong>sazculum</strong></span> <span class='ocrx_word' id='word_1_83' title='bbox 1189 1058 1358 1112; x_wconf 87' lang='lat' dir='ltr'><strong>iratus</strong></span> <span class='ocrx_word' id='word_1_84' title='bbox 1391 1066 1591 1122; x_wconf 89' lang='lat' dir='ltr'><strong>manet,</strong></span> <span class='ocrx_word' id='word_1_85' title='bbox 1627 1071 1803 1127; x_wconf 87' lang='lat' dir='ltr'><strong>neque</strong></span> <span class='ocrx_word' id='word_1_86' title='bbox 1846 1071 1945 1111; x_wconf 90' lang='lat' dir='ltr'><strong>no-</strong></span> 
     </span>
    </p>
   </div>
   <div class='ocr_carea' id='block_1_13' title="bbox 388 1146 1946 1219">
    <p class='ocr_par' dir='ltr' id='par_1_13' title="bbox 388 1146 1946 1219">
     <span class='ocr_line' id='line_1_13' title="bbox 388 1146 1946 1219; baseline 0.001 -17"><span class='ocrx_word' id='word_1_87' title='bbox 388 1148 469 1202; x_wconf 86' lang='lat' dir='ltr'><strong>bis</strong></span> <span class='ocrx_word' id='word_1_88' title='bbox 497 1147 629 1201; x_wconf 79' lang='lat' dir='ltr'><strong>l‘acit</strong></span> <span class='ocrx_word' id='word_1_89' title='bbox 651 1146 944 1202; x_wconf 87' lang='lat' dir='ltr'><strong>secundum</strong></span> <span class='ocrx_word' id='word_1_90' title='bbox 973 1158 1208 1215; x_wconf 92' lang='lat' dir='ltr'><strong>peccata,</strong></span> <span class='ocrx_word' id='word_1_91' title='bbox 1238 1163 1413 1214; x_wconf 88' lang='lat' dir='ltr'><strong>neque</strong></span> <span class='ocrx_word' id='word_1_92' title='bbox 1434 1150 1725 1204; x_wconf 90' lang='lat' dir='ltr'><strong>secundum</strong></span> <span class='ocrx_word' id='word_1_93' title='bbox 1751 1149 1946 1219; x_wconf 89' lang='lat' dir='ltr'><strong>iniqui-</strong></span> 
     </span>
    </p>
   </div>
   <div class='ocr_carea' id='block_1_14' title="bbox 390 1239 1947 1310">
    <p class='ocr_par' dir='ltr' id='par_1_14' title="bbox 390 1239 1947 1310">
     <span class='ocr_line' id='line_1_14' title="bbox 390 1239 1947 1310; baseline 0 -16"><span class='ocrx_word' id='word_1_94' title='bbox 390 1249 527 1295; x_wconf 83' lang='lat' dir='ltr'><strong>tates</strong></span> <span class='ocrx_word' id='word_1_95' title='bbox 578 1252 790 1294; x_wconf 89' lang='lat' dir='ltr'><strong>nostras</strong></span> <span class='ocrx_word' id='word_1_96' title='bbox 844 1239 1124 1305; x_wconf 85' lang='lat' dir='ltr'><strong>retribuit,</strong></span> <span class='ocrx_word' id='word_1_97' title='bbox 1162 1258 1182 1291; x_wconf 73' lang='grc' dir='ltr'><strong>ι</strong></span> <span class='ocrx_word' id='word_1_98' title='bbox 1231 1240 1379 1310; x_wconf 81' lang='lat' dir='ltr'><strong>juxta</strong></span> <span class='ocrx_word' id='word_1_99' title='bbox 1427 1255 1497 1296; x_wconf 86' lang='lat' dir='ltr'><strong>cn</strong></span> <span class='ocrx_word' id='word_1_100' title='bbox 1552 1240 1846 1310; x_wconf 89' lang='lat' dir='ltr'><strong>psalmum;</strong></span> <span class='ocrx_word' id='word_1_101' title='bbox 1891 1248 1947 1294; x_wconf 87' lang='lat' dir='ltr'><strong>et</strong></span> 
     </span>
    </p>
   </div>
   <div class='ocr_carea' id='block_1_15' title="bbox 381 1330 1945 1401">
    <p class='ocr_par' dir='ltr' id='par_1_15' title="bbox 381 1330 1945 1401">
     <span class='ocr_line' id='line_1_15' title="bbox 381 1330 1945 1401; baseline 0.002 -17"><span class='ocrx_word' id='word_1_102' title='bbox 381 1332 534 1401; x_wconf 81' lang='lat' dir='ltr'><strong>juxta</strong></span> <span class='ocrx_word' id='word_1_103' title='bbox 571 1330 911 1384; x_wconf 86' lang='lat' dir='ltr'><strong>Salomonem</strong></span> <span class='ocrx_word' id='word_1_104' title='bbox 945 1330 1082 1401; x_wconf 69' lang='grc'><strong>(47),</strong></span> <span class='ocrx_word' id='word_1_105' title='bbox 1118 1332 1208 1401; x_wconf 85' lang='lat' dir='ltr'><strong>qui</strong></span> <span class='ocrx_word' id='word_1_106' title='bbox 1241 1330 1315 1385; x_wconf 86' lang='lat' dir='ltr'><strong>ait</strong></span> <span class='ocrx_word' id='word_1_107' title='bbox 1346 1353 1357 1387; x_wconf 90' lang='lat'>:</span> <span class='ocrx_word' id='word_1_108' title='bbox 1404 1350 1424 1384; x_wconf 77' lang='grc' dir='ltr'><strong>ι</strong></span> <span class='ocrx_word' id='word_1_109' title='bbox 1463 1331 1644 1388; x_wconf 89' lang='lat' dir='ltr'><strong>Parcis</strong></span> <span class='ocrx_word' id='word_1_110' title='bbox 1689 1332 1801 1401; x_wconf 75' lang='grc'><strong>(48)</strong></span> <span class='ocrx_word' id='word_1_111' title='bbox 1848 1346 1945 1387; x_wconf 88' lang='lat' dir='ltr'><strong>au-</strong></span> 
     </span>
    </p>
   </div>
   <div class='ocr_carea' id='block_1_16' title="bbox 388 1420 1949 1490">
    <p class='ocr_par' dir='ltr' id='par_1_16' title="bbox 388 1420 1949 1490">
     <span class='ocr_line' id='line_1_16' title="bbox 388 1420 1949 1490; baseline 0.003 -16"><span class='ocrx_word' id='word_1_112' title='bbox 388 1430 495 1475; x_wconf 89' lang='lat' dir='ltr'><strong>tem</strong></span> <span class='ocrx_word' id='word_1_113' title='bbox 524 1420 792 1487; x_wconf 88' lang='lat' dir='ltr'><strong>omnibus,</strong></span> <span class='ocrx_word' id='word_1_114' title='bbox 827 1421 951 1490; x_wconf 92' lang='lat' dir='ltr'><strong>quia</strong></span> <span class='ocrx_word' id='word_1_115' title='bbox 975 1424 1153 1477; x_wconf 88' lang='lat' dir='ltr'><strong>omnia</strong></span> <span class='ocrx_word' id='word_1_116' title='bbox 1185 1431 1274 1477; x_wconf 88' lang='lat' dir='ltr'><strong>tua</strong></span> <span class='ocrx_word' id='word_1_117' title='bbox 1304 1433 1446 1490; x_wconf 90' lang='lat' dir='ltr'><strong>sunt,</strong></span> <span class='ocrx_word' id='word_1_118' title='bbox 1486 1424 1708 1479; x_wconf 86' lang='lat' dir='ltr'><strong>Domine</strong></span> <span class='ocrx_word' id='word_1_119' title='bbox 1739 1432 1949 1479; x_wconf 81' lang='lat' dir='ltr'><strong>amator</strong></span> 
     </span>
    </p>
   </div>
   <div class='ocr_carea' id='block_1_17' title="bbox 388 1513 1947 1585">
    <p class='ocr_par' dir='ltr' id='par_1_17' title="bbox 388 1513 1947 1585">
     <span class='ocr_line' id='line_1_17' title="bbox 388 1513 1947 1585; baseline 0.005 -21"><span class='ocrx_word' id='word_1_120' title='bbox 388 1513 707 1579; x_wconf 80' lang='lat' dir='ltr'><strong>animarum,</strong></span> <span class='ocrx_word' id='word_1_121' title='bbox 740 1532 759 1567; x_wconf 71' lang='grc' dir='ltr'><strong>ι</strong></span> <span class='ocrx_word' id='word_1_122' title='bbox 797 1525 854 1567; x_wconf 85' lang='grc' dir='ltr'><strong>ιιι</strong></span> <span class='ocrx_word' id='word_1_123' title='bbox 875 1516 1073 1570; x_wconf 92' lang='lat' dir='ltr'><strong>dictum</strong></span> <span class='ocrx_word' id='word_1_124' title='bbox 1103 1525 1185 1570; x_wconf 90' lang='lat' dir='ltr'><strong>est</strong></span> <span class='ocrx_word' id='word_1_125' title='bbox 1212 1514 1323 1585; x_wconf 68' lang='lat'><strong>(49)</strong></span> <span class='ocrx_word' id='word_1_126' title='bbox 1354 1533 1368 1570; x_wconf 90' lang='lat'><strong>:</strong></span> <span class='ocrx_word' id='word_1_127' title='bbox 1400 1518 1534 1572; x_wconf 91' lang='lat' dir='ltr'><strong>adeo</strong></span> <span class='ocrx_word' id='word_1_128' title='bbox 1562 1526 1620 1572; x_wconf 90' lang='lat' dir='ltr'><strong>ut</strong></span> <span class='ocrx_word' id='word_1_129' title='bbox 1656 1519 1758 1573; x_wconf 88' lang='lat' dir='ltr'><strong>hac</strong></span> <span class='ocrx_word' id='word_1_130' title='bbox 1785 1518 1947 1575; x_wconf 90' lang='lat' dir='ltr'><strong>etiam</strong></span> 
     </span>
    </p>
   </div>
   <div class='ocr_carea' id='block_1_18' title="bbox 388 1605 1945 1679">
    <p class='ocr_par' dir='ltr' id='par_1_18' title="bbox 388 1605 1945 1679">
     <span class='ocr_line' id='line_1_18' title="bbox 388 1605 1945 1679; baseline 0.004 -22"><span class='ocrx_word' id='word_1_131' title='bbox 388 1605 455 1659; x_wconf 88' lang='lat' dir='ltr'><strong>de</strong></span> <span class='ocrx_word' id='word_1_132' title='bbox 482 1619 644 1660; x_wconf 90' lang='lat' dir='ltr'><strong>causa</strong></span> <span class='ocrx_word' id='word_1_133' title='bbox 677 1615 860 1662; x_wconf 89' lang='lat' dir='ltr'><strong>noster</strong></span> <span class='ocrx_word' id='word_1_134' title='bbox 901 1617 955 1662; x_wconf 89' lang='lat' dir='ltr'><strong>et</strong></span> <span class='ocrx_word' id='word_1_135' title='bbox 997 1607 1259 1663; x_wconf 90' lang='lat' dir='ltr'><strong>Dominus</strong></span> <span class='ocrx_word' id='word_1_136' title='bbox 1317 1618 1372 1663; x_wconf 91' lang='lat' dir='ltr'><strong>et</strong></span> <span class='ocrx_word' id='word_1_137' title='bbox 1399 1609 1559 1664; x_wconf 88' lang='lat' dir='ltr'><strong>Pater</strong></span> <span class='ocrx_word' id='word_1_138' title='bbox 1590 1619 1945 1679; x_wconf 89' lang='lat' dir='ltr'><strong>nuncupetur,</strong></span> 
     </span>
    </p>
   </div>
   <div class='ocr_carea' id='block_1_19' title="bbox 389 1697 1950 1770">
    <p class='ocr_par' dir='ltr' id='par_1_19' title="bbox 389 1697 1950 1770">
     <span class='ocr_line' id='line_1_19' title="bbox 389 1697 1950 1770; baseline 0.004 -21"><span class='ocrx_word' id='word_1_139' title='bbox 389 1697 531 1765; x_wconf 90' lang='lat' dir='ltr'><strong>quod</strong></span> <span class='ocrx_word' id='word_1_140' title='bbox 559 1708 781 1767; x_wconf 86' lang='lat' dir='ltr'><strong>paterna</strong></span> <span class='ocrx_word' id='word_1_141' title='bbox 816 1699 932 1768; x_wconf 84' lang='lat' dir='ltr'><strong>ejus</strong></span> <span class='ocrx_word' id='word_1_142' title='bbox 979 1714 1130 1765; x_wconf 91' lang='lat' dir='ltr'><strong>cura,</strong></span> <span class='ocrx_word' id='word_1_143' title='bbox 1180 1716 1245 1756; x_wconf 91' lang='lat' dir='ltr'><strong>ac</strong></span> <span class='ocrx_word' id='word_1_144' title='bbox 1286 1700 1592 1756; x_wconf 89' lang='lat' dir='ltr'><strong>sollicitudo</strong></span> <span class='ocrx_word' id='word_1_145' title='bbox 1637 1701 1689 1755; x_wconf 88' lang='lat' dir='ltr'><strong>vi</strong></span> <span class='ocrx_word' id='word_1_146' title='bbox 1750 1717 1813 1757; x_wconf 91' lang='lat' dir='ltr'><strong>ac</strong></span> <span class='ocrx_word' id='word_1_147' title='bbox 1855 1715 1950 1770; x_wconf 90' lang='lat' dir='ltr'><strong>po-</strong></span> 
     </span>
    </p>
   </div>
   <div class='ocr_carea' id='block_1_20' title="bbox 392 1789 1949 1859">
    <p class='ocr_par' dir='ltr' id='par_1_20' title="bbox 392 1789 1949 1859">
     <span class='ocr_line' id='line_1_20' title="bbox 392 1789 1949 1859; baseline 0.006 -19"><span class='ocrx_word' id='word_1_148' title='bbox 392 1789 558 1842; x_wconf 86' lang='lat' dir='ltr'><strong>tentia</strong></span> <span class='ocrx_word' id='word_1_149' title='bbox 595 1798 938 1859; x_wconf 87' lang='lat' dir='ltr'><strong>temperetur.</strong></span> <span class='ocrx_word' id='word_1_150' title='bbox 979 1790 1075 1846; x_wconf 90' lang='lat' dir='ltr'><strong>Dei</strong></span> <span class='ocrx_word' id='word_1_151' title='bbox 1102 1793 1244 1845; x_wconf 91' lang='lat' dir='ltr'><strong>enim</strong></span> <span class='ocrx_word' id='word_1_152' title='bbox 1276 1792 1419 1847; x_wconf 90' lang='lat' dir='ltr'><strong>nulla</strong></span> <span class='ocrx_word' id='word_1_153' title='bbox 1467 1801 1551 1847; x_wconf 89' lang='lat' dir='ltr'><strong>est</strong></span> <span class='ocrx_word' id='word_1_154' title='bbox 1587 1794 1949 1849; x_wconf 88' lang='lat' dir='ltr'><strong>denominatio</strong></span> 
     </span>
    </p>
   </div>
   <div class='ocr_carea' id='block_1_21' title="bbox 392 1881 1948 1951">
    <p class='ocr_par' dir='ltr' id='par_1_21' title="bbox 392 1881 1948 1951">
     <span class='ocr_line' id='line_1_21' title="bbox 392 1881 1948 1951; baseline 0.004 -19"><span class='ocrx_word' id='word_1_155' title='bbox 392 1881 563 1949; x_wconf 88' lang='lat' dir='ltr'><strong>magis</strong></span> <span class='ocrx_word' id='word_1_156' title='bbox 590 1882 823 1949; x_wconf 88' lang='lat' dir='ltr'><strong>propria,</strong></span> <span class='ocrx_word' id='word_1_157' title='bbox 871 1897 1032 1951; x_wconf 87' lang='lat' dir='ltr'><strong>quam</strong></span> <span class='ocrx_word' id='word_1_158' title='bbox 1073 1886 1434 1940; x_wconf 91' lang='lat' dir='ltr'><strong>denominatio</strong></span> <span class='ocrx_word' id='word_1_159' title='bbox 1469 1884 1664 1949; x_wconf 87' lang='lat' dir='ltr'><strong>Patris,</strong></span> <span class='ocrx_word' id='word_1_160' title='bbox 1709 1895 1764 1940; x_wconf 91' lang='lat' dir='ltr'><strong>et</strong></span> <span class='ocrx_word' id='word_1_161' title='bbox 1796 1900 1948 1939; x_wconf 91' lang='lat' dir='ltr'><strong>ama-</strong></span> 
     </span>
    </p>
   </div>
   <div class='ocr_carea' id='block_1_22' title="bbox 2055 689 3580 762">
    <p class='ocr_par' dir='ltr' id='par_1_22' title="bbox 2055 689 3580 762">
     <span class='ocr_line' id='line_1_22' title="bbox 2055 689 3580 762; baseline 0.002 -20"><span class='ocrx_word' id='word_1_162' title='bbox 2055 691 2164 762; x_wconf 86' lang='grc' dir='ltr'>γὰρ</span> <span class='ocrx_word' id='word_1_163' title='bbox 2211 691 2368 743; x_wconf 84' lang='grc' dir='ltr'>τοῦτο</span> <span class='ocrx_word' id='word_1_164' title='bbox 2418 690 2618 761; x_wconf 83' lang='grc' dir='ltr'><strong>κυρίως</strong></span> <span class='ocrx_word' id='word_1_165' title='bbox 2674 690 2840 761; x_wconf 84' lang='grc' dir='ltr'>μόνης</span> <span class='ocrx_word' id='word_1_166' title='bbox 2889 691 2985 761; x_wconf 76' lang='grc' dir='ltr'>τῆς</span> <span class='ocrx_word' id='word_1_167' title='bbox 3030 689 3314 758; x_wconf 85' lang='grc' dir='ltr'>ὁμοουσίου</span> <span class='ocrx_word' id='word_1_168' title='bbox 3357 690 3580 760; x_wconf 78' lang='grc' dir='ltr'>Τριάδος.</span> 
     </span>
    </p>
   </div>
   <div class='ocr_carea' id='block_1_23' title="bbox 2043 780 3583 854">
    <p class='ocr_par' dir='ltr' id='par_1_23' title="bbox 2043 780 3583 854">
     <span class='ocr_line' id='line_1_23' title="bbox 2043 780 3583 854; baseline 0.001 -20"><span class='ocrx_word' id='word_1_169' title='bbox 2043 782 2424 854; x_wconf 81' lang='grc' dir='ltr'>Φιλάνθρωπος</span> <span class='ocrx_word' id='word_1_170' title='bbox 2463 782 2569 853; x_wconf 83' lang='grc' dir='ltr'>γὰρ</span> <span class='ocrx_word' id='word_1_171' title='bbox 2614 782 2642 834; x_wconf 87' lang='grc' dir='ltr'>ὁ</span> <span class='ocrx_word' id='word_1_172' title='bbox 2680 782 2871 852; x_wconf 80' lang='grc' dir='ltr'>Πατὴρ</span> <span class='ocrx_word' id='word_1_173' title='bbox 2918 799 2935 831; x_wconf 75' lang='grc' dir='ltr'><strong>ι</strong></span> <span class='ocrx_word' id='word_1_174' title='bbox 2968 780 3064 851; x_wconf 70' lang='grc' dir='ltr'><strong>οὐχ</strong></span> <span class='ocrx_word' id='word_1_175' title='bbox 3109 780 3214 845; x_wconf 79' lang='grc' dir='ltr'>ἓως</span> <span class='ocrx_word' id='word_1_176' title='bbox 3250 780 3431 843; x_wconf 78' lang='grc' dir='ltr'><strong>τέλους</strong></span> <span class='ocrx_word' id='word_1_177' title='bbox 3472 783 3583 851; x_wconf 73' lang='grc' dir='ltr'>ἡμῖν</span> 
     </span>
    </p>
   </div>
   <div class='ocr_carea' id='block_1_24' title="bbox 2044 872 3585 945">
    <p class='ocr_par' dir='ltr' id='par_1_24' title="bbox 2044 872 3585 945">
     <span class='ocr_line' id='line_1_24' title="bbox 2044 872 3585 945; baseline 0.001 -20"><span class='ocrx_word' id='word_1_178' title='bbox 2044 874 2416 945; x_wconf 81' lang='grc' dir='ltr'>ὀργιζόμενος,</span> <span class='ocrx_word' id='word_1_179' title='bbox 2448 872 2557 926; x_wconf 75' lang='grc' dir='ltr'>οὐδ’</span> <span class='ocrx_word' id='word_1_180' title='bbox 2591 874 2669 937; x_wconf 82' lang='grc' dir='ltr'>εἰς</span> <span class='ocrx_word' id='word_1_181' title='bbox 2704 873 2794 925; x_wconf 80' lang='grc' dir='ltr'><strong>τὸν</strong></span> <span class='ocrx_word' id='word_1_182' title='bbox 2824 873 2994 926; x_wconf 80' lang='grc' dir='ltr'>αἰῶνα</span> <span class='ocrx_word' id='word_1_183' title='bbox 3030 872 3257 943; x_wconf 84' lang='grc' dir='ltr'><strong>μηνίων,</strong></span> <span class='ocrx_word' id='word_1_184' title='bbox 3289 872 3408 925; x_wconf 80' lang='grc' dir='ltr'>οὐδὲ</span> <span class='ocrx_word' id='word_1_185' title='bbox 3438 873 3585 927; x_wconf 78' lang='grc' dir='ltr'>ποιῶν</span> 
     </span>
    </p>
   </div>
   <div class='ocr_carea' id='block_1_25' title="bbox 2043 964 3585 1038">
    <p class='ocr_par' dir='ltr' id='par_1_25' title="bbox 2043 964 3585 1038">
     <span class='ocr_line' id='line_1_25' title="bbox 2043 964 3585 1038; baseline 0 -20"><span class='ocrx_word' id='word_1_186' title='bbox 2043 969 2174 1037; x_wconf 76' lang='grc' dir='ltr'>ἡμῖν</span> <span class='ocrx_word' id='word_1_187' title='bbox 2221 965 2357 1038; x_wconf 84' lang='grc' dir='ltr'>πρὸς</span> <span class='ocrx_word' id='word_1_188' title='bbox 2407 964 2506 1028; x_wconf 76' lang='grc' dir='ltr'><strong>τὰς</strong></span> <span class='ocrx_word' id='word_1_189' title='bbox 2553 965 2846 1037; x_wconf 79' lang='grc' dir='ltr'>ἁμαρτίας,</span> <span class='ocrx_word' id='word_1_190' title='bbox 2900 965 3019 1019; x_wconf 77' lang='grc' dir='ltr'>οὐδὲ</span> <span class='ocrx_word' id='word_1_191' title='bbox 3062 964 3199 1017; x_wconf 86' lang='grc' dir='ltr'>κατὰ</span> <span class='ocrx_word' id='word_1_192' title='bbox 3237 964 3333 1027; x_wconf 82' lang='grc' dir='ltr'><strong>τὰς</strong></span> <span class='ocrx_word' id='word_1_193' title='bbox 3380 967 3585 1036; x_wconf 78' lang='grc' dir='ltr'><strong>ἀνομίας</strong></span> 
     </span>
    </p>
   </div>
   <div class='ocr_carea' id='block_1_26' title="bbox 2046 1056 3586 1129">
    <p class='ocr_par' dir='ltr' id='par_1_26' title="bbox 2046 1056 3586 1129">
     <span class='ocr_line' id='line_1_26' title="bbox 2046 1056 3586 1129; baseline 0 -20"><span class='ocrx_word' id='word_1_194' title='bbox 2046 1058 2199 1129; x_wconf 83' lang='grc' dir='ltr'>ἡμῶν</span> <span class='ocrx_word' id='word_1_195' title='bbox 2233 1056 2633 1121; x_wconf 75' lang='grc' dir='ltr'>ἀνταποδιδοὺς,</span> <span class='ocrx_word' id='word_1_196' title='bbox 2675 1074 2694 1107; x_wconf 72' lang='grc' dir='ltr'><strong>ι</strong></span> <span class='ocrx_word' id='word_1_197' title='bbox 2734 1058 2873 1109; x_wconf 72' lang='grc' dir='ltr'>κατὰ</span> <span class='ocrx_word' id='word_1_198' title='bbox 2904 1057 2993 1109; x_wconf 82' lang='grc' dir='ltr'><strong>τὸν</strong></span> <span class='ocrx_word' id='word_1_199' title='bbox 3024 1057 3103 1128; x_wconf 77' lang='grc' dir='ltr'><strong>ρβ¹</strong></span> <span class='ocrx_word' id='word_1_200' title='bbox 3127 1056 3340 1126; x_wconf 78' lang='grc' dir='ltr'>ψαλμόν</span> <span class='ocrx_word' id='word_1_201' title='bbox 3362 1073 3376 1086; x_wconf 87' lang='grc'><strong>·</strong></span> <span class='ocrx_word' id='word_1_202' title='bbox 3412 1058 3500 1109; x_wconf 73' lang='grc' dir='ltr'><strong>καὶ</strong></span> <span class='ocrx_word' id='word_1_203' title='bbox 3523 1057 3586 1122; x_wconf 85' lang='grc' dir='ltr'>ὡς</span> 
     </span>
    </p>
   </div>
   <div class='ocr_carea' id='block_1_27' title="bbox 2046 1147 3587 1219">
    <p class='ocr_par' dir='ltr' id='par_1_27' title="bbox 2046 1147 3587 1219">
     <span class='ocr_line' id='line_1_27' title="bbox 2046 1147 3587 1219; baseline 0.001 -19"><span class='ocrx_word' id='word_1_204' title='bbox 2046 1147 2294 1219; x_wconf 87' lang='grc' dir='ltr'>Σολομὼν</span> <span class='ocrx_word' id='word_1_205' title='bbox 2330 1148 2510 1217; x_wconf 86' lang='grc' dir='ltr'>λέγει·</span> <span class='ocrx_word' id='word_1_206' title='bbox 2560 1166 2578 1200; x_wconf 72' lang='grc' dir='ltr'>ί</span> <span class='ocrx_word' id='word_1_207' title='bbox 2614 1147 2769 1219; x_wconf 84' lang='grc' dir='ltr'>Φείδῃ</span> <span class='ocrx_word' id='word_1_208' title='bbox 2805 1147 2861 1201; x_wconf 82' lang='grc' dir='ltr'><strong>δὲ</strong></span> <span class='ocrx_word' id='word_1_209' title='bbox 2907 1149 3145 1211; x_wconf 83' lang='grc' dir='ltr'>πάντων,</span> <span class='ocrx_word' id='word_1_210' title='bbox 3192 1149 3271 1200; x_wconf 80' lang='grc' dir='ltr'>ὅτι</span> <span class='ocrx_word' id='word_1_211' title='bbox 3317 1150 3489 1201; x_wconf 81' lang='grc' dir='ltr'>πάντα</span> <span class='ocrx_word' id='word_1_212' title='bbox 3529 1149 3587 1201; x_wconf 77' lang='grc' dir='ltr'>σά</span> 
     </span>
    </p>
   </div>
   <div class='ocr_carea' id='block_1_28' title="bbox 2045 1235 3585 1308">
    <p class='ocr_par' dir='ltr' id='par_1_28' title="bbox 2045 1235 3585 1308">
     <span class='ocr_line' id='line_1_28' title="bbox 2045 1235 3585 1308; baseline 0.001 -18"><span class='ocrx_word' id='word_1_213' title='bbox 2045 1240 2181 1302; x_wconf 80' lang='grc' dir='ltr'>ἐστι,</span> <span class='ocrx_word' id='word_1_214' title='bbox 2234 1240 2477 1292; x_wconf 79' lang='grc' dir='ltr'><strong>Δέσποτα</strong></span> <span class='ocrx_word' id='word_1_215' title='bbox 2505 1236 2784 1308; x_wconf 71' lang='grc' dir='ltr'>φιλόψυχε,</span> <span class='ocrx_word' id='word_1_216' title='bbox 2821 1257 2839 1288; x_wconf 83' lang='grc'><strong>›</strong></span> <span class='ocrx_word' id='word_1_217' title='bbox 2869 1235 3013 1289; x_wconf 73' lang='grc' dir='ltr'>καθὰ</span> <span class='ocrx_word' id='word_1_218' title='bbox 3034 1238 3276 1308; x_wconf 75' lang='grc' dir='ltr'>εἴρηται·</span> <span class='ocrx_word' id='word_1_219' title='bbox 3301 1236 3379 1299; x_wconf 82' lang='grc' dir='ltr'>ὡς</span> <span class='ocrx_word' id='word_1_220' title='bbox 3408 1238 3495 1289; x_wconf 76' lang='grc' dir='ltr'><strong>καὶ</strong></span> <span class='ocrx_word' id='word_1_221' title='bbox 3510 1237 3585 1291; x_wconf 71' lang='grc' dir='ltr'><strong>διὰ</strong></span> 
     </span>
    </p>
   </div>
   <div class='ocr_carea' id='block_1_29' title="bbox 2045 1328 3584 1401">
    <p class='ocr_par' dir='ltr' id='par_1_29' title="bbox 2045 1328 3584 1401">
     <span class='ocr_line' id='line_1_29' title="bbox 2045 1328 3584 1401; baseline -0.004 -16"><span class='ocrx_word' id='word_1_222' title='bbox 2045 1330 2217 1385; x_wconf 86' lang='grc' dir='ltr'>ταῦτα</span> <span class='ocrx_word' id='word_1_223' title='bbox 2262 1330 2542 1385; x_wconf 85' lang='grc' dir='ltr'>καλεῖσθαι</span> <span class='ocrx_word' id='word_1_224' title='bbox 2584 1330 2741 1401; x_wconf 83' lang='grc' dir='ltr'>ἡμῶν</span> <span class='ocrx_word' id='word_1_225' title='bbox 2789 1328 3065 1400; x_wconf 80' lang='grc' dir='ltr'>Δεσπότην</span> <span class='ocrx_word' id='word_1_226' title='bbox 3116 1346 3175 1380; x_wconf 80' lang='grc' dir='ltr'><strong>τε</strong></span> <span class='ocrx_word' id='word_1_227' title='bbox 3225 1330 3320 1381; x_wconf 67' lang='grc' dir='ltr'><strong>καὶ</strong></span> <span class='ocrx_word' id='word_1_228' title='bbox 3366 1329 3584 1399; x_wconf 83' lang='grc' dir='ltr'>Πατέρα,</span> 
     </span>
    </p>
   </div>
   <div class='ocr_carea' id='block_1_30' title="bbox 2046 1421 3585 1494">
    <p class='ocr_par' dir='ltr' id='par_1_30' title="bbox 2046 1421 3585 1494">
     <span class='ocr_line' id='line_1_30' title="bbox 2046 1421 3585 1494; baseline -0.002 -18"><span class='ocrx_word' id='word_1_229' title='bbox 2046 1424 2143 1493; x_wconf 83' lang='grc' dir='ltr'>τῆς</span> <span class='ocrx_word' id='word_1_230' title='bbox 2181 1422 2503 1494; x_wconf 78' lang='grc' dir='ltr'><strong>κηδεμονίας</strong></span> <span class='ocrx_word' id='word_1_231' title='bbox 2537 1421 2701 1475; x_wconf 78' lang='grc' dir='ltr'>αὑτοῦ</span> <span class='ocrx_word' id='word_1_232' title='bbox 2746 1424 2810 1493; x_wconf 84' lang='grc' dir='ltr'>τῇ</span> <span class='ocrx_word' id='word_1_233' title='bbox 2844 1422 3066 1492; x_wconf 80' lang='grc' dir='ltr'>δυνάμει</span> <span class='ocrx_word' id='word_1_234' title='bbox 3100 1421 3462 1493; x_wconf 77' lang='grc' dir='ltr'><strong>κεκραμένης.</strong></span> <span class='ocrx_word' id='word_1_235' title='bbox 3509 1422 3585 1493; x_wconf 80' lang='grc' dir='ltr'><strong>Τῷ</strong></span> 
     </span>
    </p>
   </div>
   <div class='ocr_carea' id='block_1_31' title="bbox 2046 1512 3583 1588">
    <p class='ocr_par' dir='ltr' id='par_1_31' title="bbox 2046 1512 3583 1588">
     <span class='ocr_line' id='line_1_31' title="bbox 2046 1512 3583 1588; baseline -0.001 -22"><span class='ocrx_word' id='word_1_236' title='bbox 2046 1514 2163 1585; x_wconf 82' lang='grc' dir='ltr'>Θεῷ</span> <span class='ocrx_word' id='word_1_237' title='bbox 2186 1514 2292 1588; x_wconf 79' lang='grc' dir='ltr'>γὰρ</span> <span class='ocrx_word' id='word_1_238' title='bbox 2324 1515 2423 1567; x_wconf 76' lang='grc' dir='ltr'>οὐκ</span> <span class='ocrx_word' id='word_1_239' title='bbox 2449 1513 2562 1567; x_wconf 74' lang='grc' dir='ltr'>ἔστι</span> <span class='ocrx_word' id='word_1_240' title='bbox 2603 1514 2904 1585; x_wconf 84' lang='grc' dir='ltr'><strong>πρόσρησις</strong></span> <span class='ocrx_word' id='word_1_241' title='bbox 2922 1513 3225 1584; x_wconf 77' lang='grc' dir='ltr'>οἰκειοτέρα</span> <span class='ocrx_word' id='word_1_242' title='bbox 3251 1514 3350 1583; x_wconf 81' lang='grc' dir='ltr'><strong>τῆς</strong></span> <span class='ocrx_word' id='word_1_243' title='bbox 3375 1512 3583 1582; x_wconf 81' lang='grc' dir='ltr'>Πατρὺς,</span> 
     </span>
    </p>
   </div>
   <div class='ocr_carea' id='block_1_32' title="bbox 2048 1604 3583 1677">
    <p class='ocr_par' dir='ltr' id='par_1_32' title="bbox 2048 1604 3583 1677">
     <span class='ocr_line' id='line_1_32' title="bbox 2048 1604 3583 1677; baseline -0.003 -17"><span class='ocrx_word' id='word_1_244' title='bbox 2048 1606 2141 1660; x_wconf 72' lang='grc' dir='ltr'><strong>καὶ</strong></span> <span class='ocrx_word' id='word_1_245' title='bbox 2168 1605 2565 1677; x_wconf 82' lang='grc' dir='ltr'>φιλανθρώπου,</span> <span class='ocrx_word' id='word_1_246' title='bbox 2588 1606 2680 1658; x_wconf 75' lang='grc' dir='ltr'>καὶ</span> <span class='ocrx_word' id='word_1_247' title='bbox 2712 1605 2938 1674; x_wconf 81' lang='grc' dir='ltr'>ἀγαθοῦ,</span> <span class='ocrx_word' id='word_1_248' title='bbox 2964 1606 3058 1660; x_wconf 72' lang='grc' dir='ltr'>καὶ</span> <span class='ocrx_word' id='word_1_249' title='bbox 3090 1607 3265 1674; x_wconf 85' lang='grc' dir='ltr'>ἁγίου.</span> <span class='ocrx_word' id='word_1_250' title='bbox 3295 1604 3583 1674; x_wconf 79' lang='grc' dir='ltr'>Φιλὰνθρω-</span> 
     </span>
    </p>
   </div>
   <div class='ocr_carea' id='block_1_33' title="bbox 2050 1695 3587 1769">
    <p class='ocr_par' dir='ltr' id='par_1_33' title="bbox 2050 1695 3587 1769">
     <span class='ocr_line' id='line_1_33' title="bbox 2050 1695 3587 1769; baseline 0 -20"><span class='ocrx_word' id='word_1_251' title='bbox 2050 1714 2148 1759; x_wconf 86' lang='grc' dir='ltr'><strong>πος</strong></span> <span class='ocrx_word' id='word_1_252' title='bbox 2180 1699 2208 1750; x_wconf 84' lang='grc' dir='ltr'>ὁ</span> <span class='ocrx_word' id='word_1_253' title='bbox 2264 1697 2410 1760; x_wconf 81' lang='grc' dir='ltr'>Υἱὸς,</span> <span class='ocrx_word' id='word_1_254' title='bbox 2440 1698 2498 1760; x_wconf 86' lang='grc' dir='ltr'>ὃς</span> <span class='ocrx_word' id='word_1_255' title='bbox 2543 1713 2606 1766; x_wconf 86' lang='grc' dir='ltr'><strong>γε</strong></span> <span class='ocrx_word' id='word_1_256' title='bbox 2639 1697 2704 1749; x_wconf 84' lang='grc' dir='ltr'>δι’</span> <span class='ocrx_word' id='word_1_257' title='bbox 2748 1698 2914 1767; x_wconf 82' lang='grc' dir='ltr'>ἡμᾶς,</span> <span class='ocrx_word' id='word_1_258' title='bbox 2956 1697 3023 1751; x_wconf 76' lang='grc' dir='ltr'><strong>τὰ</strong></span> <span class='ocrx_word' id='word_1_259' title='bbox 3061 1697 3197 1769; x_wconf 81' lang='grc' dir='ltr'>ἔργα</span> <span class='ocrx_word' id='word_1_260' title='bbox 3240 1695 3351 1750; x_wconf 83' lang='grc' dir='ltr'>τῶν</span> <span class='ocrx_word' id='word_1_261' title='bbox 3401 1695 3587 1749; x_wconf 78' lang='grc' dir='ltr'>σεπτῶν</span> 
     </span>
    </p>
   </div>
   <div class='ocr_carea' id='block_1_34' title="bbox 2049 1785 3586 1859">
    <p class='ocr_par' dir='ltr' id='par_1_34' title="bbox 2049 1785 3586 1859">
     <span class='ocr_line' id='line_1_34' title="bbox 2049 1785 3586 1859; baseline -0.002 -18"><span class='ocrx_word' id='word_1_262' title='bbox 2049 1786 2211 1841; x_wconf 77' lang='grc' dir='ltr'>αὐτοῦ</span> <span class='ocrx_word' id='word_1_263' title='bbox 2246 1789 2338 1841; x_wconf 76' lang='grc' dir='ltr'><strong>καὶ</strong></span> <span class='ocrx_word' id='word_1_264' title='bbox 2350 1786 2551 1859; x_wconf 81' lang='grc' dir='ltr'>νοητῶν</span> <span class='ocrx_word' id='word_1_265' title='bbox 2571 1788 2787 1859; x_wconf 84' lang='grc' dir='ltr'>χειρῶν,</span> <span class='ocrx_word' id='word_1_266' title='bbox 2810 1806 2828 1838; x_wconf 77' lang='grc' dir='ltr'><strong>ι</strong></span> <span class='ocrx_word' id='word_1_267' title='bbox 2861 1785 3049 1840; x_wconf 77' lang='grc' dir='ltr'>ὲαῦτδν</span> <span class='ocrx_word' id='word_1_268' title='bbox 3076 1788 3310 1841; x_wconf 82' lang='grc' dir='ltr'>ὲκένωσε</span> <span class='ocrx_word' id='word_1_269' title='bbox 3331 1829 3347 1853; x_wconf 87' lang='grc'><strong>,</strong></span> <span class='ocrx_word' id='word_1_270' title='bbox 3400 1785 3586 1858; x_wconf 80' lang='grc' dir='ltr'>μορφὴν</span> 
     </span>
    </p>
   </div>
   <div class='ocr_carea' id='block_1_35' title="bbox 2048 1876 3587 1952">
    <p class='ocr_par' dir='ltr' id='par_1_35' title="bbox 2048 1876 3587 1952">
     <span class='ocr_line' id='line_1_35' title="bbox 2048 1876 3587 1952; baseline -0.002 -20"><span class='ocrx_word' id='word_1_271' title='bbox 2048 1879 2232 1933; x_wconf 80' lang='grc' dir='ltr'>δούλου</span> <span class='ocrx_word' id='word_1_272' title='bbox 2254 1880 2430 1934; x_wconf 81' lang='grc' dir='ltr'>λαϐὼν</span> <span class='ocrx_word' id='word_1_273' title='bbox 2466 1899 2485 1932; x_wconf 76' lang='grc' dir='ltr'><strong>ι</strong></span> <span class='ocrx_word' id='word_1_274' title='bbox 2511 1924 2525 1949; x_wconf 89' lang='grc'><strong>,</strong></span> <span class='ocrx_word' id='word_1_275' title='bbox 2558 1881 2699 1935; x_wconf 82' lang='grc' dir='ltr'>καθὰ</span> <span class='ocrx_word' id='word_1_276' title='bbox 2729 1882 2873 1952; x_wconf 83' lang='grc' dir='ltr'>Τίτῳ</span> <span class='ocrx_word' id='word_1_277' title='bbox 2930 1879 3129 1952; x_wconf 88' lang='grc' dir='ltr'>γράφει</span> <span class='ocrx_word' id='word_1_278' title='bbox 3172 1880 3201 1932; x_wconf 82' lang='grc' dir='ltr'>ὁ</span> <span class='ocrx_word' id='word_1_279' title='bbox 3261 1876 3587 1938; x_wconf 74' lang='grc' dir='ltr'>Ἀπόστολοςο</span> 
     </span>
    </p>
   </div>
   <div class='ocr_carea' id='block_1_36' title="bbox 394 1952 1968 2052">
    <p class='ocr_par' dir='ltr' id='par_1_36' title="bbox 394 1968 1949 2035">
     <span class='ocr_line' id='line_1_36' title="bbox 394 1968 1949 2035; baseline 0.003 -14"><span class='ocrx_word' id='word_1_280' title='bbox 394 1969 528 2023; x_wconf 90' lang='lat' dir='ltr'><strong>toris</strong></span> <span class='ocrx_word' id='word_1_281' title='bbox 564 1968 867 2033; x_wconf 87' lang='lat' dir='ltr'><strong>hominum,</strong></span> <span class='ocrx_word' id='word_1_282' title='bbox 909 1981 964 2025; x_wconf 86' lang='lat' dir='ltr'><strong>et</strong></span> <span class='ocrx_word' id='word_1_283' title='bbox 995 1971 1139 2035; x_wconf 88' lang='lat' dir='ltr'><strong>boni,</strong></span> <span class='ocrx_word' id='word_1_284' title='bbox 1179 1980 1234 2025; x_wconf 90' lang='lat' dir='ltr'><strong>et</strong></span> <span class='ocrx_word' id='word_1_285' title='bbox 1282 1972 1475 2026; x_wconf 88' lang='lat' dir='ltr'><strong>sancti.</strong></span> <span class='ocrx_word' id='word_1_286' title='bbox 1508 1973 1730 2028; x_wconf 84' lang='lat' dir='ltr'><strong>Amator</strong></span> <span class='ocrx_word' id='word_1_287' title='bbox 1776 1972 1949 2027; x_wconf 91' lang='lat' dir='ltr'><strong>homi-</strong></span> 
     </span>
    </p>
   </div>
   <div class='ocr_carea' id='block_1_37' title="bbox 2104 1952 3589 2052">
    <p class='ocr_par' dir='ltr' id='par_1_37' title="bbox 2114 1966 3589 2052">
     <span class='ocr_line' id='line_1_37' title="bbox 2114 1966 3589 2052; baseline -0.001 -30"><span class='ocrx_word' id='word_1_288' title='bbox 2114 1970 2241 2022; x_wconf 83' lang='grc' dir='ltr'>Ὅτε</span> <span class='ocrx_word' id='word_1_289' title='bbox 2267 1970 2322 2022; x_wconf 82' lang='grc' dir='ltr'>δὲ</span> <span class='ocrx_word' id='word_1_290' title='bbox 2353 1971 2386 2041; x_wconf 83' lang='grc' dir='ltr'>ὴ</span> <span class='ocrx_word' id='word_1_291' title='bbox 2433 1970 2734 2052; x_wconf 73' lang='grc' dir='ltr'><strong>χρηστότης</strong></span> <span class='ocrx_word' id='word_1_292' title='bbox 2761 1971 2859 2023; x_wconf 75' lang='grc' dir='ltr'><strong>καὶ</strong></span> <span class='ocrx_word' id='word_1_293' title='bbox 2893 1972 2927 2041; x_wconf 82' lang='grc' dir='ltr'><strong>ἡ</strong></span> <span class='ocrx_word' id='word_1_294' title='bbox 2958 1968 3336 2040; x_wconf 73' lang='grc' dir='ltr'>φιλανθρωπία</span> <span class='ocrx_word' id='word_1_295' title='bbox 3362 1966 3454 2021; x_wconf 89' lang='grc' dir='ltr'><strong>τοῦ</strong></span> <span class='ocrx_word' id='word_1_296' title='bbox 3492 1967 3589 2020; x_wconf 87' lang='grc' dir='ltr'><strong>Σω-</strong></span> 
     </span>
    </p>
   </div>
   <div class='ocr_carea' id='block_1_38' title="bbox 391 2061 1954 2137">
    <p class='ocr_par' dir='ltr' id='par_1_38' title="bbox 391 2061 1954 2137">
     <span class='ocr_line' id='line_1_38' title="bbox 391 2061 1954 2137; baseline 0.003 -22"><span class='ocrx_word' id='word_1_297' title='bbox 391 2075 522 2115; x_wconf 91' lang='lat' dir='ltr'><strong>num</strong></span> <span class='ocrx_word' id='word_1_298' title='bbox 557 2070 637 2116; x_wconf 89' lang='lat' dir='ltr'><strong>est</strong></span> <span class='ocrx_word' id='word_1_299' title='bbox 674 2061 861 2125; x_wconf 83' lang='lat' dir='ltr'><strong>Filius,</strong></span> <span class='ocrx_word' id='word_1_300' title='bbox 894 2063 985 2132; x_wconf 89' lang='lat' dir='ltr'><strong>qui</strong></span> <span class='ocrx_word' id='word_1_301' title='bbox 1032 2074 1251 2133; x_wconf 86' lang='lat' dir='ltr'><strong>propter</strong></span> <span class='ocrx_word' id='word_1_302' title='bbox 1287 2080 1407 2130; x_wconf 89' lang='lat' dir='ltr'><strong>nos,</strong></span> <span class='ocrx_word' id='word_1_303' title='bbox 1442 2076 1787 2136; x_wconf 88' lang='lat' dir='ltr'><strong>augustarum</strong></span> <span class='ocrx_word' id='word_1_304' title='bbox 1840 2081 1954 2137; x_wconf 82' lang='lat' dir='ltr'><strong>my-</strong></span> 
     </span>
    </p>
   </div>
   <div class='ocr_carea' id='block_1_39' title="bbox 392 2153 1955 2229">
    <p class='ocr_par' dir='ltr' id='par_1_39' title="bbox 392 2153 1955 2229">
     <span class='ocr_line' id='line_1_39' title="bbox 392 2153 1955 2229; baseline 0.003 -22"><span class='ocrx_word' id='word_1_305' title='bbox 392 2154 760 2223; x_wconf 85' lang='lat' dir='ltr'><strong>sticarumque</strong></span> <span class='ocrx_word' id='word_1_306' title='bbox 815 2153 930 2221; x_wconf 91' lang='lat' dir='ltr'><strong>ejus</strong></span> <span class='ocrx_word' id='word_1_307' title='bbox 990 2172 1242 2210; x_wconf 87' lang='lat' dir='ltr'><strong>manuum</strong></span> <span class='ocrx_word' id='word_1_308' title='bbox 1298 2171 1463 2227; x_wconf 89' lang='lat' dir='ltr'><strong>opera</strong></span> <span class='ocrx_word' id='word_1_309' title='bbox 1522 2157 1634 2229; x_wconf 82' lang='lat'><strong>(50)</strong></span> <span class='ocrx_word' id='word_1_310' title='bbox 1689 2158 1955 2213; x_wconf 82' lang='lat' dir='ltr'><strong>exsisten-</strong></span> 
     </span>
    </p>
   </div>
   <div class='ocr_carea' id='block_1_40' title="bbox 394 2248 1956 2315">
    <p class='ocr_par' dir='ltr' id='par_1_40' title="bbox 394 2248 1956 2315">
     <span class='ocr_line' id='line_1_40' title="bbox 394 2248 1956 2315; baseline 0.004 -17"><span class='ocrx_word' id='word_1_311' title='bbox 394 2252 493 2311; x_wconf 86' lang='lat' dir='ltr'><strong>tes,</strong></span> <span class='ocrx_word' id='word_1_312' title='bbox 533 2248 927 2315; x_wconf 69' lang='lat' dir='ltr'><strong>«semetipsum</strong></span> <span class='ocrx_word' id='word_1_313' title='bbox 985 2250 1285 2304; x_wconf 76' lang='lat' dir='ltr'><strong>exinanivit</strong></span> <span class='ocrx_word' id='word_1_314' title='bbox 1342 2251 1566 2304; x_wconf 79' lang='lat' dir='ltr'><strong>formam</strong></span> <span class='ocrx_word' id='word_1_315' title='bbox 1621 2251 1762 2305; x_wconf 87' lang='lat' dir='ltr'><strong>servi</strong></span> <span class='ocrx_word' id='word_1_316' title='bbox 1813 2250 1956 2305; x_wconf 91' lang='lat' dir='ltr'><strong>acci-</strong></span> 
     </span>
    </p>
   </div>
   <div class='ocr_carea' id='block_1_41' title="bbox 393 2335 1955 2409">
    <p class='ocr_par' dir='ltr' id='par_1_41' title="bbox 393 2335 1955 2409">
     <span class='ocr_line' id='line_1_41' title="bbox 393 2335 1955 2409; baseline 0.006 -23"><span class='ocrx_word' id='word_1_317' title='bbox 393 2335 564 2402; x_wconf 89' lang='lat' dir='ltr'><strong>piens.</strong></span> <span class='ocrx_word' id='word_1_318' title='bbox 606 2354 624 2387; x_wconf 81' lang='grc' dir='ltr'><strong>ι</strong></span> <span class='ocrx_word' id='word_1_319' title='bbox 669 2336 725 2391; x_wconf 86' lang='lat' dir='ltr'><strong>Id</strong></span> <span class='ocrx_word' id='word_1_320' title='bbox 786 2343 1015 2392; x_wconf 85' lang='lat' dir='ltr'><strong>testatur</strong></span> <span class='ocrx_word' id='word_1_321' title='bbox 1073 2336 1195 2393; x_wconf 85' lang='lat' dir='ltr'><strong>Tito</strong></span> <span class='ocrx_word' id='word_1_322' title='bbox 1246 2340 1488 2395; x_wconf 87' lang='lat' dir='ltr'><strong>scribens</strong></span> <span class='ocrx_word' id='word_1_323' title='bbox 1524 2338 1814 2409; x_wconf 86' lang='lat' dir='ltr'><strong>Apostolus</strong></span> <span class='ocrx_word' id='word_1_324' title='bbox 1869 2340 1955 2396; x_wconf 91' lang='lat' dir='ltr'><strong>his</strong></span> 
     </span>
    </p>
   </div>
   <div class='ocr_carea' id='block_1_42' title="bbox 395 2428 1957 2502">
    <p class='ocr_par' dir='ltr' id='par_1_42' title="bbox 395 2428 1957 2502">
     <span class='ocr_line' id='line_1_42' title="bbox 395 2428 1957 2502; baseline 0.004 -22"><span class='ocrx_word' id='word_1_325' title='bbox 395 2428 574 2483; x_wconf 85' lang='lat' dir='ltr'><strong>verbis</strong></span> <span class='ocrx_word' id='word_1_326' title='bbox 611 2445 627 2483; x_wconf 91' lang='lat'><strong>:</strong></span> <span class='ocrx_word' id='word_1_327' title='bbox 665 2448 684 2481; x_wconf 75' lang='grc' dir='ltr'><strong>ι</strong></span> <span class='ocrx_word' id='word_1_328' title='bbox 724 2430 856 2485; x_wconf 91' lang='lat' dir='ltr'><strong>Cum</strong></span> <span class='ocrx_word' id='word_1_329' title='bbox 895 2430 1007 2502; x_wconf 83' lang='grc'><strong>(51)</strong></span> <span class='ocrx_word' id='word_1_330' title='bbox 1046 2441 1226 2485; x_wconf 89' lang='lat' dir='ltr'><strong>autem</strong></span> <span class='ocrx_word' id='word_1_331' title='bbox 1258 2432 1486 2498; x_wconf 91' lang='lat' dir='ltr'><strong>bonitas,</strong></span> <span class='ocrx_word' id='word_1_332' title='bbox 1514 2440 1567 2487; x_wconf 87' lang='lat' dir='ltr'><strong>et</strong></span> <span class='ocrx_word' id='word_1_333' title='bbox 1595 2447 1747 2487; x_wconf 90' lang='lat' dir='ltr'><strong>amor</strong></span> <span class='ocrx_word' id='word_1_334' title='bbox 1780 2433 1832 2486; x_wconf 94' lang='lat' dir='ltr'><strong>in</strong></span> <span class='ocrx_word' id='word_1_335' title='bbox 1860 2433 1957 2487; x_wconf 89' lang='lat' dir='ltr'><strong>ho-</strong></span> 
     </span>
    </p>
   </div>
   <div class='ocr_carea' id='block_1_43' title="bbox 394 2520 1953 2595">
    <p class='ocr_par' dir='ltr' id='par_1_43' title="bbox 394 2520 1953 2595">
     <span class='ocr_line' id='line_1_43' title="bbox 394 2520 1953 2595; baseline 0.005 -25"><span class='ocrx_word' id='word_1_336' title='bbox 394 2520 566 2575; x_wconf 87' lang='lat' dir='ltr'><strong>mines</strong></span> <span class='ocrx_word' id='word_1_337' title='bbox 604 2520 721 2589; x_wconf 89' lang='lat' dir='ltr'><strong>(seu</strong></span> <span class='ocrx_word' id='word_1_338' title='bbox 758 2522 1085 2595; x_wconf 89' lang='lat' dir='ltr'><strong>benignitas)</strong></span> <span class='ocrx_word' id='word_1_339' title='bbox 1126 2523 1421 2577; x_wconf 88' lang='lat' dir='ltr'><strong>Salvatoris</strong></span> <span class='ocrx_word' id='word_1_340' title='bbox 1451 2523 1620 2578; x_wconf 91' lang='lat' dir='ltr'><strong>nostri</strong></span> <span class='ocrx_word' id='word_1_341' title='bbox 1652 2523 1745 2579; x_wconf 92' lang='lat' dir='ltr'><strong>Dei</strong></span> <span class='ocrx_word' id='word_1_342' title='bbox 1785 2538 1953 2594; x_wconf 87' lang='lat' dir='ltr'><strong>appa-</strong></span> 
     </span>
    </p>
   </div>
   <div class='ocr_carea' id='block_1_44' title="bbox 394 2610 1957 2684">
    <p class='ocr_par' dir='ltr' id='par_1_44' title="bbox 394 2610 1957 2684">
     <span class='ocr_line' id='line_1_44' title="bbox 394 2610 1957 2684; baseline 0.004 -23"><span class='ocrx_word' id='word_1_343' title='bbox 394 2610 520 2664; x_wconf 88' lang='lat' dir='ltr'><strong>ruit.</strong></span> <span class='ocrx_word' id='word_1_344' title='bbox 557 2629 575 2663; x_wconf 73' lang='grc' dir='ltr'><strong>ι</strong></span> <span class='ocrx_word' id='word_1_345' title='bbox 613 2610 867 2683; x_wconf 71' lang='lat' dir='ltr'><strong>Quisquis</strong></span> <span class='ocrx_word' id='word_1_346' title='bbox 901 2628 1032 2669; x_wconf 84' lang='lat' dir='ltr'><strong>vero</strong></span> <span class='ocrx_word' id='word_1_347' title='bbox 1072 2614 1162 2667; x_wconf 88' lang='lat' dir='ltr'><strong>illa</strong></span> <span class='ocrx_word' id='word_1_348' title='bbox 1190 2614 1368 2669; x_wconf 88' lang='lat' dir='ltr'><strong>omnia</strong></span> <span class='ocrx_word' id='word_1_349' title='bbox 1408 2615 1508 2683; x_wconf 88' lang='lat' dir='ltr'><strong>ipsi</strong></span> <span class='ocrx_word' id='word_1_350' title='bbox 1543 2614 1810 2679; x_wconf 88' lang='lat' dir='ltr'><strong>tribuerit,</strong></span> <span class='ocrx_word' id='word_1_351' title='bbox 1838 2629 1957 2684; x_wconf 72' lang='lat' dir='ltr'><strong>qua:</strong></span> 
     </span>
    </p>
   </div>
   <div class='ocr_carea' id='block_1_45' title="bbox 394 2703 1956 2775">
    <p class='ocr_par' dir='ltr' id='par_1_45' title="bbox 394 2703 1956 2775">
     <span class='ocr_line' id='line_1_45' title="bbox 394 2703 1956 2775; baseline 0.003 -22"><span class='ocrx_word' id='word_1_352' title='bbox 394 2703 677 2771; x_wconf 89' lang='lat' dir='ltr'><strong>unigenito</strong></span> <span class='ocrx_word' id='word_1_353' title='bbox 712 2704 822 2759; x_wconf 90' lang='lat' dir='ltr'><strong>Deo</strong></span> <span class='ocrx_word' id='word_1_354' title='bbox 877 2706 1224 2769; x_wconf 90' lang='lat' dir='ltr'><strong>conveniunt,</strong></span> <span class='ocrx_word' id='word_1_355' title='bbox 1280 2704 1397 2775; x_wconf 87' lang='lat' dir='ltr'><strong>plus</strong></span> <span class='ocrx_word' id='word_1_356' title='bbox 1456 2707 1523 2760; x_wconf 86' lang='lat' dir='ltr'><strong>ab</strong></span> <span class='ocrx_word' id='word_1_357' title='bbox 1581 2721 1648 2761; x_wconf 93' lang='lat' dir='ltr'><strong>eo</strong></span> <span class='ocrx_word' id='word_1_358' title='bbox 1706 2706 1956 2775; x_wconf 83' lang='lat' dir='ltr'><strong>accipiet,</strong></span> 
     </span>
    </p>
   </div>
   <div class='ocr_carea' id='block_1_46' title="bbox 2054 2060 3590 2135">
    <p class='ocr_par' dir='ltr' id='par_1_46' title="bbox 2054 2060 3590 2135">
     <span class='ocr_line' id='line_1_46' title="bbox 2054 2060 3590 2135; baseline -0.002 -19"><span class='ocrx_word' id='word_1_359' title='bbox 2054 2064 2218 2135; x_wconf 78' lang='grc' dir='ltr'>τῆρος</span> <span class='ocrx_word' id='word_1_360' title='bbox 2272 2064 2427 2135; x_wconf 83' lang='grc' dir='ltr'>ἡμῶν</span> <span class='ocrx_word' id='word_1_361' title='bbox 2473 2064 2608 2117; x_wconf 84' lang='grc' dir='ltr'>Θεοῦ</span> <span class='ocrx_word' id='word_1_362' title='bbox 2656 2064 2918 2135; x_wconf 80' lang='grc' dir='ltr'>ἐπεφάνη.</span> <span class='ocrx_word' id='word_1_363' title='bbox 2956 2083 2975 2116; x_wconf 75' lang='grc' dir='ltr'><strong>ι</strong></span> <span class='ocrx_word' id='word_1_364' title='bbox 3020 2064 3128 2117; x_wconf 76' lang='grc' dir='ltr'><strong>Καὶ</strong></span> <span class='ocrx_word' id='word_1_365' title='bbox 3174 2064 3325 2126; x_wconf 81' lang='grc' dir='ltr'>ὅστις</span> <span class='ocrx_word' id='word_1_366' title='bbox 3371 2060 3436 2117; x_wconf 83' lang='grc' dir='ltr'>ἂν</span> <span class='ocrx_word' id='word_1_367' title='bbox 3474 2061 3590 2114; x_wconf 84' lang='grc' dir='ltr'>ἁπο-</span> 
     </span>
    </p>
   </div>
   <div class='ocr_carea' id='block_1_47' title="bbox 2056 2150 3591 2228">
    <p class='ocr_par' dir='ltr' id='par_1_47' title="bbox 2056 2150 3591 2228">
     <span class='ocr_line' id='line_1_47' title="bbox 2056 2150 3591 2228; baseline -0.003 -20"><span class='ocrx_word' id='word_1_368' title='bbox 2056 2156 2215 2228; x_wconf 87' lang='grc' dir='ltr'>νείμῃ</span> <span class='ocrx_word' id='word_1_369' title='bbox 2267 2154 2435 2225; x_wconf 81' lang='grc' dir='ltr'>αὐτῷ,</span> <span class='ocrx_word' id='word_1_370' title='bbox 2482 2157 2581 2208; x_wconf 80' lang='grc' dir='ltr'><strong>ὅσα</strong></span> <span class='ocrx_word' id='word_1_371' title='bbox 2640 2156 2838 2226; x_wconf 81' lang='grc' dir='ltr'>πρέπει</span> <span class='ocrx_word' id='word_1_372' title='bbox 2893 2155 3168 2225; x_wconf 82' lang='grc' dir='ltr'>μονογενεϊ</span> <span class='ocrx_word' id='word_1_373' title='bbox 3222 2151 3379 2222; x_wconf 80' lang='grc' dir='ltr'>Θεῷ,</span> <span class='ocrx_word' id='word_1_374' title='bbox 3435 2150 3591 2206; x_wconf 73' lang='grc' dir='ltr'>λαϐὼν</span> 
     </span>
    </p>
   </div>
   <div class='ocr_carea' id='block_1_48' title="bbox 2057 2243 3592 2318">
    <p class='ocr_par' dir='ltr' id='par_1_48' title="bbox 2057 2243 3592 2318">
     <span class='ocr_line' id='line_1_48' title="bbox 2057 2243 3592 2318; baseline -0.006 -17"><span class='ocrx_word' id='word_1_375' title='bbox 2057 2248 2215 2301; x_wconf 83' lang='grc' dir='ltr'>πλέον</span> <span class='ocrx_word' id='word_1_376' title='bbox 2248 2244 2321 2302; x_wconf 84' lang='grc' dir='ltr'>ὧν</span> <span class='ocrx_word' id='word_1_377' title='bbox 2356 2247 2582 2317; x_wconf 70' lang='grc' dir='ltr'>ἤλπισεν</span> <span class='ocrx_word' id='word_1_378' title='bbox 2610 2246 2927 2318; x_wconf 76' lang='grc' dir='ltr'>ἀπέρχεται.</span> <span class='ocrx_word' id='word_1_379' title='bbox 2961 2245 3345 2315; x_wconf 83' lang='grc' dir='ltr'>Φιλὰνθρωπον</span> <span class='ocrx_word' id='word_1_380' title='bbox 3373 2243 3433 2296; x_wconf 74' lang='grc' dir='ltr'>τὸ</span> <span class='ocrx_word' id='word_1_381' title='bbox 3462 2244 3592 2309; x_wconf 69' lang='grc' dir='ltr'>ἅγιον</span> 
     </span>
    </p>
   </div>
   <div class='ocr_carea' id='block_1_49' title="bbox 2058 2334 3589 2409">
    <p class='ocr_par' dir='ltr' id='par_1_49' title="bbox 2058 2334 3589 2409">
     <span class='ocr_line' id='line_1_49' title="bbox 2058 2334 3589 2409; baseline -0.005 -18"><span class='ocrx_word' id='word_1_382' title='bbox 2058 2338 2280 2409; x_wconf 89' lang='grc' dir='ltr'>Πνεῦμα</span> <span class='ocrx_word' id='word_1_383' title='bbox 2307 2337 2400 2391; x_wconf 85' lang='grc' dir='ltr'><strong>τοῦ</strong></span> <span class='ocrx_word' id='word_1_384' title='bbox 2429 2337 2586 2402; x_wconf 86' lang='grc' dir='ltr'>Θεοῦ,</span> <span class='ocrx_word' id='word_1_385' title='bbox 2616 2340 2757 2391; x_wconf 78' lang='grc' dir='ltr'>κατὰ</span> <span class='ocrx_word' id='word_1_386' title='bbox 2787 2338 2886 2408; x_wconf 83' lang='grc' dir='ltr'>τὴν</span> <span class='ocrx_word' id='word_1_387' title='bbox 2911 2337 3128 2406; x_wconf 82' lang='grc' dir='ltr'>Σοφίαν,</span> <span class='ocrx_word' id='word_1_388' title='bbox 3152 2335 3296 2389; x_wconf 71' lang='grc' dir='ltr'>οὕτω</span> <span class='ocrx_word' id='word_1_389' title='bbox 3322 2334 3589 2402; x_wconf 79' lang='grc' dir='ltr'>λέγουσαν·</span> 
     </span>
    </p>
   </div>
   <div class='ocr_carea' id='block_1_50' title="bbox 2063 2422 3593 2501">
    <p class='ocr_par' dir='ltr' id='par_1_50' title="bbox 2063 2422 3593 2501">
     <span class='ocr_line' id='line_1_50' title="bbox 2063 2422 3593 2501; baseline -0.004 -20"><span class='ocrx_word' id='word_1_390' title='bbox 2063 2450 2079 2481; x_wconf 76' lang='grc' dir='ltr'><strong>ι</strong></span> <span class='ocrx_word' id='word_1_391' title='bbox 2105 2429 2484 2501; x_wconf 74' lang='grc' dir='ltr'>Φιλάνθρωπον</span> <span class='ocrx_word' id='word_1_392' title='bbox 2505 2430 2613 2500; x_wconf 83' lang='grc' dir='ltr'><strong>γὰρ</strong></span> <span class='ocrx_word' id='word_1_393' title='bbox 2640 2429 2862 2500; x_wconf 84' lang='grc' dir='ltr'>Πνεῦμα</span> <span class='ocrx_word' id='word_1_394' title='bbox 2892 2428 3104 2497; x_wconf 79' lang='grc' dir='ltr'>σοφίας,</span> <span class='ocrx_word' id='word_1_395' title='bbox 3130 2429 3225 2481; x_wconf 72' lang='grc' dir='ltr'><strong>καὶ</strong></span> <span class='ocrx_word' id='word_1_396' title='bbox 3247 2428 3351 2479; x_wconf 73' lang='grc' dir='ltr'><strong>οὐκ</strong></span> <span class='ocrx_word' id='word_1_397' title='bbox 3376 2422 3593 2478; x_wconf 80' lang='grc' dir='ltr'>ἀθωώσει</span> 
     </span>
    </p>
   </div>
   <div class='ocr_carea' id='block_1_51' title="bbox 2056 2514 3597 2593">
    <p class='ocr_par' dir='ltr' id='par_1_51' title="bbox 2056 2514 3597 2593">
     <span class='ocr_line' id='line_1_51' title="bbox 2056 2514 3597 2593; baseline -0.005 -19"><span class='ocrx_word' id='word_1_398' title='bbox 2056 2521 2283 2577; x_wconf 87' lang='grc' dir='ltr'>δίκαιον.</span> <span class='ocrx_word' id='word_1_399' title='bbox 2322 2541 2341 2573; x_wconf 84' lang='grc'><strong>›</strong></span> <span class='ocrx_word' id='word_1_400' title='bbox 2374 2522 2447 2574; x_wconf 78' lang='grc' dir='ltr'><strong>Οὐ</strong></span> <span class='ocrx_word' id='word_1_401' title='bbox 2485 2520 2591 2593; x_wconf 82' lang='grc' dir='ltr'><strong>γὰρ</strong></span> <span class='ocrx_word' id='word_1_402' title='bbox 2622 2519 2842 2592; x_wconf 87' lang='grc' dir='ltr'>παρίδεν</span> <span class='ocrx_word' id='word_1_403' title='bbox 2878 2518 3253 2589; x_wconf 80' lang='grc' dir='ltr'>ἀπολλυμένην</span> <span class='ocrx_word' id='word_1_404' title='bbox 3286 2517 3387 2587; x_wconf 79' lang='grc' dir='ltr'>τὴν</span> <span class='ocrx_word' id='word_1_405' title='bbox 3420 2514 3597 2585; x_wconf 83' lang='grc' dir='ltr'>ἀνθρω-</span> 
     </span>
    </p>
   </div>
   <div class='ocr_carea' id='block_1_52' title="bbox 2060 2607 3593 2685">
    <p class='ocr_par' dir='ltr' id='par_1_52' title="bbox 2060 2607 3593 2685">
     <span class='ocr_line' id='line_1_52' title="bbox 2060 2607 3593 2685; baseline -0.004 -20"><span class='ocrx_word' id='word_1_406' title='bbox 2060 2613 2216 2666; x_wconf 89' lang='grc' dir='ltr'>πείαν</span> <span class='ocrx_word' id='word_1_407' title='bbox 2292 2611 2403 2684; x_wconf 72' lang='grc'><strong>[74</strong></span> <span class='ocrx_word' id='word_1_408' title='bbox 2438 2612 2502 2685; x_wconf 88' lang='lat' dir='ltr'><strong>b]</strong></span> <span class='ocrx_word' id='word_1_409' title='bbox 2568 2612 2760 2683; x_wconf 75' lang='grc' dir='ltr'>φύσινο</span> <span class='ocrx_word' id='word_1_410' title='bbox 2811 2613 2924 2666; x_wconf 87' lang='grc' dir='ltr'>ἀλλ’</span> <span class='ocrx_word' id='word_1_411' title='bbox 2966 2612 3217 2681; x_wconf 82' lang='grc' dir='ltr'>ὲφοίτησε</span> <span class='ocrx_word' id='word_1_412' title='bbox 3278 2609 3349 2662; x_wconf 85' lang='grc' dir='ltr'>δι’</span> <span class='ocrx_word' id='word_1_413' title='bbox 3404 2607 3593 2672; x_wconf 77' lang='grc' dir='ltr'>ἑαυτοῦ,</span> 
     </span>
    </p>
   </div>
   <div class='ocr_carea' id='block_1_53' title="bbox 2058 2698 3593 2775">
    <p class='ocr_par' dir='ltr' id='par_1_53' title="bbox 2058 2698 3593 2775">
     <span class='ocr_line' id='line_1_53' title="bbox 2058 2698 3593 2775; baseline -0.008 -16"><span class='ocrx_word' id='word_1_414' title='bbox 2058 2703 2363 2774; x_wconf 76' lang='grc' dir='ltr'>ὁδηγῆσαν,</span> <span class='ocrx_word' id='word_1_415' title='bbox 2414 2704 2628 2769; x_wconf 70' lang='grc' dir='ltr'>διδάξειν</span> <span class='ocrx_word' id='word_1_416' title='bbox 2686 2706 2862 2757; x_wconf 81' lang='grc' dir='ltr'>πᾶσαν</span> <span class='ocrx_word' id='word_1_417' title='bbox 2915 2704 3204 2775; x_wconf 81' lang='grc' dir='ltr'>ἀλήθειαν,</span> <span class='ocrx_word' id='word_1_418' title='bbox 3266 2698 3593 2754; x_wconf 80' lang='grc' dir='ltr'>ἀνακαινίσαν</span> 
     </span>
    </p>
   </div>
   <div class='ocr_carea' id='block_1_54' title="bbox 395 2793 1957 2865">
    <p class='ocr_par' dir='ltr' id='par_1_54' title="bbox 395 2793 1957 2865">
     <span class='ocr_line' id='line_1_54' title="bbox 395 2793 1957 2865; baseline 0.001 -18"><span class='ocrx_word' id='word_1_419' title='bbox 395 2810 556 2864; x_wconf 90' lang='lat' dir='ltr'><strong>quam</strong></span> <span class='ocrx_word' id='word_1_420' title='bbox 600 2798 873 2865; x_wconf 84' lang='lat' dir='ltr'><strong>sperabat.</strong></span> <span class='ocrx_word' id='word_1_421' title='bbox 906 2797 1131 2851; x_wconf 86' lang='lat' dir='ltr'><strong>Amator</strong></span> <span class='ocrx_word' id='word_1_422' title='bbox 1161 2796 1436 2849; x_wconf 86' lang='lat' dir='ltr'><strong>hominum</strong></span> <span class='ocrx_word' id='word_1_423' title='bbox 1489 2807 1573 2850; x_wconf 87' lang='lat' dir='ltr'><strong>est</strong></span> <span class='ocrx_word' id='word_1_424' title='bbox 1620 2804 1836 2849; x_wconf 89' lang='lat' dir='ltr'><strong>sanctus</strong></span> <span class='ocrx_word' id='word_1_425' title='bbox 1864 2793 1957 2849; x_wconf 87' lang='lat' dir='ltr'><strong>Dei</strong></span> 
     </span>
    </p>
   </div>
   <div class='ocr_carea' id='block_1_55' title="bbox 399 2885 1957 2958">
    <p class='ocr_par' dir='ltr' id='par_1_55' title="bbox 399 2885 1957 2958">
     <span class='ocr_line' id='line_1_55' title="bbox 399 2885 1957 2958; baseline 0 -19"><span class='ocrx_word' id='word_1_426' title='bbox 399 2886 657 2955; x_wconf 81' lang='lat' dir='ltr'><strong>Spiritus,</strong></span> <span class='ocrx_word' id='word_1_427' title='bbox 687 2888 843 2957; x_wconf 75' lang='lat' dir='ltr'><strong>juxta</strong></span> <span class='ocrx_word' id='word_1_428' title='bbox 877 2888 1204 2958; x_wconf 91' lang='lat' dir='ltr'><strong>Sapientiam</strong></span> <span class='ocrx_word' id='word_1_429' title='bbox 1237 2888 1316 2942; x_wconf 91' lang='lat' dir='ltr'><strong>sic</strong></span> <span class='ocrx_word' id='word_1_430' title='bbox 1344 2888 1671 2957; x_wconf 88' lang='lat' dir='ltr'><strong>inquientem</strong></span> <span class='ocrx_word' id='word_1_431' title='bbox 1698 2904 1711 2940; x_wconf 91' lang='lat'>:</span> <span class='ocrx_word' id='word_1_432' title='bbox 1748 2905 1767 2937; x_wconf 83' lang='grc'>‹</span> <span class='ocrx_word' id='word_1_433' title='bbox 1792 2885 1957 2939; x_wconf 79' lang='lat' dir='ltr'><strong>Ama-</strong></span> 
     </span>
    </p>
   </div>
   <div class='ocr_carea' id='block_1_56' title="bbox 2057 2789 3596 2868">
    <p class='ocr_par' dir='ltr' id='par_1_56' title="bbox 2057 2789 3596 2868">
     <span class='ocr_line' id='line_1_56' title="bbox 2057 2789 3596 2868; baseline -0.008 -16"><span class='ocrx_word' id='word_1_434' title='bbox 2057 2798 2237 2868; x_wconf 82' lang='grc' dir='ltr'>ἡμᾶς,</span> <span class='ocrx_word' id='word_1_435' title='bbox 2271 2798 2365 2850; x_wconf 73' lang='grc' dir='ltr'>καὶ</span> <span class='ocrx_word' id='word_1_436' title='bbox 2398 2797 2467 2850; x_wconf 76' lang='grc' dir='ltr'>τὰ</span> <span class='ocrx_word' id='word_1_437' title='bbox 2523 2797 2678 2850; x_wconf 81' lang='grc' dir='ltr'>θεῖκὰ</span> <span class='ocrx_word' id='word_1_438' title='bbox 2729 2797 3037 2868; x_wconf 82' lang='grc' dir='ltr'>χαρίσματα</span> <span class='ocrx_word' id='word_1_439' title='bbox 3071 2792 3484 2864; x_wconf 77' lang='grc' dir='ltr'>δωρησάμενον,</span> <span class='ocrx_word' id='word_1_440' title='bbox 3519 2789 3596 2840; x_wconf 72' lang='grc' dir='ltr'><strong>καὶ</strong></span> 
     </span>
    </p>
   </div>
   <div class='ocr_carea' id='block_1_57' title="bbox 2058 2880 3594 2959">
    <p class='ocr_par' dir='ltr' id='par_1_57' title="bbox 2058 2880 3594 2959">
     <span class='ocr_line' id='line_1_57' title="bbox 2058 2880 3594 2959; baseline -0.007 -17"><span class='ocrx_word' id='word_1_441' title='bbox 2058 2889 2324 2959; x_wconf 81' lang='grc' dir='ltr'>τοσαύτην</span> <span class='ocrx_word' id='word_1_442' title='bbox 2342 2890 2434 2942; x_wconf 84' lang='grc' dir='ltr'><strong>τοῦ</strong></span> <span class='ocrx_word' id='word_1_443' title='bbox 2456 2890 2575 2942; x_wconf 80' lang='grc' dir='ltr'>κατ’</span> <span class='ocrx_word' id='word_1_444' title='bbox 2602 2889 2786 2941; x_wconf 77' lang='grc' dir='ltr'>εἰκόνα</span> <span class='ocrx_word' id='word_1_445' title='bbox 2808 2887 3030 2958; x_wconf 87' lang='grc' dir='ltr'>θέμενον</span> <span class='ocrx_word' id='word_1_446' title='bbox 3054 2883 3319 2940; x_wconf 83' lang='grc' dir='ltr'>ἀνέκαθεν</span> <span class='ocrx_word' id='word_1_447' title='bbox 3345 2880 3594 2953; x_wconf 76' lang='grc' dir='ltr'>φροντίδα,</span> 
     </span>
    </p>
   </div>
   <div class='ocr_carea' id='block_1_58' title="bbox 399 2971 1968 3049">
    <p class='ocr_par' dir='ltr' id='par_1_58' title="bbox 399 2977 1957 3049">
     <span class='ocr_line' id='line_1_58' title="bbox 399 2977 1957 3049; baseline 0 -18"><span class='ocrx_word' id='word_1_448' title='bbox 399 2987 481 3031; x_wconf 88' lang='lat' dir='ltr'><strong>tor</strong></span> <span class='ocrx_word' id='word_1_449' title='bbox 507 2977 619 3047; x_wconf 73' lang='grc'><strong>(52)</strong></span> <span class='ocrx_word' id='word_1_450' title='bbox 651 2981 792 3032; x_wconf 88' lang='lat' dir='ltr'><strong>enim</strong></span> <span class='ocrx_word' id='word_1_451' title='bbox 826 2979 1103 3033; x_wconf 83' lang='lat' dir='ltr'><strong>hominum</strong></span> <span class='ocrx_word' id='word_1_452' title='bbox 1141 2979 1259 3048; x_wconf 86' lang='lat' dir='ltr'><strong>(seu</strong></span> <span class='ocrx_word' id='word_1_453' title='bbox 1289 2978 1553 3049; x_wconf 89' lang='lat' dir='ltr'><strong>benignus</strong></span> <span class='ocrx_word' id='word_1_454' title='bbox 1581 2979 1633 3031; x_wconf 90' lang='lat' dir='ltr'><strong>in</strong></span> <span class='ocrx_word' id='word_1_455' title='bbox 1666 2980 1957 3031; x_wconf 88' lang='lat' dir='ltr'><strong>humanum</strong></span> 
     </span>
    </p>
   </div>
   <div class='ocr_carea' id='block_1_59' title="bbox 2104 2971 3598 3049">
    <p class='ocr_par' dir='ltr' id='par_1_59' title="bbox 2110 2971 3598 3048">
     <span class='ocr_line' id='line_1_59' title="bbox 2110 2971 3598 3048; baseline -0.016 -4"><span class='ocrx_word' id='word_1_456' title='bbox 2110 2994 2200 3029; x_wconf 85' lang='grc' dir='ltr'>στε</span> <span class='ocrx_word' id='word_1_457' title='bbox 2223 2980 2301 3040; x_wconf 74' lang='grc' dir='ltr'><strong>εἰς</strong></span> <span class='ocrx_word' id='word_1_458' title='bbox 2327 2977 2614 3048; x_wconf 78' lang='grc' dir='ltr'>γνώρισμα</span> <span class='ocrx_word' id='word_1_459' title='bbox 2640 2978 2739 3047; x_wconf 81' lang='grc' dir='ltr'><strong>τῆς</strong></span> <span class='ocrx_word' id='word_1_460' title='bbox 2766 2974 3073 3048; x_wconf 79' lang='grc' dir='ltr'>ὑπερφυοῦς</span> <span class='ocrx_word' id='word_1_461' title='bbox 3101 2974 3261 3028; x_wconf 75' lang='grc' dir='ltr'>αὑτοῦ</span> <span class='ocrx_word' id='word_1_462' title='bbox 3292 2971 3598 3040; x_wconf 80' lang='grc' dir='ltr'>ἁγαθὸτητος</span> 
     </span>
    </p>
   </div>
   <div class='ocr_carea' id='block_1_60' title="bbox 398 3062 1968 3140">
    <p class='ocr_par' dir='ltr' id='par_1_60' title="bbox 398 3067 1962 3140">
     <span class='ocr_line' id='line_1_60' title="bbox 398 3067 1962 3140; baseline 0.001 -20"><span class='ocrx_word' id='word_1_463' title='bbox 398 3067 586 3137; x_wconf 85' lang='lat' dir='ltr'><strong>genus)</strong></span> <span class='ocrx_word' id='word_1_464' title='bbox 616 3078 700 3123; x_wconf 92' lang='lat' dir='ltr'><strong>est</strong></span> <span class='ocrx_word' id='word_1_465' title='bbox 722 3068 951 3138; x_wconf 80' lang='lat' dir='ltr'><strong>Spiritus</strong></span> <span class='ocrx_word' id='word_1_466' title='bbox 979 3069 1283 3140; x_wconf 67' lang='lat' dir='ltr'><strong>sapientiae,</strong></span> <span class='ocrx_word' id='word_1_467' title='bbox 1309 3079 1364 3124; x_wconf 93' lang='lat' dir='ltr'><strong>et</strong></span> <span class='ocrx_word' id='word_1_468' title='bbox 1388 3084 1497 3123; x_wconf 82' lang='lat' dir='ltr'><strong>non</strong></span> <span class='ocrx_word' id='word_1_469' title='bbox 1524 3068 1771 3123; x_wconf 89' lang='lat' dir='ltr'><strong>liberabit</strong></span> <span class='ocrx_word' id='word_1_470' title='bbox 1804 3068 1962 3140; x_wconf 78' lang='lat'><strong>166</strong></span> 
     </span>
    </p>
   </div>
   <div class='ocr_carea' id='block_1_61' title="bbox 2104 3062 3599 3140">
    <p class='ocr_par' dir='ltr' id='par_1_61' title="bbox 2104 3062 3599 3140">
     <span class='ocr_line' id='line_1_61' title="bbox 2104 3062 3599 3140; baseline -0.006 -18"><span class='ocrx_word' id='word_1_471' title='bbox 2104 3070 2155 3122; x_wconf 78' lang='grc' dir='ltr'><strong>αὶ</strong></span> <span class='ocrx_word' id='word_1_472' title='bbox 2180 3070 2383 3139; x_wconf 78' lang='grc' dir='ltr'>ταύτην</span> <span class='ocrx_word' id='word_1_473' title='bbox 2415 3068 2558 3139; x_wconf 77' lang='grc' dir='ltr'>ἔχειν</span> <span class='ocrx_word' id='word_1_474' title='bbox 2583 3070 2681 3140; x_wconf 78' lang='grc' dir='ltr'>τὴν</span> <span class='ocrx_word' id='word_1_475' title='bbox 2710 3067 3099 3140; x_wconf 84' lang='grc' dir='ltr'>προσηγορίαν.</span> <span class='ocrx_word' id='word_1_476' title='bbox 3133 3066 3363 3133; x_wconf 80' lang='grc' dir='ltr'>Μεγὰλα</span> <span class='ocrx_word' id='word_1_477' title='bbox 3392 3064 3483 3135; x_wconf 80' lang='grc' dir='ltr'><strong>μὲν</strong></span> <span class='ocrx_word' id='word_1_478' title='bbox 3509 3062 3599 3131; x_wconf 81' lang='grc' dir='ltr'>γὰρ</span> 
     </span>
    </p>
   </div>
   <div class='ocr_carea' id='block_1_62' title="bbox 392 3153 1968 3233">
    <p class='ocr_par' dir='ltr' id='par_1_62' title="bbox 392 3159 1960 3231">
     <span class='ocr_line' id='line_1_62' title="bbox 392 3159 1960 3231; baseline 0 -17"><span class='ocrx_word' id='word_1_479' title='bbox 392 3161 640 3231; x_wconf 88' lang='lat' dir='ltr'><strong>justum:</strong></span> <span class='ocrx_word' id='word_1_480' title='bbox 686 3181 706 3214; x_wconf 85' lang='grc'><strong>›</strong></span> <span class='ocrx_word' id='word_1_481' title='bbox 749 3177 847 3217; x_wconf 90' lang='lat' dir='ltr'><strong>nec</strong></span> <span class='ocrx_word' id='word_1_482' title='bbox 890 3163 1034 3217; x_wconf 89' lang='lat' dir='ltr'><strong>enim</strong></span> <span class='ocrx_word' id='word_1_483' title='bbox 1067 3162 1331 3230; x_wconf 88' lang='lat' dir='ltr'><strong>perditam</strong></span> <span class='ocrx_word' id='word_1_484' title='bbox 1380 3159 1668 3214; x_wconf 88' lang='lat' dir='ltr'><strong>humanam</strong></span> <span class='ocrx_word' id='word_1_485' title='bbox 1713 3170 1960 3215; x_wconf 89' lang='lat' dir='ltr'><strong>naturam</strong></span> 
     </span>
    </p>
   </div>
   <div class='ocr_carea' id='block_1_63' title="bbox 2104 3153 3598 3233">
    <p class='ocr_par' dir='ltr' id='par_1_63' title="bbox 2104 3153 3598 3233">
     <span class='ocr_line' id='line_1_63' title="bbox 2104 3153 3598 3233; baseline -0.006 -19"><span class='ocrx_word' id='word_1_486' title='bbox 2104 3166 2299 3232; x_wconf 78' lang='grc' dir='ltr'>τοιχεῖα</span> <span class='ocrx_word' id='word_1_487' title='bbox 2337 3162 2595 3233; x_wconf 73' lang='grc' dir='ltr'>οὐρανὸς,</span> <span class='ocrx_word' id='word_1_488' title='bbox 2634 3161 2741 3231; x_wconf 83' lang='grc' dir='ltr'>γῆ,</span> <span class='ocrx_word' id='word_1_489' title='bbox 2784 3161 3058 3215; x_wconf 75' lang='grc' dir='ltr'>θάλασσα’</span> <span class='ocrx_word' id='word_1_490' title='bbox 3098 3158 3310 3230; x_wconf 82' lang='grc' dir='ltr'>μεγάλη</span> <span class='ocrx_word' id='word_1_491' title='bbox 3343 3156 3398 3209; x_wconf 78' lang='grc' dir='ltr'>δὲ</span> <span class='ocrx_word' id='word_1_492' title='bbox 3434 3153 3598 3222; x_wconf 76' lang='grc' dir='ltr'>λογικὴ</span> 
     </span>
    </p>
   </div>
   <div class='ocr_carea' id='block_1_64' title="bbox 398 3247 1968 3327">
    <p class='ocr_par' dir='ltr' id='par_1_64' title="bbox 398 3253 1959 3326">
     <span class='ocr_line' id='line_1_64' title="bbox 398 3253 1959 3326; baseline -0.001 -16"><span class='ocrx_word' id='word_1_493' title='bbox 398 3255 655 3326; x_wconf 82' lang='lat' dir='ltr'><strong>neglexit,</strong></span> <span class='ocrx_word' id='word_1_494' title='bbox 687 3258 781 3310; x_wconf 91' lang='lat' dir='ltr'><strong>sed</strong></span> <span class='ocrx_word' id='word_1_495' title='bbox 812 3270 911 3325; x_wconf 89' lang='lat' dir='ltr'><strong>per</strong></span> <span class='ocrx_word' id='word_1_496' title='bbox 936 3255 1287 3320; x_wconf 87' lang='lat' dir='ltr'><strong>semetipsum</strong></span> <span class='ocrx_word' id='word_1_497' title='bbox 1323 3253 1487 3317; x_wconf 88' lang='lat' dir='ltr'><strong>venit,</strong></span> <span class='ocrx_word' id='word_1_498' title='bbox 1512 3253 1749 3323; x_wconf 80' lang='lat' dir='ltr'><strong>dirigens</strong></span> <span class='ocrx_word' id='word_1_499' title='bbox 1774 3269 1874 3309; x_wconf 90' lang='lat' dir='ltr'><strong>nos</strong></span> <span class='ocrx_word' id='word_1_500' title='bbox 1906 3254 1959 3309; x_wconf 91' lang='lat' dir='ltr'><strong>in</strong></span> 
     </span>
    </p>
   </div>
   <div class='ocr_carea' id='block_1_65' title="bbox 2104 3247 3596 3327">
    <p class='ocr_par' dir='ltr' id='par_1_65' title="bbox 2104 3247 3596 3327">
     <span class='ocr_line' id='line_1_65' title="bbox 2104 3247 3596 3327; baseline -0.007 -18"><span class='ocrx_word' id='word_1_501' title='bbox 2104 3258 2259 3319; x_wconf 84' lang='grc' dir='ltr'>τίσις,</span> <span class='ocrx_word' id='word_1_502' title='bbox 2283 3258 2316 3327; x_wconf 84' lang='grc' dir='ltr'>ἠ</span> <span class='ocrx_word' id='word_1_503' title='bbox 2343 3255 2586 3324; x_wconf 82' lang='grc' dir='ltr'>ἀγγέλων</span> <span class='ocrx_word' id='word_1_504' title='bbox 2609 3256 2703 3308; x_wconf 73' lang='grc' dir='ltr'>καὶ</span> <span class='ocrx_word' id='word_1_505' title='bbox 2726 3253 2903 3325; x_wconf 83' lang='grc' dir='ltr'>πάσης</span> <span class='ocrx_word' id='word_1_506' title='bbox 2928 3250 3299 3323; x_wconf 82' lang='grc' dir='ltr'>ὑπερκοσμίου</span> <span class='ocrx_word' id='word_1_507' title='bbox 3323 3247 3596 3316; x_wconf 67' lang='grc' dir='ltr'>δυνάμεως</span> 
     </span>
    </p>
   </div>
   <div class='ocr_carea' id='block_1_66' title="bbox 401 3316 1968 3417">
    <p class='ocr_par' dir='ltr' id='par_1_66' title="bbox 401 3344 1957 3410">
     <span class='ocr_line' id='line_1_66' title="bbox 401 3344 1957 3410; baseline 0.003 -15"><span class='ocrx_word' id='word_1_508' title='bbox 401 3344 508 3409; x_wconf 89' lang='lat' dir='ltr'><strong>via,</strong></span> <span class='ocrx_word' id='word_1_509' title='bbox 544 3353 599 3399; x_wconf 91' lang='lat' dir='ltr'><strong>et</strong></span> <span class='ocrx_word' id='word_1_510' title='bbox 630 3359 842 3400; x_wconf 91' lang='lat' dir='ltr'><strong>omnem</strong></span> <span class='ocrx_word' id='word_1_511' title='bbox 877 3345 1159 3399; x_wconf 81' lang='lat' dir='ltr'><strong>veritatem</strong></span> <span class='ocrx_word' id='word_1_512' title='bbox 1198 3344 1418 3410; x_wconf 90' lang='lat' dir='ltr'><strong>docens,</strong></span> <span class='ocrx_word' id='word_1_513' title='bbox 1450 3353 1504 3398; x_wconf 90' lang='lat' dir='ltr'><strong>et</strong></span> <span class='ocrx_word' id='word_1_514' title='bbox 1543 3359 1804 3399; x_wconf 91' lang='lat' dir='ltr'><strong>renovans</strong></span> <span class='ocrx_word' id='word_1_515' title='bbox 1840 3359 1957 3410; x_wconf 90' lang='lat' dir='ltr'><strong>nos,</strong></span> 
     </span>
    </p>
   </div>
   <div class='ocr_carea' id='block_1_67' title="bbox 2104 3316 3601 3417">
    <p class='ocr_par' dir='ltr' id='par_1_67' title="bbox 2104 3316 3601 3417">
     <span class='ocr_line' id='line_1_67' title="bbox 2104 3316 3601 3417; baseline -0.008 -15"><span class='ocrx_word' id='word_1_516' title='bbox 2104 3349 2178 3402; x_wconf 81' lang='grc' dir='ltr'>λλ’</span> <span class='ocrx_word' id='word_1_517' title='bbox 2344 3316 2439 3417; x_wconf 62' lang='grc' dir='ltr'><strong>ἀφζ</strong></span> <span class='ocrx_word' id='word_1_518' title='bbox 2480 3348 2596 3411; x_wconf 80' lang='grc' dir='ltr'>ἑνὸς</span> <span class='ocrx_word' id='word_1_519' title='bbox 2628 3347 2831 3400; x_wconf 80' lang='grc' dir='ltr'>τούτων</span> <span class='ocrx_word' id='word_1_520' title='bbox 2860 3316 3125 3415; x_wconf 59' lang='grc' dir='ltr'><strong>ἰὴξίωσεν,</strong></span> <span class='ocrx_word' id='word_1_521' title='bbox 3160 3316 3225 3395; x_wconf 67' lang='grc' dir='ltr'><strong>εκ</strong></span> <span class='ocrx_word' id='word_1_522' title='bbox 3268 3342 3329 3394; x_wconf 81' lang='grc' dir='ltr'>δὲ</span> <span class='ocrx_word' id='word_1_523' title='bbox 3360 3340 3456 3409; x_wconf 75' lang='grc' dir='ltr'>τῆς</span> <span class='ocrx_word' id='word_1_524' title='bbox 3488 3336 3601 3408; x_wconf 75' lang='grc' dir='ltr'>πρὸς</span> 
     </span>
    </p>
   </div>
   <div class='ocr_carea' id='block_1_68' title="bbox 400 3429 1968 3512">
    <p class='ocr_par' dir='ltr' id='par_1_68' title="bbox 400 3436 1961 3509">
     <span class='ocr_line' id='line_1_68' title="bbox 400 3436 1961 3509; baseline 0.002 -19"><span class='ocrx_word' id='word_1_525' title='bbox 400 3445 457 3490; x_wconf 87' lang='grc' dir='ltr'><strong>ει</strong></span> <span class='ocrx_word' id='word_1_526' title='bbox 484 3436 665 3490; x_wconf 87' lang='lat' dir='ltr'><strong>divina</strong></span> <span class='ocrx_word' id='word_1_527' title='bbox 709 3437 859 3492; x_wconf 90' lang='lat' dir='ltr'><strong>nobis</strong></span> <span class='ocrx_word' id='word_1_528' title='bbox 890 3437 1025 3492; x_wconf 91' lang='lat' dir='ltr'><strong>dona</strong></span> <span class='ocrx_word' id='word_1_529' title='bbox 1058 3438 1320 3509; x_wconf 74' lang='lat' dir='ltr'><strong>largiens;</strong></span> <span class='ocrx_word' id='word_1_530' title='bbox 1378 3447 1688 3505; x_wconf 89' lang='lat' dir='ltr'><strong>tantamque</strong></span> <span class='ocrx_word' id='word_1_531' title='bbox 1716 3452 1747 3492; x_wconf 93' lang='lat' dir='ltr'><strong>e</strong></span> <span class='ocrx_word' id='word_1_532' title='bbox 1774 3453 1961 3506; x_wconf 84' lang='lat' dir='ltr'><strong>super-</strong></span> 
     </span>
    </p>
   </div>
   <div class='ocr_carea' id='block_1_69' title="bbox 2104 3429 3601 3512">
    <p class='ocr_par' dir='ltr' id='par_1_69' title="bbox 2104 3429 3601 3512">
     <span class='ocr_line' id='line_1_69' title="bbox 2104 3429 3601 3512; baseline -0.009 -18"><span class='ocrx_word' id='word_1_533' title='bbox 2104 3441 2155 3494; x_wconf 71' lang='grc' dir='ltr'><strong>ὸν</strong></span> <span class='ocrx_word' id='word_1_534' title='bbox 2204 3440 2485 3512; x_wconf 85' lang='grc' dir='ltr'>ἄνθρωπον</span> <span class='ocrx_word' id='word_1_535' title='bbox 2518 3438 2851 3508; x_wconf 83' lang='grc' dir='ltr'>ἁγαθότητος</span> <span class='ocrx_word' id='word_1_536' title='bbox 2882 3436 2994 3507; x_wconf 77' lang='grc' dir='ltr'>ἔχει</span> <span class='ocrx_word' id='word_1_537' title='bbox 3025 3435 3195 3506; x_wconf 73' lang='grc' dir='ltr'>δνομα</span> <span class='ocrx_word' id='word_1_538' title='bbox 3226 3434 3287 3485; x_wconf 87' lang='grc' dir='ltr'>τὺ</span> <span class='ocrx_word' id='word_1_539' title='bbox 3320 3429 3601 3502; x_wconf 78' lang='grc' dir='ltr'>φιλάνθρω-</span> 
     </span>
    </p>
   </div>
   <div class='ocr_carea' id='block_1_70' title="bbox 402 3528 1968 3602">
    <p class='ocr_par' dir='ltr' id='par_1_70' title="bbox 402 3528 1961 3601">
     <span class='ocr_line' id='line_1_70' title="bbox 402 3528 1961 3601; baseline -0.001 -17"><span class='ocrx_word' id='word_1_540' title='bbox 402 3528 489 3584; x_wconf 88' lang='lat' dir='ltr'><strong>nis</strong></span> <span class='ocrx_word' id='word_1_541' title='bbox 525 3531 741 3586; x_wconf 86' lang='lat' dir='ltr'><strong>sedibus</strong></span> <span class='ocrx_word' id='word_1_542' title='bbox 785 3545 971 3586; x_wconf 90' lang='lat' dir='ltr'><strong>curam</strong></span> <span class='ocrx_word' id='word_1_543' title='bbox 1011 3531 1148 3601; x_wconf 80' lang='lat' dir='ltr'><strong>ejus,</strong></span> <span class='ocrx_word' id='word_1_544' title='bbox 1180 3532 1270 3600; x_wconf 89' lang='lat' dir='ltr'><strong>qui</strong></span> <span class='ocrx_word' id='word_1_545' title='bbox 1305 3531 1371 3585; x_wconf 89' lang='lat' dir='ltr'><strong>ad</strong></span> <span class='ocrx_word' id='word_1_546' title='bbox 1410 3532 1695 3600; x_wconf 78' lang='lat' dir='ltr'><strong>imaginem</strong></span> <span class='ocrx_word' id='word_1_547' title='bbox 1738 3530 1831 3585; x_wconf 92' lang='lat' dir='ltr'><strong>Dei</strong></span> <span class='ocrx_word' id='word_1_548' title='bbox 1877 3529 1961 3584; x_wconf 79' lang='lat' dir='ltr'><strong>fa-</strong></span> 
     </span>
    </p>
   </div>
   <div class='ocr_carea' id='block_1_71' title="bbox 2104 3528 2447 3602">
    <p class='ocr_par' dir='ltr' id='par_1_71' title="bbox 2104 3531 2447 3602">
     <span class='ocr_line' id='line_1_71' title="bbox 2104 3531 2447 3602; baseline 0.009 -21"><span class='ocrx_word' id='word_1_549' title='bbox 2104 3549 2164 3584; x_wconf 80' lang='lat' dir='ltr'><strong>:ov</strong></span> <span class='ocrx_word' id='word_1_550' title='bbox 2198 3533 2231 3602; x_wconf 81' lang='grc' dir='ltr'>ἡ</span> <span class='ocrx_word' id='word_1_551' title='bbox 2261 3531 2447 3602; x_wconf 85' lang='grc' dir='ltr'>Τριάς.</span> 
     </span>
    </p>
   </div>
   <div class='ocr_carea' id='block_1_72' title="bbox 401 3611 3603 3693">
    <p class='ocr_par' dir='ltr' id='par_1_72' title="bbox 401 3611 3603 3693">
     <span class='ocr_line' id='line_1_72' title="bbox 401 3611 3603 3693; baseline -0.003 -16"><span class='ocrx_word' id='word_1_552' title='bbox 401 3634 520 3678; x_wconf 87' lang='lat' dir='ltr'><strong>ctus</strong></span> <span class='ocrx_word' id='word_1_553' title='bbox 557 3630 659 3685; x_wconf 85' lang='lat' dir='ltr'><strong>est,</strong></span> <span class='ocrx_word' id='word_1_554' title='bbox 705 3624 960 3691; x_wconf 85' lang='lat' dir='ltr'><strong>suscepit,</strong></span> <span class='ocrx_word' id='word_1_555' title='bbox 1002 3633 1060 3677; x_wconf 88' lang='lat' dir='ltr'><strong>ut</strong></span> <span class='ocrx_word' id='word_1_556' title='bbox 1114 3625 1254 3677; x_wconf 89' lang='lat' dir='ltr'><strong>hanc</strong></span> <span class='ocrx_word' id='word_1_557' title='bbox 1293 3637 1505 3693; x_wconf 89' lang='lat' dir='ltr'><strong>quoque</strong></span> <span class='ocrx_word' id='word_1_558' title='bbox 1559 3622 2070 3687; x_wconf 89' lang='lat' dir='ltr'><strong>denominationem,</strong></span> <span class='ocrx_word' id='word_1_559' title='bbox 2112 3624 2277 3679; x_wconf 91' lang='lat' dir='ltr'><strong>veluti</strong></span> <span class='ocrx_word' id='word_1_560' title='bbox 2306 3634 2485 3677; x_wconf 88' lang='lat' dir='ltr'><strong>notam</strong></span> <span class='ocrx_word' id='word_1_561' title='bbox 2533 3630 2693 3690; x_wconf 87' lang='lat' dir='ltr'><strong>atque</strong></span> <span class='ocrx_word' id='word_1_562' title='bbox 2759 3619 3013 3673; x_wconf 88' lang='lat' dir='ltr'><strong>indicium</strong></span> <span class='ocrx_word' id='word_1_563' title='bbox 3089 3616 3300 3671; x_wconf 69' lang='lat' dir='ltr'><strong>eximia:</strong></span> <span class='ocrx_word' id='word_1_564' title='bbox 3363 3627 3469 3668; x_wconf 73' lang='lat' dir='ltr'><strong>sua:</strong></span> <span class='ocrx_word' id='word_1_565' title='bbox 3522 3611 3603 3664; x_wconf 77' lang='lat' dir='ltr'><strong>b0-</strong></span> 
     </span>
    </p>
   </div>
   <div class='ocr_carea' id='block_1_73' title="bbox 403 3704 3603 3785">
    <p class='ocr_par' dir='ltr' id='par_1_73' title="bbox 403 3704 3603 3785">
     <span class='ocr_line' id='line_1_73' title="bbox 403 3704 3603 3785; baseline -0.003 -17"><span class='ocrx_word' id='word_1_566' title='bbox 403 3717 606 3782; x_wconf 89' lang='lat' dir='ltr'><strong>nitatis,</strong></span> <span class='ocrx_word' id='word_1_567' title='bbox 640 3716 853 3770; x_wconf 89' lang='lat' dir='ltr'><strong>haheat.</strong></span> <span class='ocrx_word' id='word_1_568' title='bbox 885 3715 1019 3769; x_wconf 87' lang='lat' dir='ltr'><strong>Nam</strong></span> <span class='ocrx_word' id='word_1_569' title='bbox 1056 3730 1247 3785; x_wconf 85' lang='lat' dir='ltr'><strong>magna</strong></span> <span class='ocrx_word' id='word_1_570' title='bbox 1282 3716 1497 3784; x_wconf 85' lang='lat' dir='ltr'><strong>quidem</strong></span> <span class='ocrx_word' id='word_1_571' title='bbox 1542 3716 1804 3769; x_wconf 88' lang='lat' dir='ltr'><strong>elementa</strong></span> <span class='ocrx_word' id='word_1_572' title='bbox 1835 3728 1961 3771; x_wconf 90' lang='lat' dir='ltr'><strong>sunt</strong></span> <span class='ocrx_word' id='word_1_573' title='bbox 2001 3716 2215 3778; x_wconf 79' lang='lat' dir='ltr'><strong>cmlum,</strong></span> <span class='ocrx_word' id='word_1_574' title='bbox 2253 3727 2414 3780; x_wconf 84' lang='lat' dir='ltr'><strong>terra,</strong></span> <span class='ocrx_word' id='word_1_575' title='bbox 2492 3730 2668 3779; x_wconf 87' lang='lat' dir='ltr'><strong>mare;</strong></span> <span class='ocrx_word' id='word_1_576' title='bbox 2711 3728 2899 3781; x_wconf 77' lang='lat' dir='ltr'><strong>magna</strong></span> <span class='ocrx_word' id='word_1_577' title='bbox 2942 3726 3152 3779; x_wconf 87' lang='lat' dir='ltr'><strong>quoque</strong></span> <span class='ocrx_word' id='word_1_578' title='bbox 3214 3718 3299 3762; x_wconf 88' lang='lat' dir='ltr'><strong>est</strong></span> <span class='ocrx_word' id='word_1_579' title='bbox 3354 3704 3603 3761; x_wconf 76' lang='lat' dir='ltr'><strong>rationalis</strong></span> 
     </span>
    </p>
   </div>
   <div class='ocr_carea' id='block_1_74' title="bbox 403 3806 3599 3877">
    <p class='ocr_par' dir='ltr' id='par_1_74' title="bbox 403 3806 3599 3877">
     <span class='ocr_line' id='line_1_74' title="bbox 403 3806 3599 3877; baseline -0.004 -17"><span class='ocrx_word' id='word_1_580' title='bbox 403 3817 652 3861; x_wconf 89' lang='lat' dir='ltr'><strong>creatura</strong></span> <span class='ocrx_word' id='word_1_581' title='bbox 714 3806 1046 3876; x_wconf 87' lang='lat' dir='ltr'><strong>angelorum,</strong></span> <span class='ocrx_word' id='word_1_582' title='bbox 1088 3817 1143 3860; x_wconf 88' lang='lat' dir='ltr'><strong>et</strong></span> <span class='ocrx_word' id='word_1_583' title='bbox 1175 3807 1463 3876; x_wconf 87' lang='lat' dir='ltr'><strong>cujuslibet</strong></span> <span class='ocrx_word' id='word_1_584' title='bbox 1512 3809 1958 3877; x_wconf 67' lang='lat' dir='ltr'><strong>supermundanae</strong></span> <span class='ocrx_word' id='word_1_585' title='bbox 1997 3809 2320 3876; x_wconf 86' lang='lat' dir='ltr'><strong>potestatis:</strong></span> <span class='ocrx_word' id='word_1_586' title='bbox 2362 3808 2454 3862; x_wconf 89' lang='lat' dir='ltr'><strong>sed</strong></span> <span class='ocrx_word' id='word_1_587' title='bbox 2520 3822 2549 3859; x_wconf 89' lang='lat' dir='ltr'><strong>a</strong></span> <span class='ocrx_word' id='word_1_588' title='bbox 2587 3806 2726 3859; x_wconf 90' lang='lat' dir='ltr'><strong>nulla</strong></span> <span class='ocrx_word' id='word_1_589' title='bbox 2759 3807 2945 3859; x_wconf 87' lang='lat' dir='ltr'><strong>harum</strong></span> <span class='ocrx_word' id='word_1_590' title='bbox 2991 3812 3363 3857; x_wconf 85' lang='lat' dir='ltr'><strong>creaturarum</strong></span> <span class='ocrx_word' id='word_1_591' title='bbox 3430 3812 3599 3852; x_wconf 85' lang='lat' dir='ltr'><strong>nomen</strong></span> 
     </span>
    </p>
   </div>
   <div class='ocr_carea' id='block_1_75' title="bbox 406 3888 3601 3967">
    <p class='ocr_par' dir='ltr' id='par_1_75' title="bbox 406 3888 3601 3967">
     <span class='ocr_line' id='line_1_75' title="bbox 406 3888 3601 3967; baseline -0.003 -18"><span class='ocrx_word' id='word_1_592' title='bbox 406 3911 616 3951; x_wconf 81' lang='lat' dir='ltr'><strong>sumere</strong></span> <span class='ocrx_word' id='word_1_593' title='bbox 642 3896 751 3967; x_wconf 79' lang='grc'><strong>(55)</strong></span> <span class='ocrx_word' id='word_1_594' title='bbox 776 3897 945 3951; x_wconf 89' lang='lat' dir='ltr'><strong>voluit</strong></span> <span class='ocrx_word' id='word_1_595' title='bbox 974 3896 1239 3961; x_wconf 84' lang='lat' dir='ltr'><strong>Trinitas;</strong></span> <span class='ocrx_word' id='word_1_596' title='bbox 1289 3910 1470 3951; x_wconf 81' lang='lat' dir='ltr'><strong>cuine</strong></span> <span class='ocrx_word' id='word_1_597' title='bbox 1510 3898 1778 3952; x_wconf 90' lang='lat' dir='ltr'><strong>contrario</strong></span> <span class='ocrx_word' id='word_1_598' title='bbox 1840 3913 1906 3952; x_wconf 78' lang='lat' dir='ltr'><strong>ex</strong></span> <span class='ocrx_word' id='word_1_599' title='bbox 1971 3913 2032 3953; x_wconf 87' lang='lat' dir='ltr'><strong>ea</strong></span> <span class='ocrx_word' id='word_1_600' title='bbox 2069 3899 2343 3961; x_wconf 89' lang='lat' dir='ltr'><strong>bonitate,</strong></span> <span class='ocrx_word' id='word_1_601' title='bbox 2400 3912 2504 3966; x_wconf 90' lang='lat' dir='ltr'><strong>qua</strong></span> <span class='ocrx_word' id='word_1_602' title='bbox 2568 3896 2835 3950; x_wconf 82' lang='lat' dir='ltr'><strong>hominem</strong></span> <span class='ocrx_word' id='word_1_603' title='bbox 2895 3893 3268 3964; x_wconf 82' lang='lat' dir='ltr'><strong>prosequitur,</strong></span> <span class='ocrx_word' id='word_1_604' title='bbox 3327 3888 3601 3960; x_wconf 75' lang='grc' dir='ltr'>φιλάνθρωο</span> 
     </span>
    </p>
   </div>
   <div class='ocr_carea' id='block_1_76' title="bbox 406 3989 2509 4060">
    <p class='ocr_par' dir='ltr' id='par_1_76' title="bbox 406 3989 2509 4060">
     <span class='ocr_line' id='line_1_76' title="bbox 406 3989 2509 4060; baseline -0.001 -16"><span class='ocrx_word' id='word_1_605' title='bbox 406 4011 526 4058; x_wconf 68' lang='lat' dir='ltr'><strong>mg,</strong></span> <span class='ocrx_word' id='word_1_606' title='bbox 577 3991 676 4044; x_wconf 92' lang='lat' dir='ltr'><strong>hoc</strong></span> <span class='ocrx_word' id='word_1_607' title='bbox 724 3999 825 4053; x_wconf 87' lang='lat' dir='ltr'><strong>est,</strong></span> <span class='ocrx_word' id='word_1_608' title='bbox 856 3989 1089 4042; x_wconf 82' lang='lat' dir='ltr'><strong>amatrix</strong></span> <span class='ocrx_word' id='word_1_609' title='bbox 1126 3990 1424 4055; x_wconf 89' lang='lat' dir='ltr'><strong>hominum,</strong></span> <span class='ocrx_word' id='word_1_610' title='bbox 1460 4005 1555 4046; x_wconf 85' lang='lat' dir='ltr'><strong>seu</strong></span> <span class='ocrx_word' id='word_1_611' title='bbox 1608 3991 1837 4060; x_wconf 78' lang='lat' dir='ltr'><strong>benigna</strong></span> <span class='ocrx_word' id='word_1_612' title='bbox 1884 3990 1933 4044; x_wconf 93' lang='lat' dir='ltr'><strong>in</strong></span> <span class='ocrx_word' id='word_1_613' title='bbox 1975 3990 2235 4052; x_wconf 91' lang='lat' dir='ltr'><strong>homines,</strong></span> <span class='ocrx_word' id='word_1_614' title='bbox 2270 4000 2509 4044; x_wconf 89' lang='lat' dir='ltr'><strong>vocetur.</strong></span> 
     </span>
    </p>
   </div>
   <div class='ocr_carea' id='block_1_77' title="bbox 477 4072 1968 4151">
    <p class='ocr_par' dir='ltr' id='par_1_77' title="bbox 477 4080 1968 4151">
     <span class='ocr_line' id='line_1_77' title="bbox 477 4080 1968 4151; baseline -0.003 -11"><span class='ocrx_word' id='word_1_615' title='bbox 477 4086 549 4140; x_wconf 78' lang='grc' dir='ltr'><strong>Χ.</strong></span> <span class='ocrx_word' id='word_1_616' title='bbox 575 4084 833 4138; x_wconf 83' lang='lat' dir='ltr'><strong>Creatura</strong></span> <span class='ocrx_word' id='word_1_617' title='bbox 868 4094 1022 4135; x_wconf 89' lang='lat' dir='ltr'><strong>serva</strong></span> <span class='ocrx_word' id='word_1_618' title='bbox 1071 4090 1152 4136; x_wconf 86' lang='lat' dir='ltr'><strong>est</strong></span> <span class='ocrx_word' id='word_1_619' title='bbox 1194 4080 1425 4146; x_wconf 90' lang='lat' dir='ltr'><strong>Domini,</strong></span> <span class='ocrx_word' id='word_1_620' title='bbox 1457 4082 1548 4151; x_wconf 91' lang='lat' dir='ltr'><strong>qui</strong></span> <span class='ocrx_word' id='word_1_621' title='bbox 1595 4097 1714 4136; x_wconf 88' lang='lat' dir='ltr'><strong>eam</strong></span> <span class='ocrx_word' id='word_1_622' title='bbox 1768 4082 1968 4136; x_wconf 75' lang='lat' dir='ltr'><strong>alfabrc</strong></span> 
     </span>
    </p>
   </div>
   <div class='ocr_carea' id='block_1_78' title="bbox 2104 4072 3605 4151">
    <p class='ocr_par' dir='ltr' id='par_1_78' title="bbox 2146 4072 3605 4149">
     <span class='ocr_line' id='line_1_78' title="bbox 2146 4072 3605 4149; baseline -0.01 -14"><span class='ocrx_word' id='word_1_623' title='bbox 2146 4081 2201 4136; x_wconf 88' lang='lat'><strong>1&#39;.</strong></span> <span class='ocrx_word' id='word_1_624' title='bbox 2255 4084 2318 4134; x_wconf 81' lang='grc' dir='ltr'><strong>Ἠ</strong></span> <span class='ocrx_word' id='word_1_625' title='bbox 2359 4082 2553 4143; x_wconf 81' lang='grc' dir='ltr'>κτίσις,</span> <span class='ocrx_word' id='word_1_626' title='bbox 2585 4079 2744 4149; x_wconf 82' lang='grc' dir='ltr'>δούλη</span> <span class='ocrx_word' id='word_1_627' title='bbox 2775 4078 2867 4132; x_wconf 88' lang='grc' dir='ltr'><strong>τοῦ</strong></span> <span class='ocrx_word' id='word_1_628' title='bbox 2898 4074 3299 4148; x_wconf 82' lang='grc' dir='ltr'>τεχνησαμένου</span> <span class='ocrx_word' id='word_1_629' title='bbox 3338 4072 3499 4143; x_wconf 77' lang='grc' dir='ltr'>αὐτὴν</span> <span class='ocrx_word' id='word_1_630' title='bbox 3525 4073 3605 4121; x_wconf 83' lang='grc' dir='ltr'><strong>Δε-</strong></span> 
     </span>
    </p>
   </div>
   <div class='ocr_carea' id='block_1_79' title="bbox 412 4161 1968 4243">
    <p class='ocr_par' dir='ltr' id='par_1_79' title="bbox 412 4171 1966 4243">
     <span class='ocr_line' id='line_1_79' title="bbox 412 4171 1966 4243; baseline -0.003 -12"><span class='ocrx_word' id='word_1_631' title='bbox 412 4174 672 4238; x_wconf 88' lang='lat' dir='ltr'><strong>condidit,</strong></span> <span class='ocrx_word' id='word_1_632' title='bbox 696 4187 761 4227; x_wconf 90' lang='lat' dir='ltr'><strong>ac</strong></span> <span class='ocrx_word' id='word_1_633' title='bbox 788 4171 1112 4237; x_wconf 87' lang='lat' dir='ltr'><strong>libertatem,</strong></span> <span class='ocrx_word' id='word_1_634' title='bbox 1141 4187 1303 4241; x_wconf 91' lang='lat' dir='ltr'><strong>quam</strong></span> <span class='ocrx_word' id='word_1_635' title='bbox 1331 4188 1397 4227; x_wconf 81' lang='lat' dir='ltr'><strong>ex</strong></span> <span class='ocrx_word' id='word_1_636' title='bbox 1430 4189 1488 4229; x_wconf 88' lang='lat' dir='ltr'><strong>se</strong></span> <span class='ocrx_word' id='word_1_637' title='bbox 1511 4174 1623 4243; x_wconf 88' lang='lat' dir='ltr'><strong>ipsa</strong></span> <span class='ocrx_word' id='word_1_638' title='bbox 1648 4189 1753 4227; x_wconf 90' lang='lat' dir='ltr'><strong>non</strong></span> <span class='ocrx_word' id='word_1_639' title='bbox 1783 4174 1966 4238; x_wconf 88' lang='lat' dir='ltr'><strong>habet,</strong></span> 
     </span>
    </p>
   </div>
   <div class='ocr_carea' id='block_1_80' title="bbox 2104 4161 3602 4243">
    <p class='ocr_par' dir='ltr' id='par_1_80' title="bbox 2104 4161 3602 4242">
     <span class='ocr_line' id='line_1_80' title="bbox 2104 4161 3602 4242; baseline -0.007 -16"><span class='ocrx_word' id='word_1_640' title='bbox 2104 4175 2271 4227; x_wconf 82' lang='grc' dir='ltr'>’πότου</span> <span class='ocrx_word' id='word_1_641' title='bbox 2306 4173 2661 4242; x_wconf 85' lang='grc' dir='ltr'>καθέστηκεν,</span> <span class='ocrx_word' id='word_1_642' title='bbox 2697 4170 3036 4241; x_wconf 82' lang='grc' dir='ltr'>ἐλευθερίαν,</span> <span class='ocrx_word' id='word_1_643' title='bbox 3079 4169 3145 4239; x_wconf 77' lang='grc' dir='ltr'>ἢν</span> <span class='ocrx_word' id='word_1_644' title='bbox 3177 4168 3267 4235; x_wconf 82' lang='grc' dir='ltr'><strong>ἀφ’</strong></span> <span class='ocrx_word' id='word_1_645' title='bbox 3309 4164 3499 4232; x_wconf 79' lang='grc' dir='ltr'>ὲαυτῆς</span> <span class='ocrx_word' id='word_1_646' title='bbox 3543 4161 3602 4230; x_wconf 82' lang='grc' dir='ltr'>μὴ</span> 
     </span>
    </p>
   </div>
   <div class='ocr_carea' id='block_1_81' title="bbox 411 4251 1968 4336">
    <p class='ocr_par' dir='ltr' id='par_1_81' title="bbox 411 4263 1968 4336">
     <span class='ocr_line' id='line_1_81' title="bbox 411 4263 1968 4336; baseline -0.001 -16"><span class='ocrx_word' id='word_1_647' title='bbox 411 4282 584 4336; x_wconf 88' lang='lat' dir='ltr'><strong>neque</strong></span> <span class='ocrx_word' id='word_1_648' title='bbox 622 4263 832 4319; x_wconf 88' lang='lat' dir='ltr'><strong>sibimet</strong></span> <span class='ocrx_word' id='word_1_649' title='bbox 892 4264 1027 4332; x_wconf 90' lang='lat' dir='ltr'><strong>ipsa,</strong></span> <span class='ocrx_word' id='word_1_650' title='bbox 1080 4280 1179 4318; x_wconf 90' lang='lat' dir='ltr'><strong>nec</strong></span> <span class='ocrx_word' id='word_1_651' title='bbox 1220 4265 1340 4319; x_wconf 91' lang='lat' dir='ltr'><strong>aliis</strong></span> <span class='ocrx_word' id='word_1_652' title='bbox 1376 4266 1613 4335; x_wconf 65' lang='lat' dir='ltr'><strong>praebere</strong></span> <span class='ocrx_word' id='word_1_653' title='bbox 1650 4273 1856 4333; x_wconf 84' lang='lat' dir='ltr'><strong>potest;</strong></span> <span class='ocrx_word' id='word_1_654' title='bbox 1893 4265 1968 4318; x_wconf 88' lang='lat' dir='ltr'><strong>ait</strong></span> 
     </span>
    </p>
   </div>
   <div class='ocr_carea' id='block_1_82' title="bbox 2104 4251 3603 4336">
    <p class='ocr_par' dir='ltr' id='par_1_82' title="bbox 2104 4251 3603 4333">
     <span class='ocr_line' id='line_1_82' title="bbox 2104 4251 3603 4333; baseline -0.008 -21"><span class='ocrx_word' id='word_1_655' title='bbox 2104 4263 2354 4333; x_wconf 69' lang='grc' dir='ltr'>ιέκτηται,</span> <span class='ocrx_word' id='word_1_656' title='bbox 2385 4260 2506 4313; x_wconf 68' lang='grc' dir='ltr'>οὔτε</span> <span class='ocrx_word' id='word_1_657' title='bbox 2532 4263 2693 4331; x_wconf 78' lang='grc' dir='ltr'>ἑαυτῇ</span> <span class='ocrx_word' id='word_1_658' title='bbox 2715 4260 2823 4312; x_wconf 68' lang='grc' dir='ltr'>οὔτ’</span> <span class='ocrx_word' id='word_1_659' title='bbox 2849 4259 3024 4320; x_wconf 75' lang='grc' dir='ltr'>ἄλλοις</span> <span class='ocrx_word' id='word_1_660' title='bbox 3054 4256 3311 4327; x_wconf 80' lang='grc' dir='ltr'>παρέχειν</span> <span class='ocrx_word' id='word_1_661' title='bbox 3338 4251 3603 4321; x_wconf 74' lang='grc' dir='ltr'>δυναμένη.</span> 
     </span>
    </p>
   </div>
   <div class='ocr_carea' id='block_1_83' title="bbox 412 4341 1968 4427">
    <p class='ocr_par' dir='ltr' id='par_1_83' title="bbox 412 4353 1966 4427">
     <span class='ocr_line' id='line_1_83' title="bbox 412 4353 1966 4427; baseline -0.005 -13"><span class='ocrx_word' id='word_1_662' title='bbox 412 4359 551 4416; x_wconf 84' lang='lat' dir='ltr'><strong>enim</strong></span> <span class='ocrx_word' id='word_1_663' title='bbox 586 4355 904 4427; x_wconf 87' lang='lat' dir='ltr'><strong>prophetia:</strong></span> <span class='ocrx_word' id='word_1_664' title='bbox 948 4374 965 4406; x_wconf 73' lang='grc' dir='ltr'><strong>ι</strong></span> <span class='ocrx_word' id='word_1_665' title='bbox 1001 4353 1190 4410; x_wconf 88' lang='lat' dir='ltr'><strong>Omnia</strong></span> <span class='ocrx_word' id='word_1_666' title='bbox 1229 4356 1343 4427; x_wconf 72' lang='grc'><strong>(54)</strong></span> <span class='ocrx_word' id='word_1_667' title='bbox 1378 4357 1620 4412; x_wconf 87' lang='lat' dir='ltr'><strong>serviunt</strong></span> <span class='ocrx_word' id='word_1_668' title='bbox 1672 4355 1787 4410; x_wconf 87' lang='lat' dir='ltr'><strong>tibi.</strong></span> <span class='ocrx_word' id='word_1_669' title='bbox 1826 4374 1845 4406; x_wconf 78' lang='grc' dir='ltr'><strong>ι</strong></span> <span class='ocrx_word' id='word_1_670' title='bbox 1901 4355 1966 4409; x_wconf 79' lang='lat' dir='ltr'><strong>At</strong></span> 
     </span>
    </p>
   </div>
   <div class='ocr_carea' id='block_1_84' title="bbox 2104 4341 3607 4427">
    <p class='ocr_par' dir='ltr' id='par_1_84' title="bbox 2104 4341 3607 4425">
     <span class='ocr_line' id='line_1_84' title="bbox 2104 4341 3607 4425; baseline -0.015 -10"><span class='ocrx_word' id='word_1_671' title='bbox 2104 4356 2205 4424; x_wconf 73' lang='grc' dir='ltr'>’τισὶ</span> <span class='ocrx_word' id='word_1_672' title='bbox 2252 4356 2359 4425; x_wconf 83' lang='grc' dir='ltr'>γὰρ</span> <span class='ocrx_word' id='word_1_673' title='bbox 2404 4356 2437 4423; x_wconf 79' lang='grc' dir='ltr'>ἡ</span> <span class='ocrx_word' id='word_1_674' title='bbox 2504 4353 2837 4425; x_wconf 72' lang='grc' dir='ltr'>προφητείαο</span> <span class='ocrx_word' id='word_1_675' title='bbox 2897 4371 2915 4403; x_wconf 82' lang='grc'><strong>‹</strong></span> <span class='ocrx_word' id='word_1_676' title='bbox 2974 4349 3053 4403; x_wconf 79' lang='grc' dir='ltr'>Τὰ</span> <span class='ocrx_word' id='word_1_677' title='bbox 3107 4348 3427 4418; x_wconf 85' lang='grc' dir='ltr'>σύμπαντα,</span> <span class='ocrx_word' id='word_1_678' title='bbox 3468 4341 3607 4395; x_wconf 79' lang='grc' dir='ltr'>δοῦλα</span> 
     </span>
    </p>
   </div>
   <div class='ocr_carea' id='block_1_85' title="bbox 413 4557 1968 4649">
    <p class='ocr_par' dir='ltr' id='par_1_85' title="bbox 413 4576 1966 4649">
     <span class='ocr_line' id='line_1_85' title="bbox 413 4576 1966 4649; baseline -0.007 -14"><span class='ocrx_word' id='word_1_679' title='bbox 413 4578 676 4649; x_wconf 86' lang='lat' dir='ltr'><strong>plutensis</strong></span> <span class='ocrx_word' id='word_1_680' title='bbox 704 4576 907 4649; x_wconf 83' lang='lat' dir='ltr'><strong>editio:</strong></span> <span class='ocrx_word' id='word_1_681' title='bbox 967 4576 1026 4629; x_wconf 87' lang='grc' dir='ltr'><strong>Ὀ</strong></span> <span class='ocrx_word' id='word_1_682' title='bbox 1056 4577 1593 4649; x_wconf 83' lang='grc' dir='ltr'>συμπεριφερόμενος</span> <span class='ocrx_word' id='word_1_683' title='bbox 1641 4576 1842 4649; x_wconf 81' lang='grc' dir='ltr'>σοφοῖς,</span> <span class='ocrx_word' id='word_1_684' title='bbox 1880 4591 1966 4649; x_wconf 77' lang='grc' dir='ltr'>σο-</span> 
     </span>
    </p>
   </div>
   <div class='ocr_carea' id='block_1_86' title="bbox 2104 4557 3604 4649">
    <p class='ocr_par' dir='ltr' id='par_1_86' title="bbox 2106 4562 3604 4649">
     <span class='ocr_line' id='line_1_86' title="bbox 2106 4562 3604 4649; baseline -0.009 -23"><span class='ocrx_word' id='word_1_685' title='bbox 2106 4582 2157 4649; x_wconf 76' lang='lat' dir='ltr'><strong>st</strong></span> <span class='ocrx_word' id='word_1_686' title='bbox 2179 4574 2333 4649; x_wconf 77' lang='lat' dir='ltr'><strong>citari</strong></span> <span class='ocrx_word' id='word_1_687' title='bbox 2360 4588 2389 4626; x_wconf 89' lang='lat' dir='ltr'><strong>a</strong></span> <span class='ocrx_word' id='word_1_688' title='bbox 2418 4573 2647 4649; x_wconf 52' lang='lat' dir='ltr'><strong>Didyme</strong></span> <span class='ocrx_word' id='word_1_689' title='bbox 2668 4583 2830 4649; x_wconf 67' lang='lat' dir='ltr'><strong>caput</strong></span> <span class='ocrx_word' id='word_1_690' title='bbox 2849 4571 3133 4649; x_wconf 74' lang='lat' dir='ltr'><strong>septimum</strong></span> <span class='ocrx_word' id='word_1_691' title='bbox 3154 4566 3286 4649; x_wconf 38' lang='lat' dir='ltr'><strong>.libri</strong></span> <span class='ocrx_word' id='word_1_692' title='bbox 3313 4562 3604 4649; x_wconf 66' lang='lat' dir='ltr'><strong>sapientiae,</strong></span> 
     </span>
    </p>
   </div>
   <div class='ocr_carea' id='block_1_87' title="bbox 412 4646 1961 4719">
    <p class='ocr_par' dir='ltr' id='par_1_87' title="bbox 412 4646 1961 4719">
     <span class='ocr_line' id='line_1_87' title="bbox 412 4646 1961 4719; baseline -0.004 -16"><span class='ocrx_word' id='word_1_693' title='bbox 412 4646 755 4719; x_wconf 71' lang='grc' dir='ltr'>φισθήσεται,</span> <span class='ocrx_word' id='word_1_694' title='bbox 784 4647 834 4719; x_wconf 71' lang='lat' dir='ltr'><strong>id</strong></span> <span class='ocrx_word' id='word_1_695' title='bbox 858 4658 959 4712; x_wconf 88' lang='lat' dir='ltr'><strong>est,</strong></span> <span class='ocrx_word' id='word_1_696' title='bbox 993 4664 1011 4697; x_wconf 73' lang='grc' dir='ltr'><strong>ι</strong></span> <span class='ocrx_word' id='word_1_697' title='bbox 1041 4646 1531 4719; x_wconf 70' lang='lat' dir='ltr'><strong>qtticircuml&#39;ertur</strong></span> <span class='ocrx_word' id='word_1_698' title='bbox 1555 4660 1673 4699; x_wconf 89' lang='lat' dir='ltr'><strong>cum</strong></span> <span class='ocrx_word' id='word_1_699' title='bbox 1705 4646 1961 4719; x_wconf 78' lang='lat' dir='ltr'><strong>sapienti-</strong></span> 
     </span>
    </p>
   </div>
   <div class='ocr_carea' id='block_1_88' title="bbox 416 4714 1967 4787">
    <p class='ocr_par' dir='ltr' id='par_1_88' title="bbox 416 4714 1967 4787">
     <span class='ocr_line' id='line_1_88' title="bbox 416 4714 1967 4787; baseline -0.005 -14"><span class='ocrx_word' id='word_1_700' title='bbox 416 4714 533 4783; x_wconf 81' lang='lat' dir='ltr'><strong>bus,</strong></span> <span class='ocrx_word' id='word_1_701' title='bbox 558 4714 770 4787; x_wconf 79' lang='lat' dir='ltr'><strong>sapiens</strong></span> <span class='ocrx_word' id='word_1_702' title='bbox 806 4717 916 4771; x_wconf 79' lang='lat' dir='ltr'><strong>(iet.</strong></span> <span class='ocrx_word' id='word_1_703' title='bbox 966 4737 985 4769; x_wconf 72' lang='grc' dir='ltr'><strong>ι</strong></span> <span class='ocrx_word' id='word_1_704' title='bbox 1029 4716 1498 4787; x_wconf 73' lang='lat' dir='ltr'><strong>Francol‘urtensis</strong></span> <span class='ocrx_word' id='word_1_705' title='bbox 1540 4729 1667 4787; x_wconf 83' lang='lat' dir='ltr'><strong>vero</strong></span> <span class='ocrx_word' id='word_1_706' title='bbox 1710 4714 1967 4787; x_wconf 78' lang='lat' dir='ltr'><strong>habet_ut</strong></span> 
     </span>
    </p>
   </div>
   <div class='ocr_carea' id='block_1_89' title="bbox 416 4782 1967 4860">
    <p class='ocr_par' dir='ltr' id='par_1_89' title="bbox 416 4782 1967 4860">
     <span class='ocr_line' id='line_1_89' title="bbox 416 4782 1967 4860; baseline -0.002 -19"><span class='ocrx_word' id='word_1_707' title='bbox 416 4782 691 4860; x_wconf 82' lang='lat' dir='ltr'><strong>Didymus,</strong></span> <span class='ocrx_word' id='word_1_708' title='bbox 720 4789 821 4843; x_wconf 85' lang='lat' dir='ltr'><strong>nisi</strong></span> <span class='ocrx_word' id='word_1_709' title='bbox 854 4789 995 4860; x_wconf 79' lang='lat' dir='ltr'><strong>quod</strong></span> <span class='ocrx_word' id='word_1_710' title='bbox 1028 4804 1154 4854; x_wconf 87' lang='lat' dir='ltr'><strong>pro,</strong></span> <span class='ocrx_word' id='word_1_711' title='bbox 1180 4785 1390 4860; x_wconf 64' lang='lat' dir='ltr'><strong>Ean,_id</strong></span> <span class='ocrx_word' id='word_1_712' title='bbox 1416 4793 1498 4838; x_wconf 89' lang='lat' dir='ltr'><strong>est</strong></span> <span class='ocrx_word' id='word_1_713' title='bbox 1529 4801 1554 4860; x_wconf 57' lang='grc' dir='ltr'><strong>ι</strong></span> <span class='ocrx_word' id='word_1_714' title='bbox 1578 4784 1725 4860; x_wconf 72' lang='lat' dir='ltr'><strong>eris,</strong></span> <span class='ocrx_word' id='word_1_715' title='bbox 1760 4800 1779 4833; x_wconf 76' lang='grc' dir='ltr'><strong>ι</strong></span> <span class='ocrx_word' id='word_1_716' title='bbox 1808 4782 1967 4860; x_wconf 79' lang='lat' dir='ltr'><strong>habet</strong></span> 
     </span>
    </p>
   </div>
   <div class='ocr_carea' id='block_1_90' title="bbox 414 4853 1966 4925">
    <p class='ocr_par' dir='ltr' id='par_1_90' title="bbox 414 4853 1966 4925">
     <span class='ocr_line' id='line_1_90' title="bbox 414 4853 1966 4925; baseline -0.003 -13"><span class='ocrx_word' id='word_1_717' title='bbox 414 4853 597 4924; x_wconf 72' lang='grc' dir='ltr'>ἔσται,</span> <span class='ocrx_word' id='word_1_718' title='bbox 631 4860 681 4911; x_wconf 91' lang='lat' dir='ltr'><strong>id</strong></span> <span class='ocrx_word' id='word_1_719' title='bbox 712 4867 794 4911; x_wconf 86' lang='lat' dir='ltr'><strong>est</strong></span> <span class='ocrx_word' id='word_1_720' title='bbox 836 4853 1039 4910; x_wconf 21' lang='lat' dir='ltr'><strong>c—erit.’</strong></span> <span class='ocrx_word' id='word_1_721' title='bbox 1068 4877 1085 4909; x_wconf 72' lang='grc' dir='ltr'><strong>ι</strong></span> <span class='ocrx_word' id='word_1_722' title='bbox 1133 4860 1201 4910; x_wconf 86' lang='grc' dir='ltr'>Δι</span> <span class='ocrx_word' id='word_1_723' title='bbox 1247 4853 1498 4925; x_wconf 81' lang='lat' dir='ltr'><strong>Didymus</strong></span> <span class='ocrx_word' id='word_1_724' title='bbox 1542 4854 1593 4907; x_wconf 87' lang='lat' dir='ltr'><strong>in</strong></span> <span class='ocrx_word' id='word_1_725' title='bbox 1634 4853 1775 4925; x_wconf 81' lang='lat' dir='ltr'><strong>libro</strong></span> <span class='ocrx_word' id='word_1_726' title='bbox 1805 4853 1966 4908; x_wconf 86' lang='lat' dir='ltr'><strong>etiam</strong></span> 
     </span>
    </p>
   </div>
   <div class='ocr_carea' id='block_1_91' title="bbox 415 4924 1745 4996">
    <p class='ocr_par' dir='ltr' id='par_1_91' title="bbox 415 4924 1745 4996">
     <span class='ocr_line' id='line_1_91' title="bbox 415 4924 1745 4996; baseline -0.007 -14"><span class='ocrx_word' id='word_1_727' title='bbox 415 4929 493 4982; x_wconf 84' lang='lat' dir='ltr'><strong>De</strong></span> <span class='ocrx_word' id='word_1_728' title='bbox 530 4928 669 4996; x_wconf 78' lang='lat' dir='ltr'><strong>Spir.</strong></span> <span class='ocrx_word' id='word_1_729' title='bbox 697 4927 782 4993; x_wconf 90' lang='lat' dir='ltr'><strong>S.,</strong></span> <span class='ocrx_word' id='word_1_730' title='bbox 816 4942 962 4980; x_wconf 89' lang='lat' dir='ltr'><strong>num.</strong></span> <span class='ocrx_word' id='word_1_731' title='bbox 992 4926 1086 4989; x_wconf 72' lang='lat'><strong>21,</strong></span> <span class='ocrx_word' id='word_1_732' title='bbox 1113 4926 1256 4993; x_wconf 80' lang='lat' dir='ltr'><strong>legit,</strong></span> <span class='ocrx_word' id='word_1_733' title='bbox 1287 4924 1546 4996; x_wconf 58' lang='lat' dir='ltr'><strong>«sapiens</strong></span> <span class='ocrx_word' id='word_1_734' title='bbox 1567 4924 1694 4977; x_wconf 92' lang='lat' dir='ltr'><strong>eris.</strong></span> <span class='ocrx_word' id='word_1_735' title='bbox 1725 4941 1745 4974; x_wconf 70' lang='grc' dir='ltr'><strong>ι</strong></span> 
     </span>
    </p>
   </div>
   <div class='ocr_carea' id='block_1_92' title="bbox 490 4992 1969 5067">
    <p class='ocr_par' dir='ltr' id='par_1_92' title="bbox 490 4992 1969 5067">
     <span class='ocr_line' id='line_1_92' title="bbox 490 4992 1969 5067; baseline -0.004 -15"><span class='ocrx_word' id='word_1_736' title='bbox 490 4992 599 5067; x_wconf 58' lang='lat' dir='ltr'><strong>(an)</strong></span> <span class='ocrx_word' id='word_1_737' title='bbox 642 4992 775 5051; x_wconf 79' lang='lat' dir='ltr'><strong>Non</strong></span> <span class='ocrx_word' id='word_1_738' title='bbox 802 5012 962 5065; x_wconf 83' lang='lat' dir='ltr'><strong>usque</strong></span> <span class='ocrx_word' id='word_1_739' title='bbox 1009 4996 1064 5048; x_wconf 82' lang='lat' dir='ltr'><strong>in</strong></span> <span class='ocrx_word' id='word_1_740' title='bbox 1105 4992 1279 5067; x_wconf 64' lang='lat' dir='ltr'><strong>ﬁnem.</strong></span> <span class='ocrx_word' id='word_1_741' title='bbox 1313 4992 1716 5067; x_wconf 10' lang='lat' dir='ltr'><strong>13.x_Psal.rcn,</strong></span> <span class='ocrx_word' id='word_1_742' title='bbox 1747 5007 1890 5067; x_wconf 79' lang='lat' dir='ltr'><strong>vers.</strong></span> <span class='ocrx_word' id='word_1_743' title='bbox 1935 4992 1969 5047; x_wconf 92' lang='lat'><strong>9</strong></span> 
     </span>
    </p>
   </div>
   <div class='ocr_carea' id='block_1_93' title="bbox 417 5059 1972 5134">
    <p class='ocr_par' dir='ltr' id='par_1_93' title="bbox 417 5059 1972 5134">
     <span class='ocr_line' id='line_1_93' title="bbox 417 5059 1972 5134; baseline -0.001 -15"><span class='ocrx_word' id='word_1_744' title='bbox 417 5082 471 5119; x_wconf 80' lang='lat' dir='ltr'><strong>et</strong></span> <span class='ocrx_word' id='word_1_745' title='bbox 497 5059 592 5123; x_wconf 52' lang='lat' dir='ltr'><strong>&#39;lt).</strong></span> <span class='ocrx_word' id='word_1_746' title='bbox 632 5069 813 5123; x_wconf 76' lang='lat' dir='ltr'><strong>Codex</strong></span> <span class='ocrx_word' id='word_1_747' title='bbox 859 5059 1114 5120; x_wconf 81' lang='lat' dir='ltr'><strong>mendose</strong></span> <span class='ocrx_word' id='word_1_748' title='bbox 1153 5064 1260 5118; x_wconf 72' lang='grc' dir='ltr'>οὐδ’</span> <span class='ocrx_word' id='word_1_749' title='bbox 1298 5059 1368 5118; x_wconf 86' lang='grc' dir='ltr'>εἴ.</span> <span class='ocrx_word' id='word_1_750' title='bbox 1404 5064 1660 5131; x_wconf 86' lang='lat' dir='ltr'><strong>Emendo,</strong></span> <span class='ocrx_word' id='word_1_751' title='bbox 1704 5059 1774 5118; x_wconf 88' lang='lat' dir='ltr'><strong>ac</strong></span> <span class='ocrx_word' id='word_1_752' title='bbox 1821 5063 1972 5134; x_wconf 89' lang='lat' dir='ltr'><strong>lego,</strong></span> 
     </span>
    </p>
   </div>
   <div class='ocr_carea' id='block_1_94' title="bbox 417 5138 1439 5199">
    <p class='ocr_par' dir='ltr' id='par_1_94' title="bbox 417 5138 1439 5199">
     <span class='ocr_line' id='line_1_94' title="bbox 417 5138 1439 5199; baseline -0.002 -9"><span class='ocrx_word' id='word_1_753' title='bbox 417 5138 521 5191; x_wconf 69' lang='grc' dir='ltr'>οὐδ’</span> <span class='ocrx_word' id='word_1_754' title='bbox 552 5140 649 5199; x_wconf 84' lang='grc' dir='ltr'>είς.</span> <span class='ocrx_word' id='word_1_755' title='bbox 1431 5179 1439 5188; x_wconf 91' lang='grc'><em>.</em></span> 
     </span>
    </p>
   </div>
   <div class='ocr_carea' id='block_1_95' title="bbox 491 5202 1972 5279">
    <p class='ocr_par' dir='ltr' id='par_1_95' title="bbox 491 5202 1972 5279">
     <span class='ocr_line' id='line_1_95' title="bbox 491 5202 1972 5279; baseline -0.001 -20"><span class='ocrx_word' id='word_1_756' title='bbox 491 5204 1419 5279; x_wconf 25' lang='lat' dir='ltr'><strong>(47)duxta’Salomonemalnlibro</strong></span> <span class='ocrx_word' id='word_1_757' title='bbox 1455 5205 1617 5259; x_wconf 87' lang='lat' dir='ltr'><strong>etiam</strong></span> <span class='ocrx_word' id='word_1_758' title='bbox 1647 5204 1723 5257; x_wconf 86' lang='lat' dir='ltr'><strong>De</strong></span> <span class='ocrx_word' id='word_1_759' title='bbox 1750 5203 1889 5279; x_wconf 70' lang='lat' dir='ltr'><strong>Spir.</strong></span> <span class='ocrx_word' id='word_1_760' title='bbox 1914 5202 1972 5258; x_wconf 90' lang='lat' dir='ltr'><strong>S.</strong></span> 
     </span>
    </p>
   </div>
   <div class='ocr_carea' id='block_1_96' title="bbox 420 5274 1972 5344">
    <p class='ocr_par' dir='ltr' id='par_1_96' title="bbox 420 5274 1972 5344">
     <span class='ocr_line' id='line_1_96' title="bbox 420 5274 1972 5344; baseline -0.001 -14"><span class='ocrx_word' id='word_1_761' title='bbox 420 5274 698 5340; x_wconf 33' lang='lat' dir='ltr'><strong>nnin.’54,</strong></span> <span class='ocrx_word' id='word_1_762' title='bbox 732 5276 999 5329; x_wconf 89' lang='lat' dir='ltr'><strong>Salomoni</strong></span> <span class='ocrx_word' id='word_1_763' title='bbox 1032 5275 1219 5327; x_wconf 90' lang='lat' dir='ltr'><strong>tribuit</strong></span> <span class='ocrx_word' id='word_1_764' title='bbox 1252 5274 1528 5344; x_wconf 85' lang='lat' dir='ltr'><strong>theologus</strong></span> <span class='ocrx_word' id='word_1_765' title='bbox 1560 5284 1741 5329; x_wconf 89' lang='lat' dir='ltr'><strong>noster</strong></span> <span class='ocrx_word' id='word_1_766' title='bbox 1777 5277 1972 5329; x_wconf 89' lang='lat' dir='ltr'><strong>librum</strong></span> 
     </span>
    </p>
   </div>
   <div class='ocr_carea' id='block_1_97' title="bbox 380 5343 1978 5415">
    <p class='ocr_par' dir='ltr' id='par_1_97' title="bbox 380 5343 1978 5415">
     <span class='ocr_line' id='line_1_97' title="bbox 380 5343 1978 5415; baseline -0.003 -15"><span class='ocrx_word' id='word_1_767' title='bbox 380 5376 383 5381; x_wconf 69' lang='grc' dir='ltr'><strong>ι</strong></span> <span class='ocrx_word' id='word_1_768' title='bbox 423 5348 753 5415; x_wconf 70' lang='lat' dir='ltr'><strong>Sapientiae:</strong></span> <span class='ocrx_word' id='word_1_769' title='bbox 784 5346 897 5399; x_wconf 63' lang='lat' dir='ltr'><strong>haec</strong></span> <span class='ocrx_word' id='word_1_770' title='bbox 926 5345 1068 5397; x_wconf 90' lang='lat' dir='ltr'><strong>enim</strong></span> <span class='ocrx_word' id='word_1_771' title='bbox 1102 5344 1170 5397; x_wconf 88' lang='lat' dir='ltr'><strong>ibi</strong></span> <span class='ocrx_word' id='word_1_772' title='bbox 1199 5343 1466 5411; x_wconf 84' lang='lat' dir='ltr'><strong>legimus:</strong></span> <span class='ocrx_word' id='word_1_773' title='bbox 1507 5363 1526 5396; x_wconf 79' lang='grc' dir='ltr'><strong>ι</strong></span> <span class='ocrx_word' id='word_1_774' title='bbox 1566 5344 1783 5415; x_wconf 78' lang='lat' dir='ltr'><strong>Necnon</strong></span> <span class='ocrx_word' id='word_1_775' title='bbox 1826 5345 1978 5398; x_wconf 81' lang='lat' dir='ltr'><strong>Salo-</strong></span> 
     </span>
    </p>
   </div>
   <div class='ocr_carea' id='block_1_98' title="bbox 424 5414 1975 5484">
    <p class='ocr_par' dir='ltr' id='par_1_98' title="bbox 424 5414 1975 5484">
     <span class='ocr_line' id='line_1_98' title="bbox 424 5414 1975 5484; baseline -0.002 -14"><span class='ocrx_word' id='word_1_776' title='bbox 424 5414 547 5470; x_wconf 82' lang='lat' dir='ltr'><strong>mon</strong></span> <span class='ocrx_word' id='word_1_777' title='bbox 575 5418 714 5472; x_wconf 90' lang='lat' dir='ltr'><strong>inter</strong></span> <span class='ocrx_word' id='word_1_778' title='bbox 746 5414 909 5468; x_wconf 87' lang='lat' dir='ltr'><strong>multa</strong></span> <span class='ocrx_word' id='word_1_779' title='bbox 949 5416 1047 5467; x_wconf 91' lang='lat' dir='ltr'><strong>hoc</strong></span> <span class='ocrx_word' id='word_1_780' title='bbox 1073 5430 1282 5482; x_wconf 86' lang='lat' dir='ltr'><strong>quoque</strong></span> <span class='ocrx_word' id='word_1_781' title='bbox 1310 5429 1501 5484; x_wconf 86' lang='lat' dir='ltr'><strong>munus</strong></span> <span class='ocrx_word' id='word_1_782' title='bbox 1540 5429 1569 5468; x_wconf 88' lang='lat' dir='ltr'><strong>a</strong></span> <span class='ocrx_word' id='word_1_783' title='bbox 1614 5414 1723 5467; x_wconf 89' lang='lat' dir='ltr'><strong>Deo</strong></span> <span class='ocrx_word' id='word_1_784' title='bbox 1743 5416 1975 5484; x_wconf 87' lang='lat' dir='ltr'><strong>accepit,</strong></span> 
     </span>
    </p>
   </div>
   <div class='ocr_carea' id='block_1_99' title="bbox 426 5483 1978 5559">
    <p class='ocr_par' dir='ltr' id='par_1_99' title="bbox 426 5483 1978 5559">
     <span class='ocr_line' id='line_1_99' title="bbox 426 5483 1978 5559; baseline -0.001 -20"><span class='ocrx_word' id='word_1_785' title='bbox 426 5486 612 5559; x_wconf 71' lang='lat' dir='ltr'><strong>[eodem</strong></span> <span class='ocrx_word' id='word_1_786' title='bbox 653 5496 841 5559; x_wconf 64' lang='lat' dir='ltr'><strong>nostra!</strong></span> <span class='ocrx_word' id='word_1_787' title='bbox 894 5484 1207 5559; x_wconf 65' lang='lat' dir='ltr'><strong>bibliotheca:</strong></span> <span class='ocrx_word' id='word_1_788' title='bbox 1255 5497 1273 5535; x_wconf 94' lang='lat'><em>:</em></span> <span class='ocrx_word' id='word_1_789' title='bbox 1354 5483 1569 5559; x_wconf 74' lang='lat' dir='ltr'><strong>Necnon</strong></span> <span class='ocrx_word' id='word_1_790' title='bbox 1612 5494 1683 5559; x_wconf 90' lang='lat' dir='ltr'><strong>et_</strong></span> <span class='ocrx_word' id='word_1_791' title='bbox 1726 5483 1978 5538; x_wconf 85' lang='lat' dir='ltr'><strong>Salomon</strong></span> 
     </span>
    </p>
   </div>
   <div class='ocr_carea' id='block_1_100' title="bbox 427 5555 1980 5624">
    <p class='ocr_par' dir='ltr' id='par_1_100' title="bbox 427 5555 1980 5624">
     <span class='ocr_line' id='line_1_100' title="bbox 427 5555 1980 5624; baseline 0 -15"><span class='ocrx_word' id='word_1_792' title='bbox 427 5555 566 5610; x_wconf 66' lang='lat' dir='ltr'><strong>inter</strong></span> <span class='ocrx_word' id='word_1_793' title='bbox 600 5557 795 5609; x_wconf 87' lang='lat' dir='ltr'><strong>multas</strong></span> <span class='ocrx_word' id='word_1_794' title='bbox 825 5555 1046 5624; x_wconf 81' lang='lat' dir='ltr'><strong>gratias,</strong></span> <span class='ocrx_word' id='word_1_795' title='bbox 1088 5556 1187 5607; x_wconf 84' lang='lat' dir='ltr'><strong>hoc</strong></span> <span class='ocrx_word' id='word_1_796' title='bbox 1232 5568 1444 5621; x_wconf 86' lang='lat' dir='ltr'><strong>quoque</strong></span> <span class='ocrx_word' id='word_1_797' title='bbox 1478 5571 1507 5607; x_wconf 85' lang='lat' dir='ltr'><strong>a</strong></span> <span class='ocrx_word' id='word_1_798' title='bbox 1535 5555 1760 5608; x_wconf 90' lang='lat' dir='ltr'><strong>Domino</strong></span> <span class='ocrx_word' id='word_1_799' title='bbox 1790 5570 1980 5609; x_wconf 86' lang='lat' dir='ltr'><strong>munus</strong></span> 
     </span>
    </p>
   </div>
   <div class='ocr_carea' id='block_1_101' title="bbox 430 5624 1971 5697">
    <p class='ocr_par' dir='ltr' id='par_1_101' title="bbox 430 5624 1971 5697">
     <span class='ocr_line' id='line_1_101' title="bbox 430 5624 1971 5697; baseline 0 -18"><span class='ocrx_word' id='word_1_800' title='bbox 430 5629 634 5696; x_wconf 81' lang='lat' dir='ltr'><strong>accepit</strong></span> <span class='ocrx_word' id='word_1_801' title='bbox 657 5626 700 5697; x_wconf 86' lang='lat'><strong>].</strong></span> <span class='ocrx_word' id='word_1_802' title='bbox 744 5637 804 5680; x_wconf 90' lang='lat' dir='ltr'><strong>ut</strong></span> <span class='ocrx_word' id='word_1_803' title='bbox 829 5626 991 5697; x_wconf 82' lang='lat' dir='ltr'><strong>sciret</strong></span> <span class='ocrx_word' id='word_1_804' title='bbox 1014 5624 1296 5697; x_wconf 84' lang='lat' dir='ltr'><strong>violentias</strong></span> <span class='ocrx_word' id='word_1_805' title='bbox 1324 5625 1633 5693; x_wconf 89' lang='lat' dir='ltr'><strong>spirituum,</strong></span> <span class='ocrx_word' id='word_1_806' title='bbox 1658 5643 1676 5675; x_wconf 77' lang='grc' dir='ltr'><strong>ι</strong></span> <span class='ocrx_word' id='word_1_807' title='bbox 1703 5641 1804 5679; x_wconf 89' lang='lat' dir='ltr'><strong>non</strong></span> <span class='ocrx_word' id='word_1_808' title='bbox 1829 5626 1971 5679; x_wconf 90' lang='lat' dir='ltr'><strong>aliud</strong></span> 
     </span>
    </p>
   </div>
   <div class='ocr_carea' id='block_1_102' title="bbox 432 5696 1969 5763">
    <p class='ocr_par' dir='ltr' id='par_1_102' title="bbox 432 5696 1969 5763">
     <span class='ocr_line' id='line_1_102' title="bbox 432 5696 1969 5763; baseline -0.003 -11"><span class='ocrx_word' id='word_1_809' title='bbox 432 5716 490 5752; x_wconf 78' lang='lat' dir='ltr'><strong>se</strong></span> <span class='ocrx_word' id='word_1_810' title='bbox 522 5699 572 5749; x_wconf 92' lang='lat' dir='ltr'><strong>in</strong></span> <span class='ocrx_word' id='word_1_811' title='bbox 605 5696 704 5751; x_wconf 83' lang='lat' dir='ltr'><strong>hoc</strong></span> <span class='ocrx_word' id='word_1_812' title='bbox 745 5696 1017 5760; x_wconf 86' lang='lat' dir='ltr'><strong>accepisse</strong></span> <span class='ocrx_word' id='word_1_813' title='bbox 1051 5696 1446 5761; x_wconf 85' lang='lat' dir='ltr'><strong>demonstrans,</strong></span> <span class='ocrx_word' id='word_1_814' title='bbox 1472 5711 1629 5763; x_wconf 89' lang='lat' dir='ltr'><strong>quam</strong></span> <span class='ocrx_word' id='word_1_815' title='bbox 1666 5697 1802 5750; x_wconf 88' lang='lat' dir='ltr'><strong>scire</strong></span> <span class='ocrx_word' id='word_1_816' title='bbox 1825 5697 1969 5763; x_wconf 85' lang='lat' dir='ltr'><strong>rapi-</strong></span> 
     </span>
    </p>
   </div>
   <div class='ocr_carea' id='block_1_103' title="bbox 434 5764 1963 5836">
    <p class='ocr_par' dir='ltr' id='par_1_103' title="bbox 434 5764 1963 5836">
     <span class='ocr_line' id='line_1_103' title="bbox 434 5764 1963 5836; baseline 0.001 -16"><span class='ocrx_word' id='word_1_817' title='bbox 434 5771 528 5820; x_wconf 84' lang='lat' dir='ltr'><strong>dos</strong></span> <span class='ocrx_word' id='word_1_818' title='bbox 552 5778 825 5821; x_wconf 84' lang='lat' dir='ltr'><strong>ventorum</strong></span> <span class='ocrx_word' id='word_1_819' title='bbox 857 5766 1031 5819; x_wconf 82' lang='lat' dir='ltr'><strong>ilatus.</strong></span> <span class='ocrx_word' id='word_1_820' title='bbox 1064 5783 1082 5815; x_wconf 71' lang='grc' dir='ltr'><strong>ι</strong></span> <span class='ocrx_word' id='word_1_821' title='bbox 1123 5764 1324 5830; x_wconf 83' lang='lat' dir='ltr'><strong>Quibus</strong></span> <span class='ocrx_word' id='word_1_822' title='bbox 1356 5766 1407 5817; x_wconf 90' lang='lat' dir='ltr'><strong>in</strong></span> <span class='ocrx_word' id='word_1_823' title='bbox 1432 5767 1605 5820; x_wconf 84' lang='lat' dir='ltr'><strong>verbis</strong></span> <span class='ocrx_word' id='word_1_824' title='bbox 1630 5769 1963 5836; x_wconf 85' lang='lat' dir='ltr'><strong>perspicuum</strong></span> 
     </span>
    </p>
   </div>
   <div class='ocr_carea' id='block_1_104' title="bbox 2072 4635 3600 4712">
    <p class='ocr_par' dir='ltr' id='par_1_104' title="bbox 2072 4635 3600 4712">
     <span class='ocr_line' id='line_1_104' title="bbox 2072 4635 3600 4712; baseline -0.011 -15"><span class='ocrx_word' id='word_1_825' title='bbox 2072 4646 2158 4697; x_wconf 78' lang='lat' dir='ltr'><strong>ubi</strong></span> <span class='ocrx_word' id='word_1_826' title='bbox 2192 4644 2385 4712; x_wconf 87' lang='lat' dir='ltr'><strong>legitur</strong></span> <span class='ocrx_word' id='word_1_827' title='bbox 2410 4635 2548 4696; x_wconf 73' lang='lat' dir='ltr'><strong>vers.</strong></span> <span class='ocrx_word' id='word_1_828' title='bbox 2586 4642 2651 4695; x_wconf 80' lang='grc'><strong>18</strong></span> <span class='ocrx_word' id='word_1_829' title='bbox 2691 4635 2746 4695; x_wconf 80' lang='lat' dir='ltr'><strong>et</strong></span> <span class='ocrx_word' id='word_1_830' title='bbox 2768 4641 2873 4694; x_wconf 78' lang='lat'><strong>‘20:</strong></span> <span class='ocrx_word' id='word_1_831' title='bbox 2912 4635 3082 4701; x_wconf 60' lang='grc' dir='ltr'>Αὐτὸς</span> <span class='ocrx_word' id='word_1_832' title='bbox 3103 4640 3210 4712; x_wconf 81' lang='grc' dir='ltr'>γάρ</span> <span class='ocrx_word' id='word_1_833' title='bbox 3246 4653 3335 4706; x_wconf 88' lang='grc' dir='ltr'><strong>μοι</strong></span> <span class='ocrx_word' id='word_1_834' title='bbox 3360 4635 3600 4712; x_wconf 45' lang='grc' dir='ltr'><strong>ἔδωκεν...τ</strong></span> 
     </span>
    </p>
   </div>
   <div class='ocr_carea' id='block_1_105' title="bbox 2071 4701 3604 4782">
    <p class='ocr_par' dir='ltr' id='par_1_105' title="bbox 2071 4701 3604 4782">
     <span class='ocr_line' id='line_1_105' title="bbox 2071 4701 3604 4782; baseline -0.008 -16"><span class='ocrx_word' id='word_1_835' title='bbox 2071 4701 2336 4770; x_wconf 58' lang='lat' dir='ltr'><strong>stagni...</strong></span> <span class='ocrx_word' id='word_1_836' title='bbox 2370 4712 2692 4782; x_wconf 83' lang='grc' dir='ltr'>πνευμάτων</span> <span class='ocrx_word' id='word_1_837' title='bbox 2719 4712 2859 4780; x_wconf 76' lang='grc' dir='ltr'>βίας,</span> <span class='ocrx_word' id='word_1_838' title='bbox 2889 4712 3091 4782; x_wconf 75' lang='lat' dir='ltr'><strong>idest:</strong></span> <span class='ocrx_word' id='word_1_839' title='bbox 3116 4701 3151 4759; x_wconf 71' lang='grc' dir='ltr'><strong>ἰ</strong></span> <span class='ocrx_word' id='word_1_840' title='bbox 3179 4701 3304 4773; x_wconf 66' lang='grc' dir='ltr'>Ἰυὲε</span> <span class='ocrx_word' id='word_1_841' title='bbox 3327 4708 3466 4761; x_wconf 86' lang='lat' dir='ltr'><strong>enim</strong></span> <span class='ocrx_word' id='word_1_842' title='bbox 3491 4701 3604 4757; x_wconf 87' lang='lat' dir='ltr'><strong>mihi</strong></span> 
     </span>
    </p>
   </div>
   <div class='ocr_carea' id='block_1_106' title="bbox 2072 4779 3205 4849">
    <p class='ocr_par' dir='ltr' id='par_1_106' title="bbox 2072 4779 3205 4849">
     <span class='ocr_line' id='line_1_106' title="bbox 2072 4779 3205 4849; baseline -0.009 -11"><span class='ocrx_word' id='word_1_843' title='bbox 2072 4785 2283 4838; x_wconf 87' lang='lat' dir='ltr'><strong>dedit...</strong></span> <span class='ocrx_word' id='word_1_844' title='bbox 2316 4779 2521 4838; x_wconf 68' lang='lat' dir='ltr'><strong>scire...</strong></span> <span class='ocrx_word' id='word_1_845' title='bbox 2548 4783 2832 4849; x_wconf 82' lang='lat' dir='ltr'><strong>spirituum</strong></span> <span class='ocrx_word' id='word_1_846' title='bbox 2861 4779 3156 4834; x_wconf 88' lang='lat' dir='ltr'><strong>violentias.</strong></span> <span class='ocrx_word' id='word_1_847' title='bbox 3187 4796 3205 4828; x_wconf 76' lang='grc' dir='ltr'><strong>ι</strong></span> 
     </span>
    </p>
   </div>
   <div class='ocr_carea' id='block_1_107' title="bbox 2144 4850 2880 4923">
    <p class='ocr_par' dir='ltr' id='par_1_107' title="bbox 2144 4850 2880 4923">
     <span class='ocr_line' id='line_1_107' title="bbox 2144 4850 2880 4923; baseline -0.005 -17"><span class='ocrx_word' id='word_1_848' title='bbox 2144 4853 2256 4923; x_wconf 70' lang='grc'><strong>(48)</strong></span> <span class='ocrx_word' id='word_1_849' title='bbox 2294 4852 2497 4906; x_wconf 81' lang='lat' dir='ltr'><strong>Parcis.</strong></span> <span class='ocrx_word' id='word_1_850' title='bbox 2530 4852 2763 4923; x_wconf 77' lang='lat' dir='ltr'><strong>Sap._x1,</strong></span> <span class='ocrx_word' id='word_1_851' title='bbox 2789 4850 2880 4903; x_wconf 75' lang='lat'><strong>9.7.</strong></span> 
     </span>
    </p>
   </div>
   <div class='ocr_carea' id='block_1_108' title="bbox 2145 4918 3018 4992">
    <p class='ocr_par' dir='ltr' id='par_1_108' title="bbox 2145 4918 3018 4992">
     <span class='ocr_line' id='line_1_108' title="bbox 2145 4918 3018 4992; baseline -0.007 -16"><span class='ocrx_word' id='word_1_852' title='bbox 2145 4918 2256 4992; x_wconf 67' lang='grc'><strong>(49)</strong></span> <span class='ocrx_word' id='word_1_853' title='bbox 2298 4923 2503 4975; x_wconf 81' lang='lat' dir='ltr'><strong>Dictum</strong></span> <span class='ocrx_word' id='word_1_854' title='bbox 2532 4918 2627 4992; x_wconf 76' lang='lat' dir='ltr'><strong>est.</strong></span> <span class='ocrx_word' id='word_1_855' title='bbox 2658 4921 2837 4987; x_wconf 80' lang='lat' dir='ltr'><strong>Segni.</strong></span> <span class='ocrx_word' id='word_1_856' title='bbox 2870 4918 2936 4992; x_wconf 53' lang='lat' dir='ltr'><strong>(iii</strong></span> <span class='ocrx_word' id='word_1_857' title='bbox 2960 4936 3018 4992; x_wconf 78' lang='lat' dir='ltr'><strong>_a.</strong></span> 
     </span>
    </p>
   </div>
   <div class='ocr_carea' id='block_1_109' title="bbox 2178 4987 3601 5059">
    <p class='ocr_par' dir='ltr' id='par_1_109' title="bbox 2178 4987 3601 5059">
     <span class='ocr_line' id='line_1_109' title="bbox 2178 4987 3601 5059; baseline -0.009 -11"><span class='ocrx_word' id='word_1_858' title='bbox 2178 4987 2262 5059; x_wconf 42' lang='lat'><strong>50&#39;}</strong></span> <span class='ocrx_word' id='word_1_859' title='bbox 2299 4994 2489 5059; x_wconf 82' lang='lat' dir='ltr'><strong>Opera.</strong></span> <span class='ocrx_word' id='word_1_860' title='bbox 2539 4990 2860 5045; x_wconf 91' lang='lat' dir='ltr'><strong>Locutiones</strong></span> <span class='ocrx_word' id='word_1_861' title='bbox 2888 4988 3109 5043; x_wconf 67' lang='lat' dir='ltr'><strong>Biblicze</strong></span> <span class='ocrx_word' id='word_1_862' title='bbox 3136 4987 3421 5055; x_wconf 88' lang='lat' dir='ltr'><strong>unicuique</strong></span> <span class='ocrx_word' id='word_1_863' title='bbox 3465 4993 3601 5039; x_wconf 63' lang='lat' dir='ltr'><strong>notat.</strong></span> 
     </span>
    </p>
   </div>
   <div class='ocr_carea' id='block_1_110' title="bbox 2175 5061 2788 5126">
    <p class='ocr_par' dir='ltr' id='par_1_110' title="bbox 2175 5061 2788 5126">
     <span class='ocr_line' id='line_1_110' title="bbox 2175 5061 2788 5126; baseline -0.002 -10"><span class='ocrx_word' id='word_1_864' title='bbox 2175 5061 2261 5126; x_wconf 76' lang='grc'><strong>51)</strong></span> <span class='ocrx_word' id='word_1_865' title='bbox 2302 5064 2452 5119; x_wconf 87' lang='lat' dir='ltr'><strong>Cum.</strong></span> <span class='ocrx_word' id='word_1_866' title='bbox 2490 5061 2596 5116; x_wconf 86' lang='lat' dir='ltr'><strong>Tit.</strong></span> <span class='ocrx_word' id='word_1_867' title='bbox 2622 5077 2704 5126; x_wconf 83' lang='lat' dir='ltr'><strong>ut,</strong></span> <span class='ocrx_word' id='word_1_868' title='bbox 2736 5061 2788 5115; x_wconf 79' lang='grc'><strong>4.</strong></span> 
     </span>
    </p>
   </div>
   <div class='ocr_carea' id='block_1_111' title="bbox 2153 5122 3605 5205">
    <p class='ocr_par' dir='ltr' id='par_1_111' title="bbox 2153 5122 3605 5205">
     <span class='ocr_line' id='line_1_111' title="bbox 2153 5122 3605 5205; baseline -0.011 -16"><span class='ocrx_word' id='word_1_869' title='bbox 2153 5122 2265 5205; x_wconf 72' lang='grc'><strong>(52)</strong></span> <span class='ocrx_word' id='word_1_870' title='bbox 2316 5133 2552 5205; x_wconf 61' lang='lat' dir='ltr'><strong>Amator.</strong></span> <span class='ocrx_word' id='word_1_871' title='bbox 2582 5122 2737 5205; x_wconf 63' lang='grc' dir='ltr'><strong>βψ.</strong></span> <span class='ocrx_word' id='word_1_872' title='bbox 2785 5146 2825 5194; x_wconf 85' lang='grc' dir='ltr'><strong>ι,</strong></span> <span class='ocrx_word' id='word_1_873' title='bbox 2974 5126 3354 5205; x_wconf 65' lang='lat' dir='ltr'><strong>Graecaeditio</strong></span> <span class='ocrx_word' id='word_1_874' title='bbox 3392 5140 3513 5195; x_wconf 89' lang='lat' dir='ltr'><strong>pro,</strong></span> <span class='ocrx_word' id='word_1_875' title='bbox 3542 5122 3605 5175; x_wconf 86' lang='grc' dir='ltr'>δί·</span> 
     </span>
    </p>
   </div>
   <div class='ocr_carea' id='block_1_112' title="bbox 2080 5197 3601 5271">
    <p class='ocr_par' dir='ltr' id='par_1_112' title="bbox 2080 5197 3601 5271">
     <span class='ocr_line' id='line_1_112' title="bbox 2080 5197 3601 5271; baseline -0.011 -12"><span class='ocrx_word' id='word_1_876' title='bbox 2080 5197 2256 5267; x_wconf 70' lang='grc' dir='ltr'>καίον,</span> <span class='ocrx_word' id='word_1_877' title='bbox 2283 5206 2468 5266; x_wconf 86' lang='lat' dir='ltr'><strong>habet,</strong></span> <span class='ocrx_word' id='word_1_878' title='bbox 2502 5197 2837 5271; x_wconf 81' lang='grc' dir='ltr'>βλάσφημον,</span> <span class='ocrx_word' id='word_1_879' title='bbox 2877 5202 2928 5254; x_wconf 91' lang='lat' dir='ltr'><strong>id</strong></span> <span class='ocrx_word' id='word_1_880' title='bbox 2968 5208 3050 5253; x_wconf 86' lang='lat' dir='ltr'><strong>est</strong></span> <span class='ocrx_word' id='word_1_881' title='bbox 3075 5218 3095 5249; x_wconf 73' lang='grc' dir='ltr'><strong>ι</strong></span> <span class='ocrx_word' id='word_1_882' title='bbox 3145 5197 3545 5271; x_wconf 78' lang='lat' dir='ltr'><strong>bl_a_3phetuum:</strong></span> <span class='ocrx_word' id='word_1_883' title='bbox 3584 5208 3601 5243; x_wconf 73' lang='grc' dir='ltr'><strong>ι</strong></span> 
     </span>
    </p>
   </div>
   <div class='ocr_carea' id='block_1_113' title="bbox 2078 5266 3365 5345">
    <p class='ocr_par' dir='ltr' id='par_1_113' title="bbox 2078 5266 3365 5345">
     <span class='ocr_line' id='line_1_113' title="bbox 2078 5266 3365 5345; baseline -0.008 -17"><span class='ocrx_word' id='word_1_884' title='bbox 2078 5291 2184 5345; x_wconf 88' lang='lat' dir='ltr'><strong>quo</strong></span> <span class='ocrx_word' id='word_1_885' title='bbox 2211 5266 2367 5345; x_wconf 70' lang='lat' dir='ltr'><strong>modo</strong></span> <span class='ocrx_word' id='word_1_886' title='bbox 2396 5266 2523 5343; x_wconf 76' lang='lat' dir='ltr'><strong>legit</strong></span> <span class='ocrx_word' id='word_1_887' title='bbox 2557 5266 2673 5341; x_wconf 83' lang='lat' dir='ltr'><strong>ipse</strong></span> <span class='ocrx_word' id='word_1_888' title='bbox 2700 5266 2955 5345; x_wconf 70' lang='lat' dir='ltr'><strong>Didymus</strong></span> <span class='ocrx_word' id='word_1_889' title='bbox 2983 5282 3149 5345; x_wconf 81' lang='lat' dir='ltr'><strong>segm.</strong></span> <span class='ocrx_word' id='word_1_890' title='bbox 3177 5267 3285 5345; x_wconf 44' lang='lat'><strong>.158</strong></span> <span class='ocrx_word' id='word_1_891' title='bbox 3314 5266 3365 5319; x_wconf 69' lang='grc' dir='ltr'><strong>ὁ.</strong></span> 
     </span>
    </p>
   </div>
   <div class='ocr_carea' id='block_1_114' title="bbox 2151 5336 3604 5416">
    <p class='ocr_par' dir='ltr' id='par_1_114' title="bbox 2151 5336 3604 5416">
     <span class='ocr_line' id='line_1_114' title="bbox 2151 5336 3604 5416; baseline -0.012 -17"><span class='ocrx_word' id='word_1_892' title='bbox 2151 5346 2263 5416; x_wconf 77' lang='grc'><strong>(55)</strong></span> <span class='ocrx_word' id='word_1_893' title='bbox 2312 5336 2522 5416; x_wconf 69' lang='grc' dir='ltr'>Νοιηὶη</span> <span class='ocrx_word' id='word_1_894' title='bbox 2568 5336 2816 5416; x_wconf 38' lang='lat' dir='ltr'><strong>sumere:</strong></span> <span class='ocrx_word' id='word_1_895' title='bbox 2864 5336 3123 5416; x_wconf 68' lang='lat' dir='ltr'><strong>Nimirum</strong></span> <span class='ocrx_word' id='word_1_896' title='bbox 3174 5336 3314 5391; x_wconf 87' lang='lat' dir='ltr'><strong>Deus</strong></span> <span class='ocrx_word' id='word_1_897' title='bbox 3368 5344 3604 5416; x_wconf 70' lang='lat' dir='ltr'><strong>nusquam</strong></span> 
     </span>
    </p>
   </div>
   <div class='ocr_carea' id='block_1_115' title="bbox 2082 5404 3601 5485">
    <p class='ocr_par' dir='ltr' id='par_1_115' title="bbox 2082 5404 3601 5485">
     <span class='ocr_line' id='line_1_115' title="bbox 2082 5404 3601 5485; baseline -0.012 -16"><span class='ocrx_word' id='word_1_898' title='bbox 2082 5404 2423 5485; x_wconf 69' lang='grc' dir='ltr'>φιλάγγελος,</span> <span class='ocrx_word' id='word_1_899' title='bbox 2478 5412 2704 5485; x_wconf 78' lang='lat' dir='ltr'><strong>exempli</strong></span> <span class='ocrx_word' id='word_1_900' title='bbox 2743 5425 2902 5485; x_wconf 78' lang='lat' dir='ltr'><strong>causa</strong></span> <span class='ocrx_word' id='word_1_901' title='bbox 2930 5450 2944 5475; x_wconf 95' lang='lat'><strong>,</strong></span> <span class='ocrx_word' id='word_1_902' title='bbox 2995 5410 3045 5462; x_wconf 91' lang='lat' dir='ltr'><strong>id</strong></span> <span class='ocrx_word' id='word_1_903' title='bbox 3092 5417 3198 5472; x_wconf 91' lang='lat' dir='ltr'><strong>est,</strong></span> <span class='ocrx_word' id='word_1_904' title='bbox 3247 5424 3267 5457; x_wconf 76' lang='grc' dir='ltr'><strong>ι</strong></span> <span class='ocrx_word' id='word_1_905' title='bbox 3316 5404 3601 5485; x_wconf 62' lang='lat' dir='ltr'><strong>angelorum</strong></span> 
     </span>
    </p>
   </div>
   <div class='ocr_carea' id='block_1_116' title="bbox 2082 5473 3606 5549">
    <p class='ocr_par' dir='ltr' id='par_1_116' title="bbox 2082 5473 3606 5549">
     <span class='ocr_line' id='line_1_116' title="bbox 2082 5473 3606 5549; baseline -0.011 -10"><span class='ocrx_word' id='word_1_906' title='bbox 2082 5473 2290 5539; x_wconf 68' lang='lat' dir='ltr'><strong>amator</strong></span> <span class='ocrx_word' id='word_1_907' title='bbox 2323 5502 2341 5535; x_wconf 76' lang='grc' dir='ltr'><strong>ι</strong></span> <span class='ocrx_word' id='word_1_908' title='bbox 2382 5473 2569 5537; x_wconf 61' lang='grc' dir='ltr'>’ἁὶεωε</span> <span class='ocrx_word' id='word_1_909' title='bbox 2608 5473 2729 5546; x_wconf 81' lang='lat' dir='ltr'><strong>fuit,</strong></span> <span class='ocrx_word' id='word_1_910' title='bbox 2768 5473 3168 5534; x_wconf 29' lang='lat' dir='ltr'><strong>sicut&#39;vocatus</strong></span> <span class='ocrx_word' id='word_1_911' title='bbox 3193 5473 3606 5549; x_wconf 44' lang='lat' dir='ltr'><strong>estquod-410g,</strong></span> 
     </span>
    </p>
   </div>
   <div class='ocr_carea' id='block_1_117' title="bbox 2084 5540 3606 5619">
    <p class='ocr_par' dir='ltr' id='par_1_117' title="bbox 2084 5540 3606 5619">
     <span class='ocr_line' id='line_1_117' title="bbox 2084 5540 3606 5619; baseline -0.012 -10"><span class='ocrx_word' id='word_1_912' title='bbox 2084 5558 2135 5609; x_wconf 91' lang='lat' dir='ltr'><strong>id</strong></span> <span class='ocrx_word' id='word_1_913' title='bbox 2164 5566 2269 5619; x_wconf 87' lang='lat' dir='ltr'><strong>est,</strong></span> <span class='ocrx_word' id='word_1_914' title='bbox 2317 5571 2335 5604; x_wconf 88' lang='grc'><em>‹</em></span> <span class='ocrx_word' id='word_1_915' title='bbox 2368 5564 2575 5607; x_wconf 90' lang='lat' dir='ltr'><strong>amator</strong></span> <span class='ocrx_word' id='word_1_916' title='bbox 2613 5540 2938 5614; x_wconf 85' lang='lat' dir='ltr'><strong>animarum,</strong></span> <span class='ocrx_word' id='word_1_917' title='bbox 2979 5567 3000 5601; x_wconf 73' lang='grc' dir='ltr'><strong>ι</strong></span> <span class='ocrx_word' id='word_1_918' title='bbox 3048 5558 3102 5603; x_wconf 89' lang='grc' dir='ltr'><strong>ει</strong></span> <span class='ocrx_word' id='word_1_919' title='bbox 3131 5540 3524 5616; x_wconf 78' lang='grc' dir='ltr'>φιλάνθρωπος,</span> <span class='ocrx_word' id='word_1_920' title='bbox 3564 5540 3606 5592; x_wconf 89' lang='lat' dir='ltr'><strong>id</strong></span> 
     </span>
    </p>
   </div>
   <div class='ocr_carea' id='block_1_118' title="bbox 2082 5622 2817 5680">
    <p class='ocr_par' dir='ltr' id='par_1_118' title="bbox 2082 5622 2817 5680">
     <span class='ocr_line' id='line_1_118' title="bbox 2082 5622 2817 5680; baseline -0.014 1"><span class='ocrx_word' id='word_1_921' title='bbox 2082 5636 2163 5680; x_wconf 85' lang='lat' dir='ltr'><strong>est</strong></span> <span class='ocrx_word' id='word_1_922' title='bbox 2197 5643 2215 5676; x_wconf 84' lang='lat'><strong>(</strong></span> <span class='ocrx_word' id='word_1_923' title='bbox 2243 5634 2449 5677; x_wconf 87' lang='lat' dir='ltr'><strong>amator</strong></span> <span class='ocrx_word' id='word_1_924' title='bbox 2474 5622 2771 5677; x_wconf 87' lang='lat' dir='ltr'><strong>hominum.</strong></span> <span class='ocrx_word' id='word_1_925' title='bbox 2797 5638 2817 5671; x_wconf 77' lang='grc' dir='ltr'><strong>ι</strong></span> 
     </span>
    </p>
   </div>
   <div class='ocr_carea' id='block_1_119' title="bbox 2147 5688 3173 5766">
    <p class='ocr_par' dir='ltr' id='par_1_119' title="bbox 2147 5688 3173 5766">
     <span class='ocr_line' id='line_1_119' title="bbox 2147 5688 3173 5766; baseline -0.008 -17"><span class='ocrx_word' id='word_1_926' title='bbox 2147 5695 2258 5766; x_wconf 74' lang='grc'><strong>(54)</strong></span> <span class='ocrx_word' id='word_1_927' title='bbox 2302 5694 2508 5749; x_wconf 84' lang='lat' dir='ltr'><strong>Omnia.</strong></span> <span class='ocrx_word' id='word_1_928' title='bbox 2541 5691 2681 5748; x_wconf 88' lang='lat' dir='ltr'><strong>Psal.</strong></span> <span class='ocrx_word' id='word_1_929' title='bbox 2709 5706 2891 5754; x_wconf 82' lang='lat' dir='ltr'><strong>cxvm,</strong></span> <span class='ocrx_word' id='word_1_930' title='bbox 2922 5704 3060 5745; x_wconf 88' lang='lat' dir='ltr'><strong>vers.</strong></span> <span class='ocrx_word' id='word_1_931' title='bbox 3086 5688 3173 5743; x_wconf 84' lang='lat' dir='ltr'><strong>9t.</strong></span> 
     </span>
    </p>
   </div>
  </div>
