3732 6310
95 318 177 379 537

1091 319 1180 377 DE
1219 318 1594 375 TRINITATE
1633 321 1833 377 LIBER
1872 320 2254 378 SECUNDUS.

3174 326 3281 383 5'58

96 438 166 490 σά.
202 456 218 487 ι
245 436 311 488 Τὸ
344 436 396 489 δὲ
424 436 576 506 ἅγιον
621 437 846 509 Πνεῦμα
879 439 1161 511 μονονουχὶ
1193 440 1379 495 δοῦλον
1415 441 1474 493 ού
1512 440 1607 511 γέ-

1805 458 1836 497 ο
1874 442 2112 512 Spiritus
2152 450 2372 497 sanctus
2404 457 2507 498 non
2534 443 2694 500 modo
2733 443 2929 498 dieitur
2955 442 3008 498 in
3041 410 3291 512 Scriptu-1

94 545 319 601 γραπται,
340 528 467 581 ἀλλὰ
490 529 584 582 καὶ
608 530 681 593 ὡς
710 530 989 602 Δεσπότης
1017 532 1110 584 καὶ
1132 532 1289 601 φύσει
1307 531 1610 603 ἐλεύθερος,

93 619 199 671 ινθα
243 619 351 670 ἐστὶ
380 618 473 671 καὶ
512 614 596 682 οἷς
626 621 921 692 ἐπιφοιτᾷ,
966 620 1314 692 ἐλευθερίαν,
1362 623 1429 692 ἢν
1478 622 1611 693 ἔχει,

96 710 303 780 παρέχει.
337 710 412 763 Τὰ
437 710 547 781 γὰρ
593 713 873 783 ποιήματα
924 711 1059 782 μόνα
1104 712 1182 783 τῷ
1223 712 1323 783 τῆς
1371 713 1614 777 δουλείας

94 802 320 868 ύπάγεται
356 802 501 873 ζυγῷ
524 820 537 834 ο
569 804 630 856 τὸ
661 804 717 856 δὲ
753 805 827 874 μὴ
860 802 1046 857 δοῦλον
1067 843 1082 869 ,
1113 804 1233 857 οὐδὲ
1266 805 1393 874 ποίη
1404 822 1508 874 μα’
1554 805 1615 858 τὸ

92 895 136 946 δὲ
159 894 221 965 μὴ
247 894 459 965 ποίημα,
489 896 648 963 φύσει
674 896 807 960 Θεός
827 914 840 926 ·
873 915 891 947 t
924 896 1077 950 οὐδὲν
1111 916 1128 947 ι
1159 896 1268 967 γὰρ
1299 915 1317 948 t
1345 896 1405 949 τὸ
1429 896 1614 951 δοῦλον

94 988 202 1056 tm);
225 988 277 1039 τὸ
310 987 378 1057 μὴ
409 987 596 1041 δοῦλον
622 989 799 1057 γένος,
833 1008 852 1042 ι
887 991 981 1044 καὶ
1008 993 1055 1043 οί
1083 989 1186 1055 ἔξω
1208 990 1432 1058 ἔφασαν.
1460 991 1617 1063 Mdg.

92 1092 166 1139 τυς
188 1077 235 1130 δὲ
259 1078 449 1131 τούτων
479 1081 671 1143 πιστὸς
699 1083 727 1134 ό
773 1080 1112 1149 Ἀπόστολος,
1146 1081 1373 1152 γράφων
1423 1082 1615 1152 Κορινα

95 1170 202 1232 θὶοις
232 1171 319 1239 μὲν
345 1172 399 1223 ὲν
428 1174 491 1242 τῇ
521 1172 752 1245 δευτέρᾳ
794 1174 1080 1245 Ἐπιστολῇ
1108 1190 1123 1205 ο
1156 1194 1175 1225 t
1219 1174 1277 1228 Ὀ
1307 1174 1364 1227 δὲ
1418 1173 1617 1245 Κύριος

93 1260 139 1311 τὸ
170 1259 365 1330 Πνεῦμα
410 1262 596 1314 ἐστιν·
634 1256 693 1315 οῦ
740 1263 797 1316 δὲ
843 1263 902 1316 τὸ
954 1262 1177 1334 Πνεῦμα
1220 1262 1462 1334 Κυρίου,
1503 1264 1620 1316 ἐκεῖ

93 1352 357 1422 ἐλευθερία·
404 1372 422 1405 ι
461 1354 715 1426 Τιμοθέῳ
753 1355 809 1408 δέ
831 1372 845 1386 ο
892 1373 909 1407 t
944 1356 1019 1408 Ού
1052 1354 1162 1427 γὰρ
1195 1354 1394 1408 ἔδωκεν
1428 1356 1556 1426 ἡμῖν
1590 1355 1618 1407 ό

93 1443 196 1507 Θεὸς
222 1444 421 1514 πνεῦμα
453 1445 720 1508 δουλείας,
755 1445 889 1500 ἀλλὰ
926 1446 1152 1517 Πνεῦμα
1190 1446 1493 1515 δυνάμεως,
1526 1445 1618 1498 καὶ

94 1535 305 1603 ἀγάπης,
340 1536 432 1588 καὶ
472 1536 894 1607 σωφρονισμοῦὲ
931 1556 949 1588 ι
1018 1536 1309 1607 Ῥωμαίοις
1346 1536 1437 1589 δέ·
1477 1553 1496 1585 ι
1542 1534 1617 1587 Οὐ

95 1627 177 1696 γὰρ
207 1626 409 1679 ἐλάϐετε
452 1626 675 1699 πνεῦμα
703 1628 944 1692 δουλείας
974 1627 1137 1681 πάλιν
1165 1628 1245 1690 είς
1272 1626 1453 1696 φόϐον,
1483 1624 1619 1679 ἀλλὰ

95 1717 272 1788 πνεῦμα
302 1717 591 1782 υἱοθεσίας,
632 1722 690 1773 ὲν
727 1713 771 1787 ᾧ
812 1720 1122 1792 κράζομεν·
1154 1718 1258 1791 [75
1289 1717 1359 1791 τι]
1427 1718 1613 1782 Ἀϐϐά,

1716 534 1793 587 ris
1824 546 2031 597 servus,
2051 533 2144 588 sed
2177 534 2337 587 etiam
2362 544 2422 588 ut
2444 535 2722 601 Dominus,
2742 544 2793 590 et
2812 544 3002 588 natura
3023 533 3176 599 liber,
3205 535 3279 589 ibi

1716 622 2063 687 describitur,
2096 633 2149 677 et
2191 624 2277 689 iis,
2318 638 2451 692 quos
2482 625 2711 679 adventu
2757 639 2855 679 suo
2900 624 3177 694 dignatur,
3225 624 3285 678 li-

1714 713 1997 778 bertatem,
2028 728 2186 782 quam
2224 713 2405 781 habet,
2446 714 2772 784 itnpertitur.
2822 712 2953 765 Nam
2984 715 3110 767 solae
3138 728 3285 768 crea-

1717 815 1849 859 turte
1878 804 2153 859 servitutis
2191 805 2318 875 jugo
2371 806 2692 860 subduntur.
2752 805 2904 871 Quod
2949 816 3125 859 autem
3175 820 3279 859 non

1715 905 1798 951 est
1824 910 2060 959 servum,
2094 910 2161 950 ne
2220 906 2469 951 creatura
2504 896 2720 967 quidem
2759 908 2843 951 est
2891 910 2907 950 :
2962 897 3104 966 quod
3156 911 3283 951 vero

1718 1002 1823 1041 non
1854 996 1938 1042 est
1974 998 2239 1053 creatum,
2281 997 2469 1042 natura
2530 989 2669 1043 Deus
2709 998 2792 1043 est
2835 1006 2850 1042 :
2885 989 3080 1043 etenim
3115 1006 3134 1040 ι
3167 1004 3282 1043 ser-

1716 1094 1841 1133 vum
1884 1095 2051 1148 genus
2085 1079 2199 1149 (55)
2228 1079 2364 1133 ttihil
2400 1080 2469 1133 ad
2507 1094 2626 1134 eunt
2664 1080 2755 1149 qui
2783 1096 2974 1135 servus
3000 1096 3103 1133 non
3133 1081 3221 1144 sit,
3258 1096 3277 1129 ι

1717 1181 1777 1227 ut
1805 1170 2011 1241 profani
2041 1186 2251 1241 quoque
2275 1172 2546 1226 dixerunt.
2594 1170 2761 1242 llujus
2787 1173 2861 1226 rei
2889 1174 3040 1227 testis
3064 1181 3147 1226 est
3180 1170 3285 1225 ﬁde

1718 1263 1912 1331 dignus
1939 1263 2227 1333 Apostolus
2260 1264 2501 1319 scribens
2531 1264 2823 1321 Corinthiis
2861 1265 3076 1335 quideru
3110 1264 3163 1317 in
3196 1278 3279 1318 se—

1719 1355 1892 1409 cunda
1931 1354 2166 1423 Epistola
2214 1371 2228 1408 :
2272 1372 2292 1406 ι
2344 1356 2597 1411 Dominus
2652 1357 2763 1428 (56)
2818 1366 2995 1411 autem
3050 1354 3283 1424 Spiritus

1720 1453 1803 1499 est
1841 1460 1857 1499 :
1916 1446 2005 1499 ubi
2054 1454 2233 1500 autem
2292 1445 2526 1515 Spiritus
2564 1446 2796 1510 Domini,
2850 1448 2921 1502 ibi
2958 1447 3213 1512 libertas,
3259 1462 3280 1497 ι

1721 1534 2001 1590 Timotheo
2060 1546 2285 1591 autem:
2347 1554 2367 1588 ι
2408 1536 2524 1592 Non
2564 1539 2709 1592 enim
2757 1538 2869 1609 (57)
2932 1538 3076 1593 dedit
3130 1534 3287 1591 nobis

1722 1625 1863 1682 Deus
1904 1626 2151 1695 spiritum
2183 1627 2456 1681 servitutis
2484 1626 2617 1699 (58),
2650 1627 2746 1683 sed
2801 1629 3049 1698 spiritum
3077 1628 3289 1683 fortitu-

1723 1714 1887 1783 dinis,
1936 1726 1991 1771 et
2029 1717 2348 1782 dilectionis,
2401 1726 2455 1772 et
2501 1719 2923 1786 emendationis;
2970 1737 2992 1772 ›
3032 1706 3293 1775 Romanis

93 1810 315 1879 ὀΠατήρ.
350 1812 509 1863 Ὥστε
542 1811 645 1864 ούκ
674 1811 753 1864 ἔτι
771 1807 824 1865 εἴ
850 1811 1052 1875 δοῦλος,
1078 1810 1212 1863 ἀλλὰ
1246 1810 1412 1874 υἱός.»
1435 1809 1622 1863 Καθά-

1805 1823 1852 1863 ro
1888 1824 1903 1862 :
1949 1826 1968 1860 ι
2006 1806 2114 1863 Nec
2141 1808 2282 1863 enim
2314 1808 2426 1881 (59)
2463 1811 2750 1878 accepistis
2792 1811 3037 1881 spiritum
3059 1811 3289 1867 servitu-

96 1915 175 1969 περ
199 1896 279 1953 οὖν
302 1899 757 1972 ἠλευθερώθημεν
783 1900 935 1973 παρὰ
956 1900 1050 1954 τοῦ
1077 1899 1229 1968 Υίοῦ,
1254 1899 1613 1963 ἀκούσαντεςο

98 1990 229 2042 «Οὐκ
261 1989 331 2042 ἔτι
375 1987 425 2044 εί
452 1992 676 2056 δοῦλος,
710 1993 823 2046 ἀλλ’
870 1992 1185 2065 ἐλεύθερος·
1231 2011 1249 2044 ι
1286 1992 1412 2057 καὶ,
1465 2012 1484 2043 ι
1537 1994 1617 2063 Τῇ

95 2078 329 2151 ἐλευθερίᾳ
417 2083 447 2133 ὁ
493 2083 627 2146 Υἱὸς
658 2083 803 2154 ὑμᾶς
833 2083 1235 2155 ἠλευθέρωσεν*
1281 2102 1299 2135 ι
1346 2082 1487 2136 οὕτω
1529 2082 1618 2137 διὰ

96 2170 140 2221 τὸ
162 2175 328 2226 ταυτὸν
363 2175 456 2245 τῆς
490 2176 684 2237 οὐσίας
712 2176 805 2228 καὶ
832 2175 1167 2240 δεσποτείας,
1200 2175 1304 2228 ὑπὸ
1331 2174 1424 2227 τοῦ
1458 2173 1621 2228 Πνεύ-

98 2278 230 2329 ματος
258 2264 715 2337 ὲλευθερούμεθα,
746 2267 833 2320 διὰ
875 2265 969 2320 τοῦ
1017 2267 1478 2339 μνημονευθέντος
1525 2268 1622 2339 ῥή-

98 2369 257 2420 ματος’
296 2374 313 2406 ι
348 2350 422 2408 Ού
474 2356 531 2410 δὲ
571 2356 636 2410 τὸ
679 2356 901 2428 Πνεῦμα
961 2358 1202 2429 Κυρίου,
1251 2359 1367 2410 ἐκεῖ
1407 2356 1621 2410 ἐλευθε-

98 2459 184 2510 ρία.
221 2463 237 2497 ι

97 2537 233 2602 ιιίιιιιι,
260 2538 401 2593 liberi
446 2538 739 2607 elﬁcimur,
784 2551 844 2597 ut
912 2540 1205 2598 ostendunt
1269 2549 1691 2596 commemorata

99 2642 173 2684 tas.
205 2649 223 2683 ι

152 2730 234 2785 lA'.
273 2733 334 2785 'H
364 2733 560 2797 κτίσις,
590 2735 627 2806 ἦ
658 2751 719 2787 τε
749 2732 909 2805 νοερὰ
934 2733 1026 2787 κα)⁸
1056 2732 1311 2804 αἰσθητὴ,
1341 2732 1625 2804 ὑπουργεῖ,

99 2820 174 2872 οὐκ
212 2823 471 2878 ἐπιτάττει
513 2826 610 2895 ἀφ’
662 2825 881 2895 ἑαυτῆς,
920 2826 996 2887 ὠς
1056 2824 1181 2895 περ).
1229 2823 1337 2877 τῶν
1382 2823 1627 2891 ἀγγέλων

100 2912 240 2981 λέγει’
279 2936 295 2967 ι
326 2920 552 2970 Ama—.01
580 2917 746 2989 ἰσχύϊ,
783 2916 1065 2981 ποιοῦντες
1098 2918 1189 2971 τὸν
1217 2916 1372 2985 λόγον
1402 2914 1621 2969 αὐτοῦ.»

100 3006 153 3058 Τὸ
184 3008 231 3060 δὲ
276 3010 420 3077 ἇγιον
448 3010 680 3081 Πνεῦμα
728 3011 824 3064 τοῦ
867 3010 1001 3063 Θεοῦ
1054 3010 1382 3074 αύθεντικῶς
1417 3011 1627 3080 προφή-

99 3116 189 3163 ταις
223 3104 307 3155 καὶ
351 3080 672 3167 ἀποστόλοις
702 3103 1048 3175 προστάττει,
1091 3102 1166 3166 ὠς
1198 3102 1330 3165 Θεὸς
1395 3102 1489 3155 καὶ
1528 3103 1625 3154 Δε-
1654 3080 1696 3137 C

103 3193 295 3263 σπότης,
341 3196 481 3250 καθὰ
509 3198 568 3249 ὲν
602 3200 716 3260 τοῖς
744 3196 1121 3267 ὑποκειμένοις
1141 3194 1453 3263 κεφαλαίοις
1498 3194 1629 3247 ἀπο-

99 3281 288 3356 δειχθείη
299 3326 311 3339 .

154 3376 235 3434 ΙΒ’.
270 3380 331 3432 Ἡ
370 3380 547 3445 κτίσις
609 3378 998 3449 ὲνδυναμοῦται
1028 3378 1133 3432 ὑπὸ
1174 3379 1273 3449 τῆς
1324 3375 1631 3440 παναλκοῦς

102 3468 175 3521 καί
194 3471 518 3545 πανδυνάμου
552 3472 743 3543 θεῖκῆς
774 3471 979 3542 ἰσχύος,
1012 3472 1111 3525 οὐκ
1146 3471 1428 3542 ὲνδυναμοί
1454 3470 1511 3523 δὲ
1532 3470 1633 3521 αὐ-

102 3560 285 3630 Τὴν
313 3564 417 3634 γάρ
452 3565 594 3635 αὐτῇ
636 3562 963 3633 διαρκοῦσαν
1012 3563 1228 3630 ἐδέξατο
1251 3562 1499 3632 δύναμιν,
1538 3559 1632 3613 καὶ

106 3652 395 3719 μεταδιδόναι
447 3660 564 3720 τοῖς
624 3654 929 3717 συνδούλοις
975 3656 1035 3708 ού
1099 3654 1293 3707 σθένει.
1342 3654 1416 3706 Τὸ
1460 3652 1516 3705 δέ
1569 3668 1633 3719 γε

106 3740 288 3814 Πνεῦμα
324 3747 413 3800 τοῦ
460 3746 625 3811 Θεοῦ,
684 3749 751 3818 τῇ
801 3745 1029 3817 γονίμῳ,
1081 3746 1176 3799 καὶ
1217 3744 1504 3814 θρεπτικῇ,
1539 3742 1635 3796 καὶ

105 3832 393 3909 ἀνεκλείπτῳ
425 3837 597 3892 αὐτοῦ
640 3838 781 3907 ἰσχύϊ
820 3838 1123 3906 ὲνδυναμοῖ,
1173 3836 1358 3906 ἐπειδὴ
1389 3835 1633 3905 κτίστης,

108 3927 180 3977 καὶ
202 3928 253 3979 ού
282 3931 479 4002 κτίσμα
503 3931 786 4002 τυγχάνει.
827 3929 887 3981 Ὀ
913 3927 1023 3998 γὰρ
1053 3928 1241 3997 Σωτὴρ
1264 3928 1320 3979 ὲν
1349 3929 1467 3989 ταῖς
1497 3925 1639 3996 Πρά-

110 4012 196 4077 ξεσι
223 4021 396 4090 φησίν
440 4042 459 4075 ‹
513 4023 703 4093 Ὑμεῖς
737 4024 793 4077 δὲ
824 4020 1059 4093 λήψεσθε
1090 4019 1349 4089 δύναμιν,
1385 4015 1639 4070 ἐπελθόν-

110 4124 179 4173 τος
204 4113 284 4165 τοῦ
320 4116 470 4183 ἁγίου
516 4117 834 4188 Πνεύματος
879 4116 963 4185 ἐφ’
1002 4116 1171 4186 ὑμᾶς’
1209 4132 1229 4166 ι
1264 4113 1340 4175 ὡς
1383 4110 1502 4181 δίχα
1539 4112 1639 4181 τῆς

112 4200 241 4255 αὖτοῦ
281 4207 705 4280 ὲπιφοιτὴσεως,
746 4208 1001 4279 οὐδεμιᾶς
1043 4208 1173 4277 ἡμῖν
1224 4204 1359 4275 πρὸς
1389 4203 1480 4255 τὸν
1507 4200 1638 4254 Θεὸν

112 4290 374 4365 δυνάμεως,
412 4301 445 4372 ἢ
487 4301 703 4365 ἐλπίδος
748 4300 1116 4371 ὑπαρχούσης.
1165 4294 1539 4366 Κατανοητέον
1582 4293 1639 4346 δὲ

114 4385 217 4452 πρὸς
261 4390 445 4462 τούτῳ,
500 4392 559 4445 ἓν
589 4392 708 4462 μὲν,
742 4392 824 4444 ὅτι
878 4390 975 4461 τὴν
1005 4387 1307 4460 παρουσίαν
1342 4384 1432 4439 τοῦ
1483 4382 1636 4451 ἁγίου

171 4564 263 4634 (55)
307 4569 527 4644 ⁸δετινιιηι
568 4588 757 4644 genus.
796 4571 970 4625 Poeta:
1011 4569 1253 4644 alicujus
1301 4566 1627 4644 sententiam
1670 4590 1711 4644 ο
1742 4557 2378 4644 husuunumnc‘onlla'sse.

118 4647 212 4709 esse
244 4640 485 4696 existimo
524 4637 633 4695 z'si
675 4643 817 4694 enim
870 4640 1113 4695 voculam
1149 4639 1257 4709 γάρ
1304 4637 1634 4699 detraxeris,

120 4706 317 4773 reliquus
343 4714 444 4763 erit
474 4713 689 4765 iambus
722 4712 822 4764 iste
853 4710 1098 4764 senarius
1123 4728 1137 4760 λ

175 4778 338 4831 Οὐδὲν
368 4782 430 4833 τὸ
455 4782 680 4835 δοῦλον
709 4779 855 4848 πρὸς
878 4780 945 4832 τὸ
967 4779 1053 4849 μὴ
1090 4778 1313 4831 δοῦλον
1350 4777 1542 4847 γένος.

122 4838 308 4963 ἤνετο
347 4853 562 4917 locutio,
601 4838 784 4905 δοῦλόν
805 4838 984 4919 γένος,
1012 4838 1297 4918 Ευιοίιιὶιιοιι
1323 4838 1407 4902 est
1439 4866 1453 4901 :
1499 4838 1557 4900 ut
1584 4845 1637 4899 in

217 4933 351 4963 Vl'rgll
377 4939 391 4963 ῗ

122 4926 192 4963 illo
217 4933 351 4971 vrrsu
377 4939 391 4974 ἒ

181 4985 440 5062 ᾟλξτχον
457 5007 472 5022 ·
499 4992 650 5045 οὕτω
675 4992 785 5062 γὰρ
812 4990 1000 5045 κακὸν
1024 4986 1247 5041 δοῦλον
1284 4986 1475 5059 γένος.

129 5048 177 5133 ξι
195 5055 251 5133 in.
272 5048 371 5133 hoc:
389 5064 558 5133 altero
583 5048 817 5133 eius't'é"!
852 5074 1020 5133 ροθιθθ
1048 5077 1060 5111 ³

127 5122 406 5205 segrege!
433 5132 503 5185 Τὸ
528 5122 752 5205 δοῦλον
885 5127 1199 5205 ἀπρνταχῆ
1228 5126 1420 5198 γέιός,
1436 5145 1489 5183 κ.
1515 5145 1564 5182 τ.
1588 5128 1639 5181 λ.

184 5194 276 5265 (⁵6)
309 5198 569 5255 Dominus.
601 5203 636 5255 ll
666 5204 789 5257 Cor.
826 5194 903 5264 tit,
935 5202 1017 5255 l7.

185 5266 277 5334 ($7)
317 5268 432 5325 Non
468 5275 624 5325 enim.
652 5272 692 5325 ll
729 5271 868 5328 Tim.
909 5287 946 5331 l,
976 5272 1026 5324 7.

186 5332 279 5412 (ἦε)
321 5338 607 5412 ξοηνὶιιιιὶε.
633 5342 817 5397 ϐτωειι
841 5343 1005 5397 editio
1028 5356 1147 5412 pro,
1171 5338 1431 5403 δουλείας,
1457 5338 1640 5405 habet.

131 5396 314 5479 δειλίας,
336 5408 391 5479 id
418 5423 499 5464 est
527 5396 745 5466 timoris.

176 5472 423 5592 gat-Nic
443 5484 597 5535 enim.
640 5482 797 5538 Rom.
844 5498 964 5546 vnt,
996 5483 1083 5548 l5,
1125 5500 1293 5556 usque
1326 5483 1392 5537 ad
1436 5495 1641 5546 vocem.

137 5555 154 5588 Ι
176 5555 331 5599 fater.
359 5568 377 5598 I

152 5676 171 5695 η
195 5612 287 5695 (6οι
328 5616 518 5695 Itaque.
556 5621 669 5695 Ista
692 5624 796 5677 huc
834 5622 1089 5695 translata
1127 5634 1349 5680 suntex
1380 5621 1545 5693 Epist.
1577 5620 1644 5674 ad

140 5681 295 5761 Gala,
334 5681 427 5761 IV,
469 5692 521 5745 7.
566 5692 676 5746 Nisi
734 5693 993 5761 suspicari
1066 5696 1311 5749 malimus
1359 5681 1642 5761 Didytnutn

143 5750 227 5804 duo
266 5750 405 5811 Pauli
465 5762 574 5815 loca
628 5750 881 5830 dictasse,
936 5763 1214 5820 librarium
1253 5781 1378 5822 vero
1410 5750 1479 5818 ei
1515 5762 1644 5817 duo-

1722 1899 1792 1953 tis
1828 1898 2024 1953 iterum
2062 1898 2117 1953 in
2153 1901 2379 1964 timore,
2430 1898 2523 1955 sed
2577 1901 2824 1970 spiritum
2878 1900 3202 1970 adoptionis,
3236 1900 3288 1954 in

1724 2005 1831 2060 quo
1872 1990 2193 2055 clamamus,
2216 1992 2386 2058 Abba,
2419 1993 2600 2047 Pater.
2635 1992 2817 2062 Itaque
2856 1992 2967 2063 (60)
2993 1992 3103 2063 jam
3133 1990 3291 2061 167

1721 2097 1828 2138 non
1870 2097 1930 2138 es
1984 2100 2196 2149 servus,
2248 2086 2340 2139 sed
2386 2084 2546 2139 (ilius.
2586 2104 2605 2136 ι
2656 2086 2810 2140 Sicut
2865 2099 2993 2154 ergo
3047 2083 3295 2142 liberavit

1722 2191 1823 2231 nos
1861 2175 2048 2241 Filius,
2102 2192 2224 2231 cum
2264 2176 2463 2231 dictum
2506 2177 2664 2232 nobis
2696 2178 2807 2231 sit:
2857 2195 2875 2228 ‹
2923 2174 3040 2229 Jam
3096 2189 3203 2229 non
3235 2187 3295 2229 es

1722 2280 1933 2333 servus,
1966 2267 2060 2321 sed
2090 2266 2225 2321 liber
2258 2282 2273 2332 ;
2317 2284 2337 2318 ι
2404 2276 2459 2320 et
2499 2284 2511 2320 :
2560 2283 2579 2316 ι
2617 2264 2889 2320 Libertate
2912 2263 3047 2335 (61),
3069 2278 3172 2333 qua
3200 2261 3294 2316 Fi-

1726 2359 1830 2414 lius
1870 2375 1965 2414 vos
1996 2359 2266 2425 liberavit,
2302 2378 2323 2412 ι
2365 2358 2437 2412 ita
2470 2358 2630 2412 etiam
2661 2373 2688 2410 a
2728 2356 2956 2428 Spiritu,
2986 2357 3127 2425 quod
3155 2370 3297 2410 eam-

1729 2450 1851 2505 dem
1893 2466 2013 2504 cum
2057 2449 2194 2504 Filio
2230 2448 2522 2504 essentiam
2576 2447 2788 2512 habeat,
2828 2446 3076 2514 idemque
3124 2443 3297 2498 domi-

1731 2544 1939 2599 verba:
1990 2561 2008 2595 ι
2042 2542 2144 2598 Ubi
2200 2554 2378 2598 autem
2431 2542 2664 2612 Spiritus
2719 2541 2951 2605 Domini,
3005 2540 3079 2595 ibi
3129 2539 3295 2593 liber—

1799 2728 1891 2786 ΧΙ.
1948 2727 2207 2785 Creatura
2261 2742 2383 2783 cum
2446 2724 2817 2796 intelligibilis,
2876 2733 2988 2777 tum
3027 2719 3299 2777 sensibilis

1732 2822 2023 2886 ministrat,
2083 2835 2192 2876 non
2245 2819 2486 2889 praecipit
2522 2833 2585 2873 ex
2626 2818 2844 2886 seipsa;
2898 2816 3039 2870 sicut
3089 2813 3155 2867 de
3198 2826 3300 2866 an-

1730 2915 1864 2984 gelis
1893 2921 2116 2968 testatur
2146 2912 2428 2983 Scriptura
2471 2930 2484 2967 :
2534 2930 2553 2963 ‹
2598 2910 2854 2965 Potentes
2911 2905 3021 2977 (62)
3073 2906 3298 2965 virtute,

1734 3006 1992 3061 facientes
2021 3007 2245 3061 verbum
2290 3004 2453 3060 illius.
2480 3022 2499 3056 ι
2542 3003 2611 3057 At
2663 3002 2898 3070 Spiritus
2943 3006 3163 3055 sanctus
3204 2995 3301 3049 Dei

1729 3112 1823 3152 sua
1855 3098 2025 3167 ipsius
2059 3098 2385 3152 auctoritate
2416 3094 2715 3165 prephetis,
2746 3102 2800 3147 et
2826 3090 3084 3161 apostolis
3110 3087 3303 3160 praeci-

1731 3190 1808 3258 pit
1841 3198 1900 3243 ut
1936 3189 2093 3252 Deus,
2126 3198 2178 3242 et
2218 3188 2496 3253 Dominus,
2557 3186 2698 3240 sicut
2730 3185 2784 3238 in
2831 3183 2919 3247 iis,
2973 3196 3093 3251 quae
3137 3178 3304 3247 subji-

1730 3280 1961 3343 cientt'tr,
1994 3279 2244 3349 capitulis
2274 3280 2609 3334 ostendetur.

1800 3372 1918 3427 Xll.
1944 3373 2204 3427 Creatura
2232 3388 2299 3427 ex
2328 3371 2679 3433 validissima,
2716 3379 2773 3423 et
2804 3366 3157 3435 omnipotenti
3188 3365 3302 3420 vir-

1732 3471 1846 3519 tute
1873 3463 2051 3518 divina
2078 3463 2185 3516 vim
2218 3475 2283 3515 ac
2334 3461 2499 3515 robur
2539 3460 2770 3527 accipit;
2802 3459 2892 3512 sed
2923 3460 3036 3526 ipsa
3082 3456 3192 3509 vim
3238 3468 3305 3510 ac

1734 3562 1902 3611 robur
1939 3570 2043 3615 non
2072 3555 2413 3623 impertitur;
2473 3560 2682 3605 tantam
2734 3552 2877 3603 enim
2925 3548 3132 3617 accepit
3172 3547 3303 3612 vim,

1733 3656 1932 3717 quanta
1964 3646 2063 3715 ipsi
2093 3643 2305 3707 sulIicit,
2351 3657 2577 3711 eamque
2604 3638 2877 3695 conservis
2904 3636 3307 3693 communicare

1735 3754 1843 3795 non
1874 3737 2035 3792 valet.
2065 3737 2135 3789 At
2178 3734 2413 3804 Spiritus
2454 3734 2545 3787 Dei
2595 3732 2820 3788 fecunda
2874 3743 2992 3793 sua,
3029 3735 3083 3782 et
3129 3726 3304 3781 nutri-

1736 3836 1913 3895 cante,
1973 3838 2029 3882 et
2073 3825 2415 3880 indeliciente
2475 3823 2677 3877 virtute
2752 3818 3104 3882 corroborat;
3180 3816 3306 3884 quia

1736 3929 1948 3977 creator
1971 3927 2055 3974 est
2099 3917 2234 3989 (65),
2290 3930 2397 3971 non
2443 3923 2729 3969 creatura:
2780 3910 3030 3966 Salvator
3061 3908 3204 3964 enim
3251 3906 3305 3959 in

1736 4014 1890 4071 Actis
1941 4012 2057 4066 ait-
2109 4028 2128 4062 ι
2162 4008 2269 4065 Vos
2296 4018 2477 4063 autem
2529 4005 2642 4077 (64)
2689 4003 2966 4073 accipietis
3027 4002 3305 4062 virtutem,

1739 4104 2151 4177 superveniente
2183 4103 2384 4173 Spiritu
2427 4111 2617 4157 sancto
2649 4100 2703 4154 in
2729 4113 2865 4165 vos;
2894 4116 2913 4150 ›
2946 4095 3089 4168 quod
3118 4104 3310 4161 nempe

1739 4202 1857 4255 sine
1893 4197 2008 4265 ejus
2038 4197 2268 4250 adventu
2302 4194 2413 4264 (65)
2451 4193 2595 4247 nulla
2624 4191 2777 4247 nobis
2803 4191 2869 4245 ad
2904 4190 3070 4244 Deum
3100 4187 3172 4242 sit
3202 4187 3304 4249 vis,

1741 4299 1834 4344 aut
1870 4303 2014 4357 spes.
2063 4282 2611 4339 Animadvertendum
2663 4296 2793 4335 vero
2839 4279 3002 4332 etiam
3050 4285 3152 4341 est,
3202 4270 3310 4326 duo

1744 4381 1848 4435 alia
1881 4380 1967 4434 bis
1995 4377 2174 4431 verbis
2204 4374 2537 4446 signiﬁcari;
2574 4373 2749 4442 primo
2789 4370 3030 4441 quidem,
3074 4365 3309 4434 Spiritus

2422 4550 2699 4605 Nimirum
2742 4550 2815 4603 ita
2864 4548 3142 4616 legendum
3186 4558 3311 4616 esse

1743 4614 2010 4699 conjiein:
2070 4628 2359 4699 Ῥωμαίοις
2398 4623 2497 4699 δέέ
2645 4620 2752 4691 γάρ
2772 4614 3095 4699 ἔλαθε-τευ..
3141 4614 3310 4699 ’Δξϐδι

1779 4684 1867 4753 sui
1910 4700 2122 4757 mea).
2167 4684 2429 4765 ὀῐιατῆρ,
2458 4684 2733 4765 Γαλάταις
2767 4688 2857 4765 δέ’
2884 4684 3311 4765 fissam-imiter;

1779 4714 1867 4753 aut
1910 4701 2122 4757 Ἀϐϐἄ).
2167 4701 2194 4749 ὁ
2220 4701 2427 4765 Πατὴρ.
2460 4701 2725 4751 Γαλάταις
2767 4701 2857 4741 οε’
2907 4701 3311 4749 ἰςςαπεστειλεν

1740 4701 1768 4822 Σ
1814 4770 1945 4834 Θεὸς
1992 4770 2050 4823 τὸ
2082 4766 2304 4837 Πνεῦμα
2336 4762 2432 4837 τοῦ
2483 4760 2611 4837 Ποῦ
2644 4758 2928 4837 αύτοῦηεξς
2958 4755 3057 4837 τὰς
3084 4754 3312 4837 καρδίας

1742 4818 1942 4910 ύμῖιύἶιι,ν
1969 4818 2447 4910 κρνάξονξίἌϐὅὰ,
2482 4834 2510 4886 ό
2550 4831 2759 4901 Πατήρ.
2800 4829 2958 4879 Ὥστε
2991 4826 3092 4877 οὐκ
3133 4818 3211 4876 ἔτι
3260 4818 3314 4876 εἴ

1740 4908 1943 4974 δοῦλος,
1972 4908 2087 4962 ἀλλ’
2115 4908 2248 4969 υἱός.
2294 4973 2320 4977 _
2370 4974 2378 4977 _
2588 4971 2601 4977 _
2680 4968 2711 4977 Α
2950 4966 2980 4977 ,,
3014 4965 3024 4975 ,

1815 4964 2245 5051 (61)Ἰ.ἱὺενιαιέ.
2283 4973 2458 5051 Galat.
2494 4986 2544 5035 v,
2584 4971 2635 5023 l.
2674 4968 2859 5024 Graeca
2898 4965 3064 5021 editio
3107 4980 3227 5035 pro,
3279 4964 3308 5017 ό

1748 5044 2107 5115 Υἱός,ἰιυι›οι,
2140 5044 2391 5117 Χριστόςτ

1819 5109 1931 5187 (ῧὲ)
1979 5109 2237 5190 Potentes.
2272 5114 2412 5190 Psal.
2444 5128 2538 5190 ett,
2574 5126 2716 5190 vers.
2755 5109 2844 5190 ΞΘ,
2900 5178 2933 5190 η
2976 5177 2989 5190 .
3027 5178 3039 5190 υ

1818 5178 1930 5259 (653
1971 5188 2188 5259 Crealor
2218 5195 2313 5239 est.
2349 5185 2403 5237 ltt
2443 5178 2577 5236 libro
2605 5182 2766 5259 etiam
2797 5180 2869 5233 De
2895 5178 3096 5244 Spiritu
3130 5184 3312 5259 sancto

1748 5248 1898 5316 nuin.
1918 5248 2013 5323 3l,
2042 5257 2298 5326 Spiritum
2328 5264 2571 5326 sanctum
2597 5254 2906 5326 Creatorem
2930 5264 3053 5326 esse
3076 5248 3312 5326 probans

1750 5331 1903 5385 all‘crt
1934 5318 2131 5383 (ﬁbris-ti
2170 5325 2332 5379 verba
2368 5325 2419 5377 in
2451 5324 2601 5378 Actis
2626 5340 2655 5375 a
2682 5324 2825 5377 Luca
2867 5319 3033 5373 relata
3064 5336 3079 5373 :
3114 5336 3133 5369 t
3153 5318 3313 5371 Acci-

1752 5400 2211 5473 pietﬁispvirtutetn,
2238 5415 2256 5446 ι
2294 5406 2397 5473 ιιιοῖ

1820 5453 1933 5541 (64)
1987 5453 2313 5541 νοτίου-ἱρῇ.
2365 5467 2487 5518 Act.
2521 5462 2646 5541 t,ﬁ8.
2690 5462 2861 5541 Biblia
2904 5474 3000 5528 pro
3045 5458 3201 5541 ὑμεῖς
3230 5453 3311 5541 δέἶ

1753 5523 1948 5594 habent
1976 5539 2131 5592 ἀλλά.
2180 5534 2312 5591 Vide
2363 5545 2473 5591 not.
2518 5534 2744 5605 l8,pag.
2796 5523 2919 5596 30,-
2954 5542 3008 5584 et
3046 5523 3200 5582 uetas
3245 5523 3312 5576 ad

1748 5626 1919 5665 seum.
1956 5610 2056 5662 115
2085 5628 2138 5660 a.

1956 5626 2218 5732 uirgini.
2254 5676 2399 5729 Itane
2427 5684 2736 5751 toqueretur
2776 5672 2867 5751 q_ui
2889 5672 2953 5728 de
2974 5668 3165 5726 divina:
3188 5678 3313 5735 gra-

1753 5744 1838 5806 tiai
1878 5744 2198 5807 necessitate
2240 5761 2519 5817 perperam
2562 5744 2823 5800 sentiret?
