3688 6312
400 284 504 343 545

1630 285 1867 341 DIDYMI
1908 286 2371 343 ALEXANDRINI
3494 301 3572 356 ΞΗ

400 413 493 455 ωε
521 405 601 451 est
632 395 820 452 Filius.
856 395 961 451 Iste
991 398 1132 451 enim
1164 400 1360 453 missus
1383 408 1467 454 est
1493 409 1550 453 ut
1586 401 1840 465 Verbum,
1872 401 1960 455 ille

2094 403 2153 455 οῦ
2192 404 2423 473 Πατρὸς,
2461 404 2548 458 διὰ
2576 406 2635 458 τὸ
2663 406 2720 457 ἓν
2746 406 2975 475 θέλημα,
2997 405 3300 461 τὰτοιαῦτα
3332 414 3485 465 κεῖται
3505 420 3577 488 ρή.

402 498 582 543 autem
625 498 681 541 ut
720 488 919 542 dictum
956 487 1087 558 (85),
1122 499 1177 543 et
1224 490 1456 558 Spiritus
1515 490 1625 544 Dei.
1676 489 1798 543 Ideo
1838 506 1963 546 vero

404 579 706 647 hujusmodi
745 594 901 634 voces
923 580 1173 633 adhibita:
1202 590 1346 643 sunt,
1390 589 1446 634 ut
1477 596 1595 650 qua:
1647 598 1677 636 a
1725 582 1959 647 Christo,

2071 510 2232 563 ματα.
2265 495 2400 547 υῦτε
2434 496 2541 567 γὰρ
2564 498 2764 565 ἀγνοεῖ,
2799 498 2832 567 ἢ
2861 498 3135 566 πέμπεται
3166 500 3240 563 ὼς
3272 502 3458 559 δοῦλον·
3482 509 3577 565 οὗτε

2070 587 2162 655 ἀφ’
2190 586 2384 639 ἑαυτοῦ
2408 588 2575 654 λαλεῖ,
2612 590 2644 660 ἢ
2670 594 2832 655 ποιεῖ,
2866 591 2897 660 ἢ
2932 590 3145 662 ἔρχεται
3181 591 3257 654 ὡς
3278 595 3511 655 ἀντίθεον.

406 682 497 723 aut
528 688 556 725 a
590 671 789 740 Spiritu
821 680 1008 725 sancto
1029 671 1299 735 dicuntur,
1329 687 1389 726 ea
1424 673 1524 728 dici
1553 674 1713 728 etiam
1778 690 1807 727 a
1876 675 2035 729 Patre
2074 681 2420 737 noverimus:
2476 682 2615 749 quod
2673 697 2774 733 una
2822 685 2893 735 sit
2942 699 3127 737 eorum
3179 683 3431 740 voluntas.
3476 688 3578 743 Nam

406 775 576 829 neque
606 759 812 829 ignorat
838 759 1069 828 Spiritus
1098 770 1334 825 sanctus,
1371 778 1469 816 nec
1502 762 1731 817 mittitur
1762 774 1819 819 ut
1840 780 2027 821 servus
2060 766 2194 839 (8G),
2222 784 2395 839 neque
2457 786 2487 825 a
2546 772 2832 841 semetipso
2886 783 2981 829 aut
3045 774 3298 843 loquitur,
3321 788 3407 831 aut
3428 795 3581 849 opera-

407 864 511 915 tnr,
545 863 636 907 aut
667 853 813 907 venit
840 854 989 921 quasi
1027 853 1116 909 Dei
1152 855 1491 910 adversarius
1522 856 1655 926 (87).

478 965 615 1020 XVI.
653 965 911 1021 Creatura
940 982 1042 1021 non
1071 967 1215 1022 videt
1254 967 1418 1022 Deum
1454 979 1508 1023 et
1542 968 1755 1025 Patrem
1793 972 1865 1025 ita
1892 972 1969 1027 uti

406 1065 521 1118 est;
559 1055 624 1109 ab
657 1057 821 1109 altera
852 1057 993 1109 enim
1024 1064 1213 1111 natura
1238 1058 1355 1125 capi
1391 1058 1441 1111 id
1470 1072 1579 1113 non
1622 1069 1819 1129 potest,
1871 1077 1971 1118 nec

408 1146 699 1201 sustineri:
762 1160 826 1199 ac
903 1146 968 1200 de
1025 1147 1134 1215 ipsa
1202 1148 1607 1219 intelligendum
1663 1158 1747 1204 est
1798 1150 1965 1207 illud:

412 1234 621 1287 «Nemo
673 1235 782 1305 (88)
831 1236 1032 1290 videbit
1074 1236 1263 1291 faciem
1322 1254 1518 1302 meam,
1559 1249 1613 1293 et
1655 1242 1860 1295 vivet.»
1908 1240 1967 1295 In

411 1325 702 1394 Scripturis
736 1342 858 1381 vero
894 1328 1157 1382 interdum
1182 1329 1397 1398 quidem
1450 1330 1618 1386 Filius
1657 1332 1825 1397 solus,
1885 1332 1970 1386 in-

412 1418 616 1470 terdum
649 1427 825 1470 autem
849 1417 992 1472 solus
1027 1418 1258 1487 Spiritus
1292 1430 1510 1474 sanctus
1537 1421 1718 1476 videre
1745 1421 1965 1486 dicitur,

410 1512 502 1555 aut
528 1518 683 1557 nosse
714 1505 876 1558 Deum
900 1504 1142 1585 Patrem;
1174 1522 1238 1560 eo
1280 1508 1418 1576 quod
1472 1509 1524 1562 in
1553 1511 1756 1565 unitate
1789 1510 1971 1565 Deita-

414 1596 480 1649 tis
507 1596 576 1651 sit
624 1596 889 1652 Trinitas:
933 1608 987 1652 ut
1046 1615 1165 1654 cum
1208 1601 1453 1655 Salvator
1511 1603 1650 1671 apud
1705 1601 1966 1657 Joannem

421 1687 535 1742 ait:
571 1705 590 1740 ι
625 1686 742 1742 Non
787 1691 909 1759 quia
942 1689 1050 1761 (89)
1092 1690 1305 1746 Patrem
1352 1693 1633 1761 quisquam
1676 1694 1827 1758 vidit,
1871 1695 1970 1749 nisi
2006 1688 2046 1743 Β

423 1776 469 1830 is
491 1780 688 1847 quiest
728 1794 792 1833 ex
840 1781 982 1835 Deo:
1035 1782 1120 1836 hic
1173 1783 1304 1836 vidit
1334 1782 1606 1837 Patrem.»
1666 1783 1759 1838 Est
1793 1793 1971 1839 autem

422 1881 489 1921 ex
520 1868 625 1921 Deo
656 1871 946 1923 secundum
976 1881 1220 1926 naturam
1256 1886 1376 1927 cum
1400 1871 1568 1926 Filius
1608 1886 1703 1940 per
1753 1886 1975 1941 genera-

423 1958 648 2025 tionem,
676 1967 788 2013 tum
818 1959 1049 2030 Spiritus
1077 1974 1294 2017 sanctus
1334 1978 1428 2032 per
1466 1964 1886 2032 processionem.
1913 1964 1976 2017 Et

415 2064 602 2104 rursus
630 2065 749 2105 cum
772 2052 884 2107 ait:
927 2070 945 2103 ι
975 2053 1081 2107 Nec
1103 2054 1243 2107 enim
1268 2054 1380 2122 (90)
1408 2052 1622 2109 Patrem
1654 2055 1778 2124 quis
1815 2057 1965 2109 novit

412 2138 513 2193 nisi
541 2140 723 2205 Filius,
780 2151 834 2195 et
870 2143 952 2196 cui
1003 2142 1168 2197 Filius
1216 2142 1552 2198 revelaverit.
1583 2163 1601 2195 ι
1645 2145 1711 2198 Ει
1757 2146 1973 2212 quando

412 2232 753 2299 peculiariter
801 2234 867 2289 de
920 2234 1119 2304 Spiritu
1177 2246 1365 2291 sancto
1410 2236 1497 2290 illa
1543 2236 1740 2292 Paulus
1784 2236 1975 2293 Corin-

414 2327 539 2381 thiis
566 2329 676 2396 (91)
719 2330 927 2397 scribit,
974 2346 1092 2401 quae
1133 2342 1288 2386 antea
1341 2333 1481 2387 dicta
1540 2344 1684 2387 sunt.
1730 2333 1797 2387 Et
1850 2349 1972 2387 cum

412 2418 578 2473 Isaias
606 2422 889 2490 prophetes
926 2423 1029 2477 ait:
1089 2443 1107 2477 ι
1140 2424 1371 2493 Spiritus
1414 2424 1524 2495 (92)
1571 2426 1873 2495 sapientiae,
1921 2435 1977 2480 et

412 2511 733 2579 intellectus,
803 2514 1032 2583 Spiritus
1098 2517 1354 2581 scientiae,
1404 2526 1455 2571 et
1496 2518 1731 2586 pietatis.
1769 2536 1788 2570 ι
1864 2516 1970 2573 Sed

412 2614 587 2655 nonne
613 2617 641 2655 a
667 2604 943 2670 Matthaeo,
990 2606 1259 2674 inquiunt,
1308 2608 1568 2676 scriptum
1621 2617 1805 2663 estex
1848 2623 1975 2678 per-

411 2703 541 2742 sona
572 2689 891 2748 Salvatoris:
923 2714 941 2745 ‹
968 2695 1157 2750 Videte
1175 2696 1289 2767 (95)
1315 2713 1380 2752 ne
1423 2699 1780 2753 contemnatis
1809 2714 1974 2752 unum

410 2796 475 2835 ex
509 2782 591 2836 his
612 2785 820 2852 pusillis
842 2786 992 2841 :dico
1016 2788 1161 2841 enim
1196 2788 1370 2854 vobis,
1396 2790 1535 2857 quod
1582 2788 1757 2858 angeli
1788 2803 1973 2843 eorum

415 2874 466 2926 in
492 2876 642 2928 caelis
704 2892 913 2944 semper
946 2879 1127 2933 vident
1164 2880 1353 2933 faciem
1405 2880 1579 2934 Patris
1622 2879 1743 2943 mei,
1793 2880 1881 2947 qui
1922 2878 1974 2931 in

415 2966 565 3021 ctelis
592 2977 692 3022 est.
746 2987 763 3019 ι
803 2970 1011 3039 Utique.
1041 2971 1330 3038 Atvident,
1370 2972 1523 3041 171
1578 2988 1683 3026 non
1722 2983 1972 3042 quantus,

2143 970 2257 1038 ις’.
2292 972 2359 1023 Ἦ
2388 971 2561 1035 κτίσις
2582 973 2678 1042 οὐχ
2698 974 2800 1043 ὁρᾷ
2819 972 2908 1025 τὸν
2938 972 3068 1026 Θεὸν
3098 973 3193 1027 καὶ
3216 975 3424 1046 Πατέρα
3448 980 3584 1045 οὕτως

2072 1063 2147 1127 ὡς
2183 1064 2327 1116 ἔστιν
2346 1080 2359 1093 '
2393 1066 2554 1137 ἑτέρᾳ
2584 1065 2692 1136 γὰρ
2724 1065 2882 1133 φύσει
2901 1065 3059 1118 τοῦτο
3073 1066 3353 1137 ἀχὼρητον
3376 1070 3457 1121 καὶ
3482 1072 3585 1127 ἀεί.

2075 1173 2301 1210 στακτον
2332 1158 2583 1229 ὑπάρχει·
2619 1161 2712 1213 καὶ
2742 1160 2875 1230 πρὸς
2913 1160 3082 1231 αὐτήν
3116 1162 3229 1213 ἐστι
3260 1162 3342 1225 τὸ,
3384 1183 3402 1215 ι
3440 1166 3587 1232 Οὐδεὶς

2072 1249 2259 1318 ὄψεταί
2299 1267 2398 1320 μου
2421 1250 2480 1303 τὸ
2513 1251 2800 1321 πρόσωπον
2820 1292 2834 1315 ,
2866 1252 2959 1304 κα)⁸
2992 1252 3234 1323 ζήσεται.
3271 1272 3289 1305 ι
3329 1256 3391 1307 Ai
3414 1256 3463 1308 δὲ
3480 1259 3588 1328 Γρας

2075 1340 2170 1408 φα).
2207 1341 2453 1408 λέγουσι,
2515 1342 2644 1395 ποτὲ
2686 1343 2785 1413 μὲν
2820 1342 2912 1395 τὸν
2941 1342 3069 1396 Υίὸν
3105 1344 3282 1413 μόνον,
3330 1346 3449 1399 ποτὲ
3475 1348 3587 1401 δὲτὸ

2075 1429 2224 1499 ἆγιον
2255 1431 2475 1502 Πνεῦμα
2520 1433 2674 1502 μόνον
2709 1434 2861 1504 ὁρᾷν,
2889 1434 2921 1504 ἢ
2953 1434 3143 1487 εἰδέναι
3184 1435 3273 1489 τὸν
3301 1435 3425 1489 Θεὸν
3455 1439 3586 1492 Πειτὲ-

2077 1539 2173 1593 ρα,
2212 1524 2397 1594 ἐπειδὴ
2428 1527 2485 1578 ὲν
2539 1525 2722 1595 μονάδι
2744 1526 3005 1597 Θεότητος
3035 1527 3067 1597 ἡ
3103 1527 3290 1598 Τριάς·
3330 1527 3402 1589 ὡς
3421 1529 3590 1598 quem

2078 1612 2266 1683 Σωτὴρ
2305 1614 2454 1684 παρὰ
2488 1615 2705 1686 Ἰωάννῃ
2753 1616 2935 1684 λέγει’
2982 1635 2999 1667 ι
3037 1617 3146 1687 Οὐχ
3186 1618 3267 1670 ὅτι
3303 1618 3391 1670 τὸν
3419 1620 3591 1691 Πατέρα

2075 1719 2156 1765 τις
2184 1702 2441 1773 ἑώρακεν,
2475 1707 2521 1757 εἰ
2550 1706 2623 1775 μὴ
2642 1706 2671 1757 6
2700 1704 2776 1759 ὣν
2806 1708 2868 1759 ἐκ
2905 1706 2996 1759 τοῦ
3026 1706 3159 1759 Θεοῦ
3180 1724 3193 1736 °
3218 1702 3373 1771 οὗτος
3423 1710 3590 1780 ἑώρακε

2074 1794 2165 1847 τὸν
2210 1795 2445 1866 Πατέρα.
2487 1814 2505 1847 ι
2562 1797 2715 1849 Ἔστι
2760 1797 2817 1850 δὲ
2860 1799 2924 1850 ὲκ
2957 1796 3050 1851 τοῦ
3072 1798 3207 1851 Θεοῦ
3240 1798 3379 1851 κατὰ
3417 1801 3594 1867 φύσινΰ

2076 1884 2201 1947 Υἱὸς
2223 1884 2571 1954 γεννητικῶς,
2595 1885 2689 1938 καὶ
2705 1886 2764 1938 τὸ
2788 1884 2939 1954 ἅγιον
2961 1886 3180 1957 Πνεῦμα
3214 1889 3592 1959 ὲκπορευτικῶς.

2076 1976 2181 2027 Καὶ
2207 1974 2383 2027 πάλινο
2427 1993 2447 2026 ι
2487 1975 2618 2029 Οὐδὲ
2639 1976 2746 2047 γὰρ
2773 1977 2862 2030 τὸν
2894 1977 3109 2047 Πατέρα
3136 1996 3221 2041 τις
3265 1978 3594 2047 ἐπιγινώσκει,

2074 2069 2121 2119 εί
2152 2068 2223 2138 μὴ
2248 2070 2275 2121 6
2304 2068 2449 2132 Υἱὸς,
2476 2068 2568 2121 καὶ
2592 2061 2636 2136 ᾧ
2669 2070 2762 2122 ἐὰν
2789 2071 2817 2121 6
2849 2068 2975 2132 Υἱὸς
2992 2069 3337 2142 ἀποκαλύψῃ.
3375 2089 3392 2122 ι
3419 2072 3512 2124 Καὶ
3540 2072 3597 2133 ὡς

2073 2161 2199 2211 ὅταν
2232 2160 2411 2224 ίδικῶς
2434 2160 2670 2230 περὶτοῦ
2699 2161 2853 2229 ἁγίου
2873 2160 3011 2213 Πνεύ
3020 2180 3206 2231 ματος,
3222 2162 3299 2225 ὡς
3320 2161 3594 2233 προελέχθη.

2074 2250 2284 2315 Παῦλος
2322 2252 2627 2324 Κορινθίοις
2662 2254 2885 2324 γράφει.
2920 2254 3029 2305 Καὶ
3053 2252 3127 2316 ὡς
3159 2254 3385 2316 Ἡσαΐας
3423 2271 3596 2325 προςη-

2072 2339 2235 2392 τεύειο
2279 2359 2297 2391 ι
2330 2340 2551 2410 Πνεῦμα
2585 2340 2775 2411 σοφίας
2806 2341 2901 2395 καὶ
2929 2341 3211 2405 συνέσεως,
3245 2342 3463 2413 Πνεῦμα
3489 2343 3601 2411 γνώα

2076 2450 2210 2495 σεως
2247 2434 2341 2485 καὶ
2394 2433 2689 2497 εὐσεϐείας.
2739 2452 2758 2484 ι
2793 2435 2867 2487 υύ
2920 2433 3228 2505 γέγραπται
3281 2429 3413 2496 οῦν,
3476 2434 3599 2502 φησι,

2074 2524 2331 2595 Ματθαίῳ
2367 2526 2473 2578 ἀπὸ
2502 2523 2594 2577 τοῦ
2624 2525 2893 2595 Σωτῆρος,
2929 2542 2947 2575 ι
3004 2525 3218 2596 Ὁρᾶτε,
3258 2524 3334 2595 μὴ
3376 2540 3603 2593 καταφρο-

2074 2614 2272 2684 νήσητε
2312 2612 2429 2674 ἐνὸς
2470 2613 2576 2665 τῶν
2624 2613 2830 2684 μικρῶν
2866 2615 3067 2666 τούτων
3093 2630 3106 2643 ·
3148 2613 3290 2681 λέγω
3331 2612 3435 2681 γὰρ
3482 2613 3600 2681 ὑμῖν,

2074 2705 2153 2757 ὅτι
2178 2707 2223 2757 οἱ
2259 2704 2476 2773 ἄγγελοι
2498 2705 2676 2758 αὐτῶν
2698 2706 2756 2757 έν
2789 2706 3033 2776 οὐρανοῖς
3054 2704 3142 2757 διὰ
3172 2703 3374 2766 παντὸς
3414 2702 3601 2772 βλέπου-

2078 2813 2131 2847 σι
2174 2795 2235 2848 τὸ
2273 2795 2559 2865 πρόσωπον
2596 2796 2690 2849 τοῦ
2718 2796 2929 2866 Πατρός
2965 2812 3066 2864 μου
3092 2794 3184 2847 τοῦ
3218 2796 3273 2847 ὲν
3293 2796 3560 2863 οὐρανοῖς;
3588 2813 3601 2842 ι

2074 2884 2197 2936 Ναί·
2232 2884 2369 2939 ἀλλὰ
2400 2884 2708 2955 βλέπουσιν,
2740 2888 2837 2957 οὐχ
2869 2888 2989 2950 ὅσος
3014 2887 3108 2939 καὶ
3139 2882 3249 2949 οἷός
3278 2887 3370 2957 [77
3403 2885 3454 2956 ιι]
3488 2887 3606 2937 ἐστιν

2076 2979 2103 3029 6
2127 2976 2279 3042 Θεὸς,
2301 2978 2433 3031 ἀλλὰ
2456 2978 2575 3031 καθ’
2613 2980 2734 3031 ὅσον
2782 2979 2933 3031 αὐτοὶ
2970 2962 3255 3049 χωροῦσιν.
3296 2980 3356 3031 '0
3386 2978 3439 3030 δὲ
3473 2980 3609 3031 Μονο-

414 3067 469 3113 et
520 3060 695 3127 qualis
750 3070 832 3115 est
885 3063 1044 3124 Deus,
1103 3064 1194 3117 sed
1256 3074 1511 3133 quantum
1584 3064 1680 3133 Ipsi
1747 3080 1964 3133 capaces

2092 3068 2238 3139 Γενῆς
2265 3070 2356 3122 καὶ
2385 3069 2445 3121 τὸ
2481 3070 2633 3138 ἆγιον
2665 3069 2883 3140 Πνεῦμα
2902 3110 2917 3136 ,
2947 3069 3033 3123 διὰ
3063 3071 3123 3123 τὸ
3161 3070 3357 3123 ταυτὸν
3403 3072 3490 3138 τῆς
3522 3067 3609 3119 θεό-

417 3159 544 3202 sunt
603 3148 734 3218 (94).
773 3149 1086 3219 Unigenitus
1136 3161 1313 3206 antem
1348 3160 1402 3207 et
1463 3151 1692 3221 Spiritus
1731 3164 1969 3217 sanctus,

418 3236 489 3291 ob
511 3237 839 3294 identitatem
869 3242 1100 3308 deitatis,
1145 3243 1329 3297 vident
1365 3243 1437 3298 ita
1468 3244 1543 3297 uti
1585 3254 1667 3299 est
1703 3244 1973 3313 quantita-

421 3329 490 3384 tis
514 3339 569 3383 et
600 3330 780 3384 forma:
802 3348 994 3402 expers
1023 3335 1183 3389 Deus.

494 3415 653 3470 XVII.
693 3418 948 3474 Creatura
994 3421 1269 3476 rationalis
1301 3436 1421 3476 cum
1467 3422 1864 3477 renovationem
1922 3430 1981 3479 et

423 3508 762 3578 adoptionem
793 3511 1161 3580 consequitur,
1184 3512 1327 3566 illam
1358 3513 1504 3568 hisce
1526 3514 1677 3567 donis
1732 3514 1976 3581 omnipo—

420 3610 537 3656 tens
560 3603 729 3672 gratia
762 3603 991 3673 Spiritus
1013 3606 1186 3660 sancti
1214 3605 1429 3676 dignam
1461 3607 1587 3661 facit
1616 3624 1630 3672 ;
1683 3606 1805 3674 quia
1865 3621 1970 3660 non

420 3701 666 3746 creatura
700 3694 744 3748 is
772 3702 873 3756 est,
902 3695 994 3748 sed
1022 3694 1181 3761 Deus,
1214 3694 1388 3763 qualis
1422 3695 1510 3749 ille
1557 3706 1639 3750 est
1669 3734 1684 3760 ,
1737 3696 1825 3764 qui
1871 3695 1977 3765 pri-

417 3798 561 3837 mum
581 3798 697 3838 eam
732 3786 954 3841 creavit.

487 3873 671 3931 XVIII.
706 3875 966 3942 Quaelibet
990 3886 1238 3933 creatura
1270 3893 1389 3933 cum
1414 3877 1661 3941 visibilis,
1717 3885 1828 3931 tum
1887 3878 1974 3931 in-

416 3967 665 4035 visibilis,
694 3969 915 4025 laudare
943 3979 997 4025 et
1017 3970 1418 4041 superexaltare
1449 3968 1614 4024 Deum
1666 3968 1719 4022 in
1775 3970 1974 4023 saacula

513 4170 600 4251 85)
640 4168 912 4251 Dictum:
960 4169 1071 4251 Dei.
1120 4169 1252 4224 Vide
1278 4168 1959 4251 superiusnp‘agin’anmnlﬂ.

418 4238 476 4321 In
502 4237 634 4293 libro
666 4240 825 4321 etiam
854 4240 927 4293 De
962 4239 1103 4321 Spir.
1141 4250 1318 4294 sancto
1350 4239 1602 4321 num:_2.8
1627 4248 1680 4291 et
1706 4239 1774 4321 2.9
1800 4237 1977 4321 _Sp_iri-

426 4318 824 4389 tu'm.sanctum
876 4318 1033 4389 vocat
1066 4325 1425 4389 .(SCI'II‘IOIIGIII
1482 4310 1747 4389 DeiLnni
1795 4308 1970 4389 fallor.

430 4397 447 4430 ι
471 4376 635 4432 Isaias
664 4394 895 4447 quoque,
933 4379 1124 4446 inquit,
1159 4396 1275 4432 cum
1306 4394 1553 4432 sermone
1586 4379 1673 4431 Dei
1712 4379 1973 4447 impulsus

426 4449 493 4500 ad
534 4448 951 4519 prophetamlum
996 4448 1479 4519 fuisset,i_Spiritus
1522 4449 1964 4519 sanctiiimperiu

2092 4448 2136 4501 τὸ
2168 4448 2457 4519 πρόσωπόν
2492 4466 2616 4518 μου,
2645 4448 2741 4519 καὶ
2776 4448 2840 4519 ζὴ

425 4518 770 4586 prOphetasse
798 4519 1124 4583 perhibetur.
1144 4538 1165 4568 ›
1207 4517 1303 4573 Ubi
1340 4519 1422 4571 vir
1447 4519 1656 4571 clariss.
1688 4518 1979 4576 Vallarsius

424 4587 799 4657 conjicitApro,
837 4607 855 4638 ι
881 4586 1113 4657 Spiritus
1162 4588 1334 4641 Sancti
1377 4588 1657 4655 imperio,»
1696 4589 1975 4656 legendum

425 4654 564 4723 esse,
607 4674 625 4707 ι
658 4654 889 4724 Spiritus
916 4654 1135 4711 sanctus
1164 4672 1255 4725 per
1281 4672 1421 4712 eum.
1451 4654 1469 4708 ι
1503 4656 1612 4725 Ego
1645 4654 1846 4711 codicis
1876 4674 1972 4713 no-

425 4727 525 4780 stri
567 4727 847 4781 lectionem
890 4737 1103 4782 secutus
1142 4736 1283 4790 sum,
1332 4728 1419 4797 qui
1470 4728 1665 4781 habet:
1696 4745 1714 4777 ι
1746 4726 1979 4797 Spiritus

427 4797 595 4849 sancti
632 4797 876 4865 imperio.
898 4817 915 4849 ι

496 4867 604 4935 (86)
642 4866 710 4920 Ut
762 4884 957 4920 servus.
1010 4866 1088 4937 De
1124 4865 1580 4937 imissioneﬂFiliﬁi.
1628 4882 1694 4937 ac
1747 4866 1981 4937 Spiritus

424 4937 794 5007 sanctisimilia
807 4937 1022 5007 dictavit
1040 4936 1291 5007 Didymus
1323 4937 1372 4989 in
1401 4936 1493 4989 lib.
1520 4936 1593 4988 De
1612 4936 1756 5005 Spir.
1778 4936 1977 5007 sancto,

428 5021 576 5058 num.
610 5005 699 5069 25,
729 5007 817 5069 26,
848 5006 915 5059 50
939 5017 992 5059 et
1016 5008 1103 5060 51.
1138 5005 1207 5059 Ibi
1238 5007 1377 5058 enim
1402 5007 1669 5075 copiosius
1699 5009 1764 5060 de
1792 5008 1889 5063 hac
1917 5005 1975 5064 re

427 5077 554 5141 agit.
599 5077 671 5128 Ita
714 5092 859 5128 num.
910 5076 978 5129 50
1023 5076 1095 5128 ait
1140 5092 1153 5129 :
1198 5076 1430 5129 «Missus
1473 5092 1500 5128 a
1545 5075 1700 5129 Patre
1748 5076 1981 5144 Spiritus

428 5154 660 5217 sanctus,
695 5161 811 5217 non_
825 5160 1029 5207 servus,
1057 5159 1159 5217 non
1191 5145 1326 5200 alius
1355 5144 1571 5217 [rectius
1588 5148 1750 5217 codex
1776 5158 1979 5201 noster:

431 5212 834 5284 non__alienns],
870 5229 967 5269 nec
1001 5214 1297 5284 disjunctus
1331 5212 1527 5269 a'Filio
1562 5216 1915 5284 intelligatur.
1950 5236 1969 5268 ι

500 5282 610 5355 (87)
650 5282 742 5355 Dei
783 5282 1153 5355 ᾱιιυιτιτιιῂίιιε,Δ
1178 5282 1307 5348 Vel,
1332 5286 1639 5355 _semideus.
1682 5282 1982 5355 Utrumque

427 5353 569 5406 enim
622 5352 756 5406 valet
810 5367 953 5414 vox,
1011 5351 1269 5415 ἀντίθεος.
1327 5353 1517 5407 Primae
1573 5351 1982 5421 signiﬁcationis

428 5421 729 5490 exemplum
791 5422 945 5475 nobis
1006 5424 1203 5490 praebet
1252 5422 1590 5477 Christianus
1645 5424 1731 5477 ille
1782 5436 1979 5490 poeta,

428 5506 589 5561 quem
645 5491 870 5544 Ircnmus
911 5491 964 5543 in
1025 5491 1179 5557 primi
1225 5491 1343 5545 libri
1385 5508 1500 5558 cap.
1555 5492 1641 5556 15,
1692 5494 1980 5548 «divinum

429 5575 635 5627 senem,
668 5561 1007 5629 \eritatisque
1033 5575 1330 5629 praeconem
1358 5580 1375 5611 ι
1408 5571 1583 5626 vocat,
1614 5565 1663 5616 in
1687 5577 1750 5617 eo
1785 5579 1976 5619 versu:

506 5697 701 5765 Ἔχων
732 5713 803 5751 σε
842 5697 1172 5767 πρόδρομον
1214 5696 1485 5752 ἀντιθέου
1526 5700 1905 5767 πανοιφγίας.

2076 3176 2269 3229 τητος,
2304 3160 2500 3230 ὁρῶσιν
2535 3161 2703 3224 οὕτως
2741 3162 2814 3224 ὡς
2834 3160 2978 3214 ἔστιν
3012 3162 3041 3213 6
3080 3160 3360 3231 ἀμεγέθης
3392 3161 3480 3213 καὶ
3502 3158 3613 3212 ἁνεί-

2076 3248 2193 3312 δεος
2217 3249 2366 3313 Θεός.

2148 3422 2241 3475 IZ'.
2288 3421 2351 3475 'H
2390 3423 2561 3487 κτίσις
2596 3425 2628 3493 ή
2678 3422 2888 3493 λογικὴ,
2929 3423 3055 3475 ὅταν
3093 3422 3218 3487 ἀξία
3258 3421 3481 3492 γένηται
3508 3422 3615 3473 dva-

2077 3515 2362 3586 καινισμοῦ
2410 3517 2501 3569 καὶ
2543 3514 2843 3577 υἱοθεσίας,
2883 3514 2985 3566 ὑπὸ
3021 3517 3117 3583 τῆς
3156 3513 3498 3583 πανδυνὰμου
3537 3511 3615 3581 χα-

2079 3626 2224 3680 ριτος
2254 3607 2345 3660 τοῦ
2379 3608 2531 3677 ἁγίου
2566 3608 2878 3677 Πνεῦματος
2910 3606 3110 3659 τούτων
3153 3604 3429 3671 ἀξιοῦται’
3458 3603 3616 3667 ἐπειδὴ

2079 3700 2138 3751 οὑ
2176 3698 2399 3769 κτίσμα,
2449 3698 2582 3751 ἀλλὰ
2625 3698 2754 3764 Θεὸς
2808 3698 3069 3769 ὑπάρχει,
3113 3693 3220 3759 οἷος
3268 3698 3298 3749 6
3341 3695 3524 3757 κτίσας
3570 3692 3619 3744 τὸ

2081 3787 2314 3857 πρῶτον.

2151 3880 2254 3931 IH'.
2301 3877 2360 3931 Ἦ
2392 3877 2566 3941 κτίσις
2592 3879 2759 3940 πᾶσα,
2789 3876 2957 3949 ὁρατὴ
2987 3878 3080 3930 καὶ
3109 3877 3360 3948 ἀόρατος,
3387 3872 3618 3944 ὀνομαστὶ

2080 3968 2469 4039 προστάττεται
2498 3968 2603 4021 ὑπὸ
2627 3967 2733 4021 τῶν
2766 3967 2927 4039 τριῶν
2968 3967 3170 4020 παίδων
3206 3966 3443 4029 Ἀνανία,
3489 3963 3619 4027 ’Δζαο

2078 4169 2313 4239 Alterius
2344 4167 2605 4223 Pindarus
2635 4168 2689 4239 in
2728 4168 2935 4239 ΡεμιιὶἰδΔ
2960 4167 3048 4239 od.
3090 4169 3124 4223 5
3167 4177 3219 4225 et
3248 4167 3303 4235 4,
3353 4166 3619 4227 Homerus,

2085 4241 2194 4293 alii.
2230 4237 2361 4292 Vide
2392 4255 2561 4305 segni.
2593 4238 2695 4293 18?.
2727 4237 2787 4302 α,
2807 4249 2859 4293 et
2880 4237 2980 4291 186
3008 4254 3061 4289 a.

2150 4308 2259 4379 (88)
2301 4305 2487 4363 Nemo.
2544 4309 2708 4362 Exod.
2742 4324 2959 4379 χχχιιι,
3021 4306 3109 4379 20.
3180 4306 3319 4379 (litat
3375 4322 3622 4379 sensum:

2078 4376 2260 4432 στω
2295 4379 2435 4432 enim
2463 4379 2625 4432 editio
2668 4378 2863 4432 habet:
2895 4378 2968 4432 Οῦ
3004 4377 3109 4446 γὰρ
3142 4376 3215 4447 μὴ
3247 4376 3333 4448 ἴδῃ
3358 4376 3625 4447 ἄνθρωπος

2850 4465 3017 4500 σεται.

2148 4518 2265 4597 (80)
2309 4519 2429 4597 {Van
2459 4515 2601 4597 quid.
2637 4516 2809 4597 10am;
2830 4515 2905 4597 'vt:
2934 4518 3023 4572 46.
3054 4516 3243 4571 Graeca
3272 4518 3461 4582 editio,
3494 4515 3626 4586 παρὰ

2083 4586 2173 4639 τοῦ
2206 4586 2360 4645 Θεοῦ,
2403 4586 2517 4655 pro,
2557 4589 2620 4641 ἐκ
2649 4588 2742 4639 τοῦ
2772 4586 2927 4640 Θεοῦ.

2155 4657 2263 4723 (90)
2295 4654 2413 4709 Nec,
2434 4660 2589 4711 enim.
2621 4658 2805 4711 Matth.
2842 4674 2918 4719 ιιι,
2944 4657 3030 4717 27,
3065 4664 3117 4709 et
3141 4654 3271 4709 Luc.
3305 4671 3358 4719 Χ,
3386 4656 3483 4712 22.
3508 4656 3627 4710 Sen-

2083 4742 2197 4780 sum
2240 4728 2387 4791 citat,
2431 4743 2533 4781 non
2556 4730 2735 4782 verba.
2767 4727 2895 4780 Vide
2945 4738 3055 4781 not.
3092 4726 3178 4789 70,
3216 4743 3337 4795 pag.
3364 4727 3454 4779 7‘2.
3479 4726 3628 4780 Caete-

2084 4813 2199 4850 rum
2255 4795 2310 4850 S.
2358 4797 2521 4851 etiam
2562 4797 2977 4863 Athanasius_in
3020 4794 3268 4849 sermone
3298 4794 3509 4863 majori
3562 4794 3627 4845 De

2079 4867 2202 4938 ﬁde,
2235 4883 2381 4938 num.
2426 4866 2516 4929 28,
2550 4867 2670 4938 legit
2696 4884 2710 4920 :
2733 4868 2841 4938 Καὶ
2883 4859 2926 4934 ᾧ
2963 4865 3054 4918 ἐὰν
3084 4866 3111 4918 6
3139 4859 3628 4938 Yi6;_6trto§ul'3§n.

2154 4937 2265 5005 (91)
2306 4935 2620 5007 Corinthiis;
2640 4938 2734 5006 Ep.
2772 4936 2811 4999 Ι,
2839 4953 2963 5007 cap.
2993 4951 3050 5001 ιι,
3079 4951 3222 4991 vers.
3258 4935 3346 4991 11.

2153 5006 2264 5075 (9:!)
2306 5006 2553 5075 Spiritus.
2584 5006 2687 5061 Isa.
2722 5021 2796 5071 ιιι,
2828 5008 2883 5060 2.

2144 5074 2264 5146 ,(93)
2318 5074 2511 5146 Videte.
2544 5076 2730 5131 Matth.
2762 5093 2911 5142 xvttt,
2950 5077 3035 5129 10.

2153 5144 2263 5215 (94)
2303 5145 2528 5213 Capaces
2550 5157 2688 5199 sunt.
2716 5148 2993 5215 Didymum
3028 5146 3091 5215 de
3115 5145 3341 5205 visione,
3366 5160 3475 5211 qua
3506 5144 3633 5196 Deus

2084 5232 2111 5269 a
2142 5213 2308 5270 beatis
2334 5213 3155 5288 mentibusvidetur‘rectissime
3179 5215 3448 5288 sensisse,
3478 5226 3629 5288 appa-

2084 5297 2164 5339 ret
2188 5295 2295 5338 tum
2322 5298 2387 5337 ex
2419 5287 2536 5350 hoc,
2559 5286 2783 5352 aliisque
2808 5284 3068 5337 similibus
3092 5283 3221 5336 locis
3255 5298 3283 5334 a
3318 5298 3403 5335 me
3433 5284 3486 5336 in
3520 5282 3635 5344 Epi-

2082 5356 2214 5427 stoln
2228 5354 2898 5427 ad.ArchintAnmprwsulem
2925 5353 3327 5427 allatis_(infra),
3356 5361 3468 5427 tum
3483 5354 3633 5427 etiam

2081 5438 2146 5478 ex
2180 5426 2264 5488 iis,
2288 5440 2403 5493 qum
2436 5427 2479 5477 is
2504 5420 3380 5493 dietavitenarrationeinprim'am
3421 5420 3635 5493 Joannis

2083 5495 2147 5547 ad
2206 5509 2270 5547 ea
2304 5490 2624 5569 'capitis__m
2675 5495 2870 5558 verba,
2926 5492 3293 5569 «.Videbimus
3347 5506 3484 5569 eum.
3546 5490 3640 5540 sic-

2083 5566 2156 5617 uti
2196 5574 2296 5626 est,
2346 5582 2362 5613 ι
2389 5560 2460 5619 ἐι
2490 5564 2592 5619 alia
2628 5579 2745 5633 cap.
2788 5578 2879 5617 tv:
2919 5580 2937 5614 ι
2975 5560 3138 5615 Dcutu
3178 5575 3330 5616 nemo
3374 5560 3512 5613 vidit
3550 5574 3639 5610 un-

2083 5649 2257 5703 quam.
2294 5653 2309 5684 ι
