3732 6310
121 341 209 395 545

1120 342 1208 396 DE
1245 344 1617 400 TRINITATE
1646 344 1844 401 LIBER
1886 348 2259 407 SECUNDUS.

3224 354 3325 413 556

120 454 215 526 ρίσ,
255 454 342 505 καὶ
379 452 615 524 Μισαὴλ,
659 455 719 505 ἐν
755 455 821 523 τῇ
858 453 1170 526 Βαϐυλωνίᾳ
1226 456 1440 526 καμίνῳ
1481 459 1655 510 ἀποτε-

1830 461 2099 515 ominatim
2128 463 2481 533 (95)]ubetur
2513 466 2623 537 (96)
2666 481 2695 521 a
2734 468 2901 523 tribus
2957 471 3137 538 pueris
3178 473 3326 526 Anav

117 543 313 605 θέντων,
358 542 551 610 ὑμνεῖν
601 543 695 595 καὶ
742 543 1054 614 ὑπερυψοῦν
1104 545 1196 597 τὸν
1247 544 1379 598 Θεὸν
1425 548 1504 607 είς
1542 546 1665 607 τοὺς

116 634 294 695 αἰῶνας
316 650 329 664 ·
358 633 437 685 ἔτι
464 634 520 686 δὲ
548 633 639 685 καὶ
664 635 732 686 τὰ
761 635 1040 704 Χερουϐὶμ
1067 636 1161 688 καὶ
1187 634 1215 686 ὁ
1256 635 1432 699 θεῖκὸς
1458 637 1662 707 θρόνος,

114 726 165 788 ὃς
204 724 424 778 ἐνταῦθα
460 727 663 777 νοεῖται
700 724 767 777 τὰ
816 726 1083 795 Σεραφὶμ,
1131 725 1359 791 δοξάζει,
1407 728 1499 780 ἅτε
1538 728 1667 781 ὄντα

115 817 193 868 καὶ
227 815 356 867 αὐτὰ
396 814 566 885 μέρος
587 816 686 885 τῆς
712 816 959 878 κτίσεως.
994 817 1241 885 ’Έφασαν
1261 819 1370 889 γὰρ
1402 820 1450 871 οἱ
1475 818 1626 871 αὐτοί
1649 836 1662 850 ·

120 927 135 958 ι
158 906 513 976 Εὐλογημένος
541 903 611 967 εἷ,
637 909 665 959 ὁ
702 905 1006 976 καθήμενος
1039 909 1131 961 ἐπὶ
1165 908 1272 961 τῶν
1301 909 1577 981 Χερουὸίμ
1595 928 1607 941 ·
1642 932 1659 961 ι

116 1000 192 1051 καὶ
215 997 381 1057 πάλιν,
404 997 529 1049 ἀντὶ
554 996 648 1049 τοῦ
675 997 1044 1067 μνημονεῦσαι
1071 998 1176 1051 τῶν
1202 1000 1449 1071 Σεραφίμ
1472 1018 1484 1029 ·
1516 1019 1532 1051 ι
1557 1001 1665 1054 Καὶ

115 1088 445 1159 εὐλογημένος
500 1083 554 1139 εἴ
604 1088 695 1139 ἐπὶ
748 1087 934 1160 θρόνου
969 1090 1070 1160 τῆς
1105 1091 1381 1161 βασιλείας
1426 1111 1537 1153 σου,
1572 1094 1665 1146 καὶ

116 1182 485 1251 ὑπερύμνητος,
526 1180 622 1233 καὶ
655 1180 1099 1251 ὑπερυψούμενος
1132 1184 1215 1247 είς
1242 1185 1366 1247 τοὺς
1396 1186 1615 1249 αἰῶνας.
1639 1205 1658 1239 ι

123 1274 323 1343 Ὁμοίως
356 1273 448 1326 καὶ
484 1272 594 1325 ὑπὸ
643 1271 736 1325 τοῦ
768 1273 952 1337 Δαυῒδ,
993 1276 1380 1347 ἐνεργουμένου
1433 1279 1537 1331 ὑπὸ
1572 1279 1663 1331 τοῦ

111 1362 243 1429 ἁγίου
276 1360 615 1430 Πνεύματος,
645 1364 701 1414 ἐν
728 1362 808 1432 ρβ¹
847 1362 939 1415 καὶ
975 1364 1032 1416 ἐν
1070 1372 1194 1436 ρμη¹
1235 1366 1451 1437 ψαλμῷ,
1491 1387 1665 1440 παρα-

111 1452 355 1503 κελεύεται
410 1452 443 1520 ἡ
494 1451 679 1514 κτίσις
715 1454 885 1506 αἰνεῖν
934 1454 1023 1507 τὸν
1071 1455 1297 1527 Κύριον.
1335 1457 1407 1511 Τὸ
1434 1459 1488 1511 δέ
1512 1458 1661 1527 ἅγιον

112 1543 320 1613 Πνεῦμα,
350 1543 426 1606 ὡς
450 1544 549 1597 καὶ
586 1545 615 1596 ὁ
650 1544 797 1609 Υἱὸς,
834 1534 895 1598 ού
941 1548 1415 1617 συνεμνημονεύθη
1436 1566 1449 1579 ο
1480 1551 1661 1623 ἐπειδὴ

113 1636 189 1686 καὶ
226 1635 367 1696 αὐτὸ,
407 1635 469 1687 οὐ
510 1635 932 1708 δημιούργημα,
979 1637 1115 1690 ἀλλὰ
1151 1637 1508 1709 δημιουργόςο
1545 1640 1663 1693 οὐδὲ

110 1726 199 1778 τῶν
248 1726 556 1795 ὑμνούντων
580 1766 597 1791 ,
654 1727 790 1781 ἀλλὰ
848 1728 957 1782 τῶν
1014 1730 1367 1800 ὑμνουμένων
1426 1731 1519 1784 καὶ
1572 1733 1661 1784 ὑπ’

108 1820 259 1871 αὐτῶν
298 1820 404 1873 τῶν
458 1822 713 1892 Σεραφίμ
750 1823 901 1888 ἐστι,
962 1822 1070 1876 τῶν
1124 1799 1223 1878 σὺν
1286 1823 1464 1894 πολλῷ
1517 1825 1665 1896 φόϐῳ
1694 1799 1736 1853 Β

111 1906 453 1976 περιεστώτων
519 1909 588 1961 τὸ
645 1909 823 1964 θεῖκὸν
876 1911 1025 1982 βῆμα
1050 1951 1064 1973 ,
1118 1913 1211 1965 καὶ
1269 1913 1667 1981 συγκαλυπτόν·

108 2014 194 2049 των
217 2002 326 2061 ταῖς
372 2000 638 2071 πτέρυξιν
668 2002 856 2063 ἑαυτὰ,
884 2004 976 2055 καὶ
1014 2002 1303 2073 ἀμοιϐαδὸν
1346 2006 1664 2073 ἀνταναφω-

111 2090 305 2143 νούντων
335 2092 623 2163 ἀσιγήτσις
654 2093 905 2162 στόμασι,
940 2094 1032 2147 καὶ
1059 2096 1463 2166 ἀκαταπαύστῳ
1491 2099 1661 2168 φωνῇ,

110 2182 294 2250 τρίτον,
333 2182 545 2250 Ἀγιος,
606 2184 693 2237 διὰ
747 2184 845 2247 τὰς
895 2187 1044 2255 τρεῖς
1082 2186 1442 2249 ὑποστάσεις’
1494 2186 1660 2254 ἅπαξ,

110 2272 316 2343 Κύριος,
360 2274 449 2327 διὰ
495 2275 604 2346 τὴν
652 2276 780 2347 μίαν
822 2277 1147 2347 κυριότητα’
1234 2278 1343 2349 [77
1398 2278 1466 2350 ὁ]
1520 2278 1663 2351 ἅπερ

110 2364 173 2415 ὅτι
206 2364 426 2433 μάλιστα
464 2366 713 2419 δείκνυσι
754 2366 852 2437 τὴν
899 2367 1129 2440 θεότητα
1165 2368 1259 2422 τοῦ
1308 2372 1658 2443 πανυμνήτου

110 2454 406 2525 Πνεύματος.
439 2458 841 2512 Μακεδονιανοὶ
868 2459 945 2524 δέ,
981 2460 1393 2533 φυλαττόμενοι.
1429 2464 1522 2516 καὶ
1552 2459 1661 2516 οἷον

111 2547 385 2613 δεδοικότες,
442 2551 517 2621 μὴ
581 2551 710 2622 περὶ
758 2550 921 2604 αὑτοῦ
976 2552 1387 2625 ἣπροσήκοντά
1423 2571 1551 2607 ποτε
1576 2555 1662 2608 λέ-

112 2653 263 2703 γοντες
282 2640 536 2710 ὀφθῶσιν,
567 2640 600 2711 ἢ
632 2641 923 2712 ἀπρόσηκα
950 2643 1238 2714 προέμενοι
1260 2644 1515 2708 λάθωσιν,
1543 2648 1662 2699 ἐπι-

115 2728 365 2796 εαίνουσιν,
402 2731 531 2785 ἄνευ
569 2732 730 2803 δίκης
767 2734 981 2797 ἑαυτοῖς
1017 2735 1425 2807 ἐπιτρέποντες,
1458 2738 1550 2790 καὶ
1584 2736 1661 2809 τῷ

115 2819 350 2891 κεφαλαίῳ
384 2822 554 2893 τῷδε,
594 2824 737 2876 ὅπλα
801 2824 1117 2878 παντοδαπὰ
1170 2826 1469 2890 κινοῦντες,
1535 2830 1661 2895 τοὺς

115 2910 405 2977 ἀκολάστους
442 2914 663 2983 λόγους,
716 2916 808 2970 καὶ
848 2916 1145 2985 φάσκοντες
1184 2920 1655 2990 συναρπακτικῶς.

113 3000 404 3073 Γέγραπται,
450 3006 621 3077 φησίν
651 3023 666 3039 ο
718 3026 735 3057 ι
774 3009 979 3061 Αἰνεῖτε
1018 3008 1109 3062 τὸν
1148 3010 1376 3081 Κύριον,
1414 3013 1496 3066 ὅτι
1530 3013 1659 3081 ἁγα-

116 3092 186 3146 θὸν
215 3096 410 3168 suam;
429 3116 443 3129 ’
472 3100 553 3170 τῷ
580 3099 701 3170 Θεῷ
730 3100 979 3171 ἡδυνθείη
1014 3101 1219 3166 αῖνεσις
1237 3119 1283 3155 ἰ
1316 3103 1428 3171 καὶ,
1459 3124 1476 3156 ι
1500 3106 1659 3173 Ἀγα-

114 3184 187 3237 θὸν
215 3189 267 3241 τὸ
307 3191 745 3260 ἐξομολογεῖσθαι
791 3192 867 3262 τῷ
919 3194 1127 3265 Κυρίῳ,
1180 3195 1276 3247 καὶ¹
1320 3195 1540 3265 ψάλλειν
1579 3197 1663 3269 τῷ¹

114 3274 295 3345 ὀνόματί
328 3296 439 3343 σου,
476 3280 734 3349 "raptare.
773 3299 791 3332 ι
830 3281 1078 3351 Ούδαμοῦ
1119 3282 1174 3335 δὲ
1213 3282 1374 3353 δῆθεν
1402 3285 1655 3357 εὑρίσκο-

119 3385 220 3437 μεν·
253 3372 446 3425 Αἰνεῖτε
485 3372 549 3425 τὸ
606 3372 762 3441 ἅγιον
810 3373 1053 3444 Πνεῦμα.
1092 3375 1448 3446 Ἀπαντητέον
1473 3378 1530 3431 δὲ
1563 3379 1656 3432 αύ-

116 3466 204 3528 τοίς
228 3466 408 3532 οὓτως·
447 3469 510 3522 El
546 3469 680 3539 περὶ
703 3467 796 3521 τοῦ
824 3469 1034 3540 Πατρὸς
1060 3470 1297 3539 δέχεσθε,
1334 3471 1401 3536 ἃς
1434 3491 1658 3543 προεκο-

118 3554 276 3619 pica-rs
313 3558 511 3625 φωνὰς,
548 3557 847 3611 ἐκϐάλλετε
884 3558 975 3611 τὸν
1016 3559 1173 3612 Υίόν·
1213 3561 1260 3612 εἰ
1298 3560 1355 3613 δὲ
1393 3560 1523 3634 περὶ
1564 3563 1658 3617 τοῦ

117 3643 239 3711 Υίοῦ,
272 3650 327 3703 τὸ
356 3652 629 3705 ἐναντίον*
667 3651 830 3704 ὁπότε
861 3652 954 3704 καὶ
982 3651 1043 3705 τὸ
1084 3651 1241 3719 ἅγιον
1274 3653 1499 3724 Πνεῦμα
1539 3654 1655 3709 Κύ-

120 3739 210 3806 ριός
235 3743 336 3795 ἐστί
370 3761 427 3797 τε
473 3746 569 3798 καὶ
610 3743 949 3813 γέγραπταιο
992 3743 1087 3797 καὶ
1127 3743 1320 3815 ἄδηλον
1345 3746 1473 3816 περὶ
1504 3747 1660 3811 ποίας

120 3829 418 3899 ὑποστάσεως
434 3840 745 3908 γέγραπται
764 3835 858 3889 νῦν
873 3839 933 3888 τὸ
955 3835 1204 3907 «Κύριος.
1221 3853 1238 3886 ι
1263 3836 1517 3890 Σκοπεῖτε
1543 3833 1655 3902 οῦν,

122 3923 158 3974 εἰ
191 3926 253 3996 μὴ
286 3929 589 3982 τούναντίον
637 3930 850 3992 ἑαυτοῖς
895 3926 1221 3998 ἐχρήσασθε.
1269 3928 1342 3981 Τὸ
1384 3928 1442 3982 δὲ
1502 3930 1654 3998 ἆγιον

124 4013 305 4087 Πνεῦμα
336 4020 414 4073 ὅτι
472 4022 573 4092 οὐχ
624 4022 811 4091 ὑμνεῖ,
860 4019 1046 4091 ἐπειδὴ
1101 4020 1173 4091 μὴ
1220 4020 1426 4091 κτίσμα
1475 4022 1656 4085 ἐστὶν,

131 4115 428 4178 συνυμνείται
448 4113 526 4179 δὲ,
550 4111 632 4183 τῷ
659 4111 793 4166 Θεοῦ
823 4112 1049 4182 Πνεῦμα
1073 4112 1358 4183 ὑπάρχειν,
1401 4114 1529 4184 ῥᾷον
1563 4131 1661 4167 κα-

129 4199 367 4267 ταμαθεῖν,
399 4204 503 4257 ἀπὸ
548 4220 609 4257 τε
640 4202 732 4256 τοῦ
772 4200 1161 4256 συντάττεσθαι
1213 4201 1381 4272 αὐτῷ,
1425 4203 1517 4255 καὶ
1553 4202 1660 4256 ἀπὸ

128 4290 200 4342 τοῦ
225 4295 332 4357 τοὺς
356 4299 499 4367 τρεῖς
531 4296 748 4359 παῖδας,
797 4295 892 4348 καὶ
938 4294 1029 4347 τὸν
1069 4293 1440 4365 Ὶεροψάλτην,
1482 4297 1661 4349 πᾶσαν

126 4378 201 4450 τὴν
223 4384 376 4439 κτίσιν
405 4389 522 4441 κατ’
546 4387 720 4459 ὄνομα
740 4388 927 4458 ὑμνεῖν
951 4384 1439 4458 παρακελεύεσθαι,
1462 4386 1522 4438 ού
1544 4387 1649 4458 μὴν

1768 551 1852 604 nia
1890 551 2025 624 (97),
2062 555 2253 607 Azaria
2289 565 2340 608 et
2367 555 2605 622 Misaele,
2646 557 2698 612 in
2736 558 3060 630 Babylonica
3107 563 3327 617 fornace

1766 642 2041 711 depositis.
2075 642 2213 711 Quin
2246 646 2405 700 etiam
2437 648 2770 715 Clierubimi,
2808 660 2860 704 et
2914 653 3124 707 divinus
3174 654 3327 709 thro-

1765 745 1887 798 nus,
1917 732 2005 799 qui
2035 734 2134 788 hoc
2158 735 2208 787 in
2240 735 2357 789 loco
2392 736 2738 805 Serapliimos
2766 741 3050 808 signiﬁcat,
3102 743 3326 812 gloriam

1767 822 1876 876 Deo
1908 825 2157 890 reddunt,
2192 836 2374 894 utpote
2403 828 2495 897 qui
2526 839 2651 884 sunt
2697 840 2751 885 et
2791 833 2886 901 ipsi
2943 849 3069 902 pars
3101 838 3326 888 creatio-

1766 921 1870 975 nis.
1904 920 2331 977 Dixeruntenim
2359 925 2515 979 iidem
2554 928 2702 995 pueri
2736 945 2748 981 :
2792 946 2809 979 ι
2852 928 3173 983 Benedictus
3216 930 3326 999 (98)

1766 1036 1843 1087 es,
1877 1021 1968 1089 qui
2000 1021 2153 1076 sedes
2182 1037 2344 1092 super
2365 1022 2673 1091 Cherubim,
2707 1044 2725 1077 ι
2748 1035 2800 1080 et
2832 1042 3036 1093 rursus,
3075 1028 3331 1098 Seraphi-

1766 1135 1881 1175 mos
1912 1121 2227 1187 indicando,
2255 1124 2407 1177 aiunt
2437 1140 2448 1175 :
2479 1144 2497 1175 ι
2530 1120 2595 1179 Ει
2655 1126 2967 1181 benedictus
3010 1129 3119 1197 l99)
3171 1146 3229 1183 es
3277 1131 3327 1183 in

1767 1218 1959 1274 throno
1991 1221 2138 1289 regni
2175 1222 2269 1287 tui,
2305 1234 2358 1277 et
2400 1225 2869 1294 superlaudabilis,
2925 1237 2979 1282 et
3021 1231 3331 1298 snperexal-

1767 1328 1907 1375 tatus
1941 1320 1991 1374 in
2028 1321 2242 1377 saecula.
2287 1342 2307 1375 ι
2340 1324 2603 1382 Similiter
2640 1343 2669 1379 a
2706 1326 2907 1380 Davide
2951 1330 3138 1393 etiam,
3179 1330 3267 1397 qui
3302 1343 3331 1381 a

1765 1420 1968 1489 Spiritu
2005 1434 2194 1477 sancto
2223 1425 2508 1493 agebatur,
2565 1425 2617 1479 in
2672 1441 2742 1479 cu
2780 1427 2877 1497 (ι),
2929 1438 2983 1481 et
3028 1427 3081 1483 in
3132 1442 3328 1480 chvm

1764 1520 1971 1590 psalmo
2018 1521 2276 1591 iubentur
2332 1535 2595 1580 creaturae
2649 1527 2870 1581 laudare
2924 1527 3227 1582 Dominum.
3264 1526 3331 1579 At

1763 1635 1891 1675 vero
1921 1621 2155 1690 Spiritus
2186 1632 2407 1679 sanctus
2436 1625 2595 1680 simul
2633 1642 2751 1681 cum
2786 1626 2893 1680 illis
2939 1643 3042 1681 non
3094 1641 3333 1681 comme-

1764 1737 2024 1791 moratur,
2047 1727 2272 1782 sicutne
2304 1727 2473 1782 Filius
2519 1730 2779 1800 quidem:
2841 1731 2967 1801 quia
3022 1740 3080 1785 ut
3134 1730 3323 1795 Filius,

1766 1829 1837 1883 ita
1872 1829 2031 1883 etiam
2064 1827 2296 1898 Spiritus
2332 1846 2507 1901 neque
2538 1843 2787 1888 creatura
2823 1843 2923 1900 est,
2969 1836 3061 1890 sed
3098 1846 3329 1897 creator.

1766 1934 1938 1988 neque
1966 1920 2181 1992 hymnis
2216 1923 2521 1990 celebrans,
2581 1925 2673 1980 sed
2731 1924 3032 1981 celebratus
3084 1927 3154 1983 ab
3203 1929 3331 1997 ipsis

1764 2026 1977 2082 quoque
2000 2012 2360 2083 Serapbimis,
2390 2016 2482 2084 qui
2510 2016 2676 2070 multo
2706 2031 2828 2070 cum
2867 2017 3059 2072 timore
3092 2018 3329 2072 divinum

1763 2104 2120 2159 circumstant
2149 2106 2407 2169 tribunal,
2446 2122 2509 2161 ac
2532 2108 2643 2162 suis
2679 2121 2737 2162 se
2771 2108 2871 2162 alis
2894 2108 3094 2175 velant,
3151 2119 3207 2163 et
3261 2111 3333 2164 al-

1766 2197 1934 2251 ternis
1962 2196 2194 2262 vicibus,
2226 2198 2341 2252 suis
2370 2214 2643 2267 mmquam
2676 2201 2977 2254 tacentibus
3019 2200 3226 2265 oribus,
3251 2210 3333 2255 at-

1765 2301 1869 2356 que
1906 2287 2199 2343 incessanti
2237 2303 2369 2343 voce
2404 2290 2560 2359 172
2609 2290 2943 2358 proclamant
2988 2300 3068 2345 ter
3115 2290 3329 2360 quidem

1764 2378 2015 2446 Sanctus,
2042 2388 2259 2449 propter
2293 2390 2406 2436 tres
2446 2382 2781 2451 hypostases,
2842 2384 3008 2438 semel
3046 2399 3175 2439 vero
3228 2384 3332 2437 Do-

1762 2474 1975 2537 minus,
2036 2476 2104 2529 ob
2150 2475 2409 2529 unitatem
2473 2477 2875 2532 dominationis.
2920 2476 3046 2531 Haec
3097 2477 3328 2546 Spiritus

1761 2567 1929 2620 sancti
1964 2567 2179 2638 bymnis
2209 2583 2483 2637 nunquam
2524 2571 2655 2622 satis
2705 2569 2955 2623 celebrati
2996 2570 3329 2623 divinitatem

1762 2657 1993 2712 maxime
2022 2659 2331 2714 ostendunt.
2374 2658 2742 2713 Macedoniani
2777 2669 2978 2724 autem,
3026 2661 3176 2730 quasi
3232 2676 3325 2714 ca-

1759 2755 1923 2803 veant
1954 2764 2016 2804 ac
2060 2759 2322 2816 metuant,
2357 2765 2423 2805 ne
2455 2751 2592 2805 forte
2621 2761 2713 2805 aut
2741 2766 2861 2820 quae
2893 2752 2943 2805 ci
2974 2753 3327 2816 conveniunt,

1761 2841 1943 2896 dicere
1973 2856 2207 2910 unquam
2256 2843 2559 2907 videantur,
2608 2852 2700 2908 aut
2749 2858 2816 2896 ne
2854 2858 2958 2897 non
3009 2845 3330 2913 evnlgentnr

1759 2948 1877 3001 quae
1904 2934 1971 2987 de
2003 2934 2115 2999 illo,
2138 2936 2385 3004 quamvis
2415 2937 2461 2990 ei
2486 2952 2591 2990 non
2620 2936 3016 3002 convenientia,
3040 2935 3284 2990 effutiunt
3311 2953 3323 2987 :

1759 3024 1812 3079 in
1839 3025 2002 3080 ltocce
2024 3026 2184 3080 etiam
2223 3026 2511 3095 capitulum
2539 3037 3017 3098 argumentumque
3047 3028 3325 3093 invadunt,

1758 3129 1820 3167 ac
1847 3114 2180 3182 semetipsos,
2234 3116 2361 3184 quin
2401 3115 2663 3182 judicium
2700 3116 2847 3178 dent,
2914 3115 3149 3170 arbitros
3199 3132 3327 3171 con-

1761 3204 2009 3269 stituunt,
2053 3206 2308 3276 omnique
2363 3221 2637 3261 armorum
2694 3222 2910 3277 genere,
2949 3207 3329 3278 eﬂrenatisque

1762 3297 2100 3352 sermonibus
2124 3307 2355 3363 utentes,
2384 3300 2498 3354 hazc
2552 3301 2603 3353 in
2653 3315 2860 3354 summa
2917 3299 2994 3372 (‘2)
3043 3299 3325 3370 objiciunt.

1764 3388 2037 3458 Scriptum
2080 3400 2184 3455 est,
2234 3390 2506 3460 inquiunt,
2542 3409 2560 3442 ι
2616 3390 2859 3444 Laudate
2887 3391 2962 3461 (5)
3014 3390 3325 3452 Dominum,

1763 3472 2018 3549 quoniam
2048 3480 2187 3534 bona
2216 3496 2303 3536 res
2329 3492 2411 3538 est
2438 3484 2714 3551 psalmus:
2747 3483 2854 3536 Deo
2894 3482 3067 3536 dulcis
3101 3483 3172 3536 sit
3221 3482 3330 3535 lau-

1763 3568 1945 3633 datio;
1992 3586 2010 3620 ι
2046 3578 2135 3623 et:
2167 3587 2186 3620 ι
2223 3568 2427 3624 Bonum
2458 3571 2533 3642 (4)
2566 3580 2649 3624 est
2698 3571 2943 3625 confiteri
2983 3570 3231 3636 Domino,
3277 3582 3330 3624 et

1759 3657 1987 3727 psallere
2016 3659 2217 3712 nomini
2243 3670 2354 3722 tuo,
2384 3660 2694 3726 Altissime;
2723 3680 2740 3711 ι
2769 3675 3032 3730 nusquam
3047 3675 3174 3714 vero
3194 3662 3330 3714 scri-

1759 3760 1907 3820 ptum
1948 3749 2293 3805 invenimus:
2329 3750 2570 3805 Laudate
2607 3749 2866 3820 Spiritum
2919 3759 3184 3805 sanctum.
3240 3751 3329 3804 Sic

1760 3851 1937 3895 autem
1962 3841 2089 3911 ipsis
2124 3841 2550 3910 respondendum
2583 3852 2666 3896 est
2700 3858 2715 3896 :
2749 3842 2805 3896 Si
2838 3842 2903 3894 de
2934 3841 3092 3895 Patre
3114 3856 3175 3894 ea
3206 3840 3324 3895 loca

1761 3932 2023 4000 accipitis,
2051 3946 2169 4000 quae
2214 3933 2370 3987 modo
2406 3933 2686 3999 attulistis,
2741 3933 3033 3987 excluditis
3078 3933 3272 3988 Filium
3310 3952 3322 3987 :

1760 4023 1841 4078 sin
1886 4031 2067 4077 autem
2121 4024 2185 4078 de
2238 4022 2406 4088 Filio,
2445 4021 2660 4078 Patrem
2714 4024 2947 4079 vicissim
3000 4024 3321 4078 excluditis:

1758 4109 2190 4179 quandoquidem
2250 4110 2485 4180 Spiritus
2538 4128 2749 4182 quoque
2799 4126 3016 4168 sanctus
3042 4124 3095 4168 et
3143 4123 3223 4168 est
3272 4126 3327 4167 ct

1762 4201 1964 4258 dicitur
1991 4202 2042 4256 in
2076 4203 2370 4273 Scripturis
2402 4204 2678 4272 Dominus,
2722 4207 3094 4277 incertumque
3124 4217 3226 4269 εει,
3260 4208 3326 4261 de

1760 4308 1990 4362 quanam
2017 4294 2286 4365 bypostaSI
2312 4295 2567 4365 scriptum
2602 4298 2688 4350 hic
2709 4296 2779 4351 sit
2808 4296 2933 4351 illud
2963 4317 2980 4348 ι
3016 4298 3320 4351 Dominus.)

1762 4384 1952 4441 Videte
1988 4398 2139 4453 ergo,
2170 4400 2295 4438 num
2331 4400 2394 4439 eo
2424 4396 2743 4453 argumento
2781 4388 2859 4441 usi
2888 4388 3028 4451 sitis,
3065 4388 3204 4457 quod
3232 4403 3325 4442 vo-

130 4492 273 4613 nf95)
308 4496 649 4556 Nominatim.
690 4499 891 4566 Codex,
927 4500 1235 4571 ὀνομαστεῖ.
1273 4500 1416 4565 Lego
1444 4501 1645 4571 ὀνομα-

1830 4524 1853 4553 ι.
1884 4517 1898 4553 :
1924 4499 1998 4552 υὺ
2026 4499 2117 4552 τὸν
2145 4501 2431 4571 προφήτην
2454 4501 2669 4571 (inquit)
2703 4502 2987 4573 ἄνθρωπον
3007 4501 3157 4562 ὄντα,
3191 4501 3325 4555 ἀλλὰ

1847 4573 1905 4623 ἐν
1937 4568 2084 4624 αύτῶ
2108 4570 2332 4624 Πνεῦμα
2366 4572 2520 4624 ἆγιον
2551 4571 2780 4624 ἡγητέον
2820 4572 3174 4624 προστάττειν
3213 4575 3325 4624 τοῖς

187 4632 276 4704 (96)
309 4635 539 4695 labetur.
570 4640 683 4697 Hoc
706 4652 1023 4710 argumento
1045 4641 1131 4695 alii
1160 4640 1321 4696 etiam
1354 4640 1537 4696 Patres
1563 4642 1645 4697 usi

132 4713 245 4779 sunt,
278 4718 328 4759 nt
370 4711 715 4774 Athanasius,
766 4709 820 4765 et
871 4709 1102 4779 Cyrillus
1157 4711 1550 4767 Alexandrinus
1593 4712 1646 4767 in

136 4767 355 4850 Thisguro
388 4789 512 4835 tom.
542 4779 607 4847 V,
634 4767 755 4850 pag.
786 4780 905 4836 169.

182 4842 279 4921 ,(97)
314 4849 528 4921 suauia.
573 4842 857 4915 Iit-Graeca,
895 4851 1131 4921 Ἀνανία,
1155 4866 1250 4920 pro
1284 4850 1547 4906 Ἀνανίου.
1572 4849 1651 4905 Si-

137 4912 223 4963 mili
249 4917 387 4971 modo
413 4921 463 4973 in
491 4912 891 4976 commentariis
942 4923 995 4974 in
1043 4912 1283 4975 Psalmos
1340 4921 1405 4974 ad
1446 4936 1586 4975 vers.
1614 4921 1650 4975 2

137 4981 580 5063 psalttii_cu__dixit
628 4994 740 5059 ipse
772 4991 1038 5063 Didymus
1072 4990 1206 5045 ιτοῦ
1257 4990 1443 5063 Ἠλία,
1470 4992 1502 5062 ἢ
1553 4989 1648 5043 τοῦ

148 5048 358 5126 Ἰερεμία.
396 5058 486 5114 llic
516 5048 699 5116 tamen
737 5048 904 5128 alias:
926 5074 1115 5131 nempe
1146 5075 1316 5131 segm.
1348 5048 1445 5114 1οἿ
1486 5048 1519 5114 ξι
1567 5063 1650 5115 di-

140 5130 200 5171 xu
234 5124 468 5174 Ἀνανίου,

168 5131 200 5171 ιι
234 5128 468 5182 Ἀνανίου.

194 5189 297 5273 (9.8).
321 5195 634 5273 ιξςηεάἰςιιιε.
670 5199 803 5255 Dan.
834 5215 916 5266 ιιι,
966 5199 1034 5254 54
1070 5199 1182 5271 (seu
1218 5200 1328 5273 55).
1379 5199 1649 5271 Complut.

144 5257 307 5341 ωελέλπὶ
332 5267 652 5341 δερουὰίμ.

197 5328 287 5411 (99)
323 5333 383 5388 Et
414 5328 724 5411 benedictus.
762 5338 896 5411 Dan.
940 5356 1020 5403 ιιι,
1055 5340 1131 5411 55,
1155 5345 1270 5409 (seu
1310 5340 1422 5408 54).
1454 5340 1650 5411 Vulga-

145 5401 225 5480 tus
251 5402 487 5475 interpres
520 5410 643 5477 legit
697 5419 755 5463 ut
791 5401 1060 5480 Didymus.
1112 5401 1216 5464 Sed
1252 5401 1436 5465 Grazca
1480 5401 1648 5466 Biblia

146 5465 306 5552 addunt
329 5465 680 5552 νόθων-δόξης
708 5490 827 5552 post
858 5465 1048 5552 vocem,
1067 5480 1277 5552 Θρόνου.
1302 5482 1399 5552 AAc
1425 5465 1648 5552 praeteré

146 5545 194 5586 Ca
222 5554 301 5659 pro
326 5544 770 5621 ὑπερυψούμένος,
804 5550 1000 5605 habent
1032 5544 1401 5623 ὑπερένδοξος.
1425 5544 1441 5552 ’
1655 5570 1662 5576 ·

202 5606 215 5659 ί
248 5608 263 5659 δ
297 5610 352 5659 In
394 5622 657 5659 centpgs'mn
698 5621 923 5659 norundn
1010 5619 1121 5659 “nn
1173 5623 1289 5659 incn
1336 5632 1651 5659 urmnmonln

202 5606 263 5693 (ί)
284 5610 374 5693 ,1η-
394 5606 657 5693 centesimo
698 5606 944 5693 secundo.
962 5690 983 5693 _
1009 5619 1122 5675 lloc
1141 5606 1151 5623 ’
1172 5623 1289 5690 ipso
1304 5606 1651 5690 “argumento

151 5669 1298 5762 ggcgedogaapos'aa'er'signaornata}.
1328 5669 1649 5746 ééi’tiliié'dih'.

152 5749 287 5830 flight
310 5749 529 5830 Psalmqs
555 5760 619 5812 ad
650 5760 835 5829 psalmi
865 5775 935 5814 cu
960 5749 1282 5815 versiculum
1316 5761 1404 5826 20,
1444 5763 1534 5830 qui
1571 5763 1651 5815 sic

154 5817 390 5878 “habet:
431 5844 448 5878 ι
482 5817 777 5887 Benedicitc
806 5830 1118 5900 Dominum,
1162 5845 1350 5889 omnes
1391 5817 1595 5903 'an'geli,
1621 5849 1645 5883 ο

1847 4573 1905 4643 ἐν
1937 4570 2084 4643 αὐτῷ
2104 4570 2245 4643 VIIa/3'37
2255 4589 2332 4640 μα
2366 4572 2527 4643 ἆγιον
2551 4571 2780 4643 ἡγητέον
2810 4570 3174 4643 ’προστάττειν
3213 4575 3327 4633 τοῖς

1750 4639 2083 4714 ᾁγγέλοιςτὰ
2098 4639 2406 4714 ἐγκείμενα.
2428 4639 2689 4714 «Πάντες»
2710 4642 2837 4714 γὰρ,
2858 4639 3041 4714 ἐρησὶν,
3062 4661 3080 4692 ι
3100 4642 3325 4714 οἱᾲᾶγγε-

1748 4709 2037 4783 locasset},
2070 4729 2086 4759 ι
2114 4710 2363 4783 ’δηλονότι
2394 4710 2488 4763 τοῦ
2514 4709 2739 4783 Κυρίου,
2766 4709 3078 4783 (εὐλογεῖτε
3102 4712 3283 4783 αύτόν.
3300 4730 3319 4761 ι

1749 4780 2086 4851 Προστάττον
2107 4780 2163 4832 δὲ
2188 4782 2317 4851 πᾶσι
2350 4784 2463 4844 τοῖς
2489 4780 2741 4850 ἀγγέλοις
2772 4782 2832 4834 τὸ
2866 4780 3108 4849 Πνεῦμα,
3139 4780 3324 4851 ἕτερον

1750 4850 1928 4903 αὐτῶν
1960 4851 2079 4902 κατ’
2106 4850 2290 4903 οὐσίαν
2318 4852 2485 4904 ἐστίν.
2514 4853 2576 4905 El
2612 4852 2668 4904 δὲ
2700 4851 2874 4912 τοῦτο,
2918 4851 3033 4912 πῶς
3078 4850 3322 4912 θρασέως

1750 4920 2048 4991 ἐτόλμησάν
2090 4937 2233 4983 τινες
2278 4920 2377 4991 τῆς
2411 4922 2615 4988 τάξεως
2648 4922 2754 4975 τῶν
2781 4921 3025 4989 ἀγγέλων
3063 4920 3192 4973 αὐτὸ
3222 4920 3324 4989 φά-

1749 5007 1861 5053 ναι,
1890 4990 2029 5043 κατὰ
2055 4991 2229 5044 πάντα
2256 4990 2439 5062 ἕτερον
2458 4992 2550 5055 δν;
2589 4992 2636 5044 id
2666 5002 2765 5053 est,
2794 5011 2812 5042 ι
2848 4992 2961 5044 Non
2985 4992 3319 5062 prophetam,

1750 5075 1871 5113 cum
1910 5062 2068 5114 homo
2099 5071 2261 5123 esset,
2294 5061 2385 5115 sed
2426 5062 2684 5129 Spiritum
2710 5073 2979 5125 sanctum,
3009 5064 3096 5128 qui
3127 5062 3178 5114 in
3208 5061 3323 5129 ipso

1750 5139 1890 5192 erat,
1917 5130 2119 5200 angelis
2152 5133 2441 5200 praecipere
2465 5132 2755 5198 putandum
2781 5141 2864 5187 est
2898 5147 2981 5197 ea,
3017 5147 3134 5200 quae
3164 5134 3325 5184 habet

1754 5208 1949 5270 textus.
1980 5219 1999 5250 ‹
2024 5198 2222 5255 Omnes
2253 5220 2270 5252 ι
2301 5198 2467 5263 enim,
2490 5202 2681 5270 inquit,
2713 5221 2729 5253 ι
2766 5203 2938 5269 angeli
2967 5198 3102 5269 ejus,
3130 5221 3148 5253 ι
3178 5217 3325 5255 nem-

1749 5283 1817 5337 pe
1848 5268 2077 5341 Domini,
2124 5287 2143 5320 ι
2172 5272 2482 5341 benedicite
2516 5268 2658 5325 etim.
2701 5291 2719 5323 ι
2767 5268 3005 5341 Spiritus
3051 5288 3197 5334 vero,
3230 5272 3319 5339 qui

1750 5339 2003 5411 omnibus
2034 5340 2235 5409 angelis
2268 5342 2525 5410 praecipit,
2571 5341 2708 5396 alius
2754 5339 2820 5397 ab
2849 5344 2976 5411 ipsis
3016 5351 3096 5397 est
3139 5357 3325 5397 secun-

1751 5409 1877 5463 dum
1907 5412 2219 5482 essentiam.
2251 5411 2399 5477 Quod
2433 5409 2475 5465 Si
2512 5413 2582 5465 ita
2614 5423 2715 5478 est,
2757 5409 3027 5482 quomodo
3054 5412 3321 5466 confiden-

1753 5488 1834 5533 ter
1872 5481 2086 5547 quidam
2111 5482 2287 5536 dicere
2317 5482 2431 5536 ausi
2464 5492 2611 5547 sunt,
2635 5499 2754 5536 eum
2777 5481 2906 5538 esse
2933 5498 2996 5536 ex
3027 5483 3214 5536 ordine
3236 5495 3323 5531 an-

1752 5550 2015 5621 gelorum,
2046 5566 2165 5605 cum
2196 5552 2331 5607 alius
2353 5554 2418 5606 ab
2448 5554 2577 5621 ipsis
2605 5555 2674 5607 sit
2702 5554 2961 5607 omnino?
2992 5571 3011 5603 ι

1941 5618 2005 5700 I_n
2031 5637 2259 5700 summa“.
2282 5621 2409 5700 Vide
2435 5618 2545 5677 not.
2569 5622 2655 5687 50,
2688 5637 2809 5700 pag:
3141 5687 3166 5700 η
3206 5687 3242 5700 Λ
3286 5687 3310 5700 ,⁸

1822 5687 1899 5761 (5)
1940 5690 2194 5761 Laudare.
2224 5691 2362 5745 Psal.
2392 5708 2564 5756 CXLVI,
2605 5687 2839 5749 verst
2862 5691 3030 5747 Biblia
3061 5709 3074 5745 :
3100 5687 3177 5761 τῷ
3203 5687 3320 5760 Θεῷ

1755 5760 2003 5830 ήμῶν...·
2038 5762 2070 5831 ὴ
2096 5760 2320 5831 αἴνεσις.

1830 5831 1910 5902 (4)
1949 5830 2176 5888 Bonum.
2202 5830 2343 5891 Psal.
2372 5846 2481 5899 χαι,
2506 5847 2649 5890 vers.
2676 5832 2700 5887 l
2742 5831 2855 5903 (seu
2893 5831 2968 5903 2).
