3732 6310
399 329 507 384 547
1630 320 1862 377 DIDYMI
1902 320 1958 374 Al

2080 319 2370 375 .ANDRINI
2517 317 2522 322 ’
3543 317 3640 375 ΞΒ

398 446 725 515 bismetipsis
759 445 1086 498 adversetur.
1137 442 1285 508 Quod
1336 451 1509 496 autem
1557 441 1789 509 Spiritus
1836 457 1958 495 san-

2080 441 2124 493 :6
2156 440 2249 493 τοῦ
2285 439 2417 492 Θεοῦ
2452 440 2694 511 Πνεῦμα,
2730 441 2805 504 ὼς
2832 439 3011 510 ἔχουσι
3052 440 3337 509 συνηθείας
3407 442 3466 492 οἱ
3503 440 3640 507 ἅγιοι

401 552 519 595 ctus
552 539 766 608 hymnis
795 535 958 589 Deum
989 551 1091 589 non
1118 535 1371 597 celebret,
1411 534 1534 601 quia
1571 547 1671 585 non
1703 543 1785 586 est
1810 547 1958 587 crea-

2080 530 2404 600 ιξονομὰσαι.
2428 530 2490 581 Εἰ
2520 531 2647 600 γὰρ,
2677 531 2752 593 ὡς
2790 533 2952 598 φασὶν
2982 532 3268 601 αἱρετικοὶ,
3300 531 3485 600 μέσης
3512 530 3639 583 Θεοῦ

405 642 541 696 tura,
574 631 664 683 sed
687 637 741 680 et
760 626 872 694 ipse
897 626 1320 684 concelebretur,
1346 623 1467 689 quia
1494 621 1585 676 Dei
1608 620 1839 690 Spiritus
1856 631 1958 685 est,

2080 624 2155 676 (αὶ
2186 622 2432 691 ἀγγέλων
2469 623 2681 692 φύσεώς
2704 624 2845 685 ἐστι,
2905 625 2998 677 καὶ
3029 622 3351 693 τιμιὼτερον
3374 623 3480 674 καὶ
3508 623 3640 675 ἀνω-

402 720 557 774 iacile
594 718 935 789 cognoscitur
975 726 1083 769 tum
1117 730 1184 769 ex
1228 728 1291 767 eo
1313 715 1453 782 quod
1483 714 1534 767 in
1571 712 1762 781 tequali
1795 712 1958 782 gradu

2080 714 2206 785 ιέρω
2246 714 2460 767 πάντων
2479 731 2493 746 ’
2524 714 2651 778 ἔδει,
2682 716 2869 786 ἐπειδὴ
2908 715 3141 785 μάλιστα
3173 714 3233 767 ἓν
3262 716 3437 776 ἐστιν,
3464 714 3498 784 ἦ
3530 713 3642 766 καθ’

403 827 523 866 eum
556 814 665 867 Deo
698 812 1009 873 collocetur,
1049 819 1155 864 tum
1196 824 1263 863 ex
1297 824 1360 863 eo
1389 808 1529 877 quod
1561 814 1673 863 tres
1705 808 1875 876 pueri,
1910 815 1958 860 et

2080 804 2231 858 ἑαυτὸ
2260 804 2767 876 παρακελεύσασθαι
2812 806 2943 859 αὐτὸ
2982 805 3316 875 ἀνυμνεῖν,ῆ
3354 805 3469 857 κᾶν
3506 812 3642 874 πρω-

403 918 556 957 sacer
587 903 791 957 Psaltes
822 917 1034 956 omnem
1062 909 1364 954 creaturam
1398 899 1710 954 nominatim
1738 899 1958 969 hymnos

2080 915 2159 951 τον
2185 898 2315 951 αὐτὸ
2346 897 2629 968 ὀνομάσαι,
2670 899 2763 951 καὶ
2798 897 2946 968 αὐτῷ
2968 898 3036 950 τὰ
3063 898 3195 953 ἄλλα
3243 898 3487 965 γενικῶς
3527 915 3643 949 συν-

404 994 513 1048 Deo
541 1007 729 1048 canere
748 993 953 1063 jubent,
985 1006 1087 1045 non
1112 1000 1287 1044 tamen
1313 988 1569 1059 Spiritum
1596 988 1711 1053 Dei,
1736 997 1793 1041 ut
1819 987 1958 1040 illum

2080 987 2359 1041 αναλαϐεἴν
2381 1005 2395 1018 ·
2435 988 2496 1040 οὐ
2548 987 2675 1058 μὴν,
2703 989 2778 1051 ὡς
2812 988 3053 1052 αὐθαδῶς
3089 989 3387 1053 εἰκάζουσι,
3430 988 3495 1040 τὸ
3526 990 3643 1041 ἀνά-

406 1089 575 1142 sancti
611 1088 687 1157 (5‘)
721 1086 996 1141 nominare
1035 1092 1449 1139 consueverunt.
1489 1081 1544 1137 Si
1590 1081 1732 1136 enim
1768 1087 1877 1145 est,
1909 1089 1968 1132 ut
2073 1080 2256 1135 παλιν.

406 1182 590 1237 dicunt
615 1182 872 1245 haeretici,
896 1190 1096 1234 natum
1128 1178 1267 1233 inter
1302 1178 1468 1233 Deum
1516 1185 1570 1230 et
1595 1175 1813 1246 angelos
1836 1174 2044 1237 mediae,
2087 1184 2141 1229 et
2167 1175 2510 1244 praestantior
2544 1176 2791 1231 omnibus
2825 1184 2987 1247 atque
3015 1176 3299 1240 excelsior,
3340 1176 3641 1245 oportebat,

404 1292 525 1332 cum
555 1278 850 1349 praesertim
889 1276 958 1330 sit
984 1290 1139 1341 unus,
1175 1282 1267 1326 aut
1303 1271 1375 1325 illi
1410 1271 1620 1338 jubere,
1663 1280 1721 1324 ut
1754 1278 1925 1325 semet
1964 1270 2077 1338 ipse
2114 1284 2211 1338 per
2239 1270 2475 1339 seipsum
2518 1271 2730 1343 hymnis
2754 1273 3072 1337 celebraret,
3119 1281 3209 1324 aut
3240 1270 3439 1325 saltem
3482 1270 3643 1337 primo

407 1368 555 1422 illum
588 1368 884 1433 nominare,
918 1378 1028 1420 tum
1070 1365 1203 1418 alias
1241 1378 1361 1417 cum
1404 1363 1519 1432 ipso
1564 1368 1841 1416 creaturas
1870 1359 2167 1431 generatim
2197 1376 2471 1418 assumere
2506 1377 2523 1416 :
2558 1379 2664 1418 non
2706 1378 2835 1419 vero
2862 1374 3071 1429 contra,
3100 1374 3159 1418 ut
3195 1364 3285 1419 isti
3325 1367 3642 1433 arrogaan

407 1463 673 1519 blaterant
696 1473 854 1532 atque
876 1461 1371 1517 comminiscuntur.
1948 1450 1949 1453 “
2838 1526 2855 1537 Ι

492 1558 633 1614 XIX.
664 1558 923 1614 Creatura
951 1571 1054 1611 non
1079 1560 1495 1612 connumeratur
1522 1567 1641 1608 cum
1660 1553 1790 1607 Deo.
1838 1550 1958 1618 Qua

2143 1550 2242 1604 18'.
2282 1548 2346 1602 Ἦ
2373 1547 2550 1612 κτίσις
2592 1548 2655 1602 οὐ
2713 1546 3124 1618 συναριθμεῖται
3169 1544 3260 1618 [78
3288 1563 3320 1599 α
3348 1544 3372 1617 ]
3401 1544 3485 1615 τῷ
3511 1543 3638 1614 Θεῷ.

409 1650 553 1706 enim
590 1651 934 1705 decrementa
964 1646 1197 1703 obnoxia
1222 1654 1323 1711 est,
1365 1644 1493 1715 quid
1540 1658 1825 1699 commune
1872 1644 1958 1697 ha-

2080 1642 2137 1695 Τί
2173 1640 2280 1711 γὰρ
2315 1640 2410 1693 καὶ
2438 1637 2613 1692 κοινὸν
2633 1640 2699 1709 τῇ
2734 1637 2865 1708 οὔσῃ
2897 1639 2954 1690 ὲν
2986 1637 3202 1709 μειώσει
3225 1636 3363 1707 πρὸς
3396 1635 3495 1688 τὸν
3518 1636 3640 1688 πάνυ

407 1744 499 1797 bet
526 1757 647 1813 cum
678 1754 762 1805 eo,
785 1741 874 1812 qui
916 1750 999 1796 est
1058 1739 1213 1809 173
1263 1737 1503 1793 omnium
1542 1734 1958 1797 excelsissimus,

2080 1750 2173 1787 ιων
2210 1730 2535 1802 ὑπέρτατον,
2566 1730 2661 1784 καὶ
2692 1729 2832 1801 ὑπὲρ
2861 1731 3039 1783 πᾶσαν
3078 1730 3205 1785 ὄντα
3242 1728 3576 1799 ὑπερόολὴν,
3608 1728 3635 1798 ἦ

408 1842 466 1886 et
493 1848 659 1903 supra
691 1832 989 1903 quamlibet
1034 1826 1552 1900 exaggerationem?
1588 1836 1681 1881 aut
1715 1842 1797 1890 ea,
1851 1839 1958 1895 qua

2080 1827 2133 1897 τῇ
2164 1822 2430 1895 γενομένῃ
2478 1822 2613 1893 πρὸς
2653 1821 2745 1876 τὸν
2782 1816 3118 1894 ποιήσαντας
3151 1823 3223 1876 Τὸ
3261 1822 3319 1875 δὲ
3378 1822 3639 1891 πάντιμον

408 1924 621 1981 condita
648 1933 749 1988 est,
787 1938 908 1979 cum
931 1921 1045 1987 illo,
1078 1921 1165 1990 qui
1197 1920 1367 1990 ipsam
1395 1917 1674 1973 condidit?
1729 1919 1800 1971 At
1848 1931 1958 1971 san-

2080 1915 2315 1986 Πνεῦμα,
2342 1915 2417 1979 ὡς
2437 1912 2587 1978 Θεὸς,
2613 1916 2645 1985 ἢ
2678 1914 2813 1984 μετὰ
2837 1914 3050 1988 Πατρὸς
3074 1915 3168 1969 καὶ
3193 1914 3321 1968 Υίοῦ
3352 1914 3638 1984 συνονομᾶ-

408 2023 529 2069 Ctus
556 2027 763 2069 summe
790 2011 1136 2067 honorandus
1174 2008 1428 2080 Spiritus,
1457 2018 1641 2079 utpote
1671 2008 1844 2073 Deus,
1875 2016 1958 2061 aut

2080 2006 2218 2072 ζεται
2241 2024 2255 2039 ·
2289 2008 2365 2070 ὡς
2408 2006 2533 2060 ὅταν
2572 2009 2601 2059 6
2635 2006 2914 2078 Δεσπότης
2957 2007 3048 2059 τὸν
3094 2007 3221 2079 περὶ
3262 2008 3324 2060 τὸ
3362 2007 3636 2078 βάπτισμα

408 2099 569 2156 simul
596 2115 718 2154 cum
752 2099 912 2155 Patre
951 2108 1006 2155 et
1034 2099 1171 2153 Filio
1211 2099 1537 2163 nominatur,
1569 2106 1629 2153 ut
1689 2113 1813 2154 cum
1866 2097 1971 2154 Do-

410 2188 588 2243 minus
616 2188 867 2258 baptismi
898 2187 1184 2243 formulam
1220 2188 1405 2252 tradit,
1472 2196 1527 2243 et
1575 2202 1697 2242 cum
1741 2187 1971 2257 Aposto-

408 2280 494 2336 lus
517 2281 570 2335 in
599 2280 834 2336 secunda
865 2281 933 2334 ad
986 2277 1299 2335 Corinthios
1347 2278 1558 2345 scribit,
1600 2295 1619 2331 ι
1678 2277 1862 2334 Gratia
1895 2277 1970 2350 (6)

410 2372 621 2429 Domini
656 2373 821 2429 nostri
846 2369 973 2428 Jesu
1007 2370 1231 2437 Christi,
1259 2378 1313 2426 et
1345 2370 1585 2425 eharitas
1606 2370 1723 2435 Dei,
1752 2377 1807 2425 et
1831 2383 1976 2424 com-

407 2464 703 2519 municatio
734 2462 904 2518 sancti
952 2461 1185 2532 Spiritus
1213 2474 1336 2515 cum
1386 2460 1639 2515 omnibus
1695 2458 1888 2514 vobis:
1942 2477 1962 2510 ι

409 2566 502 2609 aut
529 2553 686 2609 simul
715 2554 1021 2609 nominatur
1055 2566 1177 2607 cum
1197 2565 1299 2606 una
1324 2549 1547 2605 duarum
1566 2549 1969 2621 bypostasium;

409 2645 681 2700 autetiam
709 2644 877 2708 solus,
920 2651 980 2697 ut
1009 2642 1061 2696 in
1110 2641 1283 2712 primo
1325 2639 1464 2695 libro
1508 2637 1584 2711 (7)
1628 2638 1829 2693 dictum
1867 2645 1971 2702 est,

410 2742 883 2792 commemoratur.
941 2730 1308 2788 Macedoniani
1350 2730 1428 2801 (8)
1463 2744 1591 2785 vero
1627 2744 1659 2785 e
1691 2738 1835 2785 secta
1876 2742 1972 2784 ex-

409 2829 791 2885 communicati
823 2827 984 2892 illius,
1004 2836 1166 2896 atque
1197 2839 1265 2880 ex
1295 2824 1536 2880 Ecclesia
1569 2820 1976 2891 ejectiValenti-

409 2920 487 2983 ni,
522 2919 612 2988 qni
645 2916 1095 2981 manichaeizavit,
1127 2930 1191 2970 ac
1223 2914 1401 2969 furore
1423 2913 1500 2985 (9)
1538 2913 1744 2984 plenus,
1778 2918 1974 2982 praeter

2067 2099 2279 2153 δίδωσιν
2309 2099 2453 2169 ὅρον,
2502 2098 2597 2151 xci.
2626 2098 2703 2162 ὡς
2732 2099 2858 2151 ὅταν
2898 2099 2927 2151 6
2969 2099 3293 2163 Ἀπόστολος
3334 2099 3636 2173 Κορινθίοις

2069 2192 2131 2245 τὸ
2182 2190 2430 2263 δεύτερον
2481 2190 2699 2262 γράφῃο
2731 2208 2750 2241 ι
2795 2191 2860 2245 Ἥ
2913 2192 3074 2265 γάρις
3106 2192 3201 2246 τοῦ
3249 2194 3466 2265 Κυρίου
3495 2192 3636 2265 ἡμῶν

2082 2282 2255 2355 Ἰησοῦ
2292 2283 2552 2354 Χριστοῦ,
2600 2282 2694 2336 καὶ
2722 2283 2755 2353 ἡ
2781 2283 2965 2354 ἀγάπη
2995 2282 3088 2336 τοῦ
3115 2281 3272 2347 Θεοῦ,
3324 2286 3427 2337 καὶ
3469 2286 3503 2356 ἡ
3537 2302 3637 2337 κοι-

2071 2372 2235 2426 νωνία
2259 2371 2353 2425 τοῦ
2388 2371 2540 2441 ἁγίου
2584 2370 2898 2444 Πνεῦματος
2951 2372 3089 2443 μετὰ
3130 2374 3348 2429 πάντων
3399 2375 3585 2445 ὑμῶν·
3614 2394 3630 2426 ι

2072 2465 2105 2537 ἢ
2143 2463 2279 2536 μετὰ
2308 2465 2435 2535 μιᾶς
2463 2463 2643 2519 αὐτῶν
2668 2465 3014 2529 ὑποστάσεως
3038 2483 3051 2496 ·
3092 2466 3124 2537 ἢ
3156 2467 3247 2518 καὶ
3277 2465 3426 2521 κατὰ
3462 2468 3633 2537 μόνας,

2073 2556 2216 2611 καθὰ
2257 2557 2316 2610 ὲν
2363 2555 2438 2627 τῷ
2488 2556 2687 2626 πρώτῳ
2716 2557 2930 2627 εἴρηται
2976 2556 3184 2627 βιϐλίῳ,
3220 2561 3629 2630 μνημονεύεται.

2086 2649 2218 2703 Ἀπὸ
2254 2648 2310 2702 δὲ
2338 2649 2434 2719 τῆς
2476 2647 2847 2719 προαιρέσεως
2878 2647 2971 2701 τοῦ
3001 2648 3309 2719 ὲξοϐλήτου,
3350 2654 3451 2706 καὶ
3478 2654 3631 2724 ἀπερ-

2076 2739 2338 2812 ριμμένου
2374 2738 2744 2804 Οὐαλεντίνου,
2779 2738 2872 2792 τοῦ
2912 2742 3352 2811 μανιχαῖσαντος,
3386 2744 3483 2797 καὶ
3512 2743 3633 2815 πρὸς

2072 2828 2185 2888 τοῖς
2204 2824 2381 2888 ἄλλοις
2408 2825 2627 2889 ἀτόποις
2662 2826 3081 2898 μυθοπλὸισμασι
3143 2831 3427 2899 μανιωδῶς
3466 2833 3629 2885 εἰπόν-

2074 2934 2165 2980 τος
2196 2916 2486 2986 ἡλικιώτην
2529 2917 2590 2968 τὸ
2632 2916 2809 2969 θεῖκὸν
2844 2918 3065 2988 Πνεῦμα
3107 2924 3218 2983 τοῖς
3255 2922 3529 2989 ἀγγέλοις,
3552 2924 3630 2992 6p-

411 3008 515 3062 alia
553 3008 784 3063 absurda
823 3015 1148 3070 carnulenta,
1184 3006 1423 3061 divinum
1465 3004 1721 3075 Spiritum
1768 3003 1958 3073 angelis

2080 3006 2317 3076 μώμενοι
2371 3004 2420 3058 oi
2467 3006 2822 3071 Μακεδόνιοι,
2901 3008 3067 3077 coact”
3130 3010 3337 3074 Παῦλος
3400 3013 3631 3083 Τιμοθέῳ

410 3112 647 3154 coaevum
667 3097 1013 3161 dixit,ortum
1040 3098 1335 3161 trahentes,
1359 3095 1608 3165 inquiunt
1634 3093 1779 3166 (10):
1824 3092 1967 3147 Pau-

410 3188 494 3243 lus
514 3188 580 3243 ad
610 3187 946 3244 Timotheum
975 3187 1193 3256 scripsit
1229 3204 1244 3240 :
1280 3205 1298 3238 ι
1334 3185 1588 3241 Obtestor
1629 3186 1742 3256 (ll)
1788 3200 1969 3239 coram

411 3282 543 3347 Deo,
581 3292 634 3337 et
672 3282 898 3337 Domino
930 3279 1053 3335 Jesu
1084 3279 1321 3344 Christo,
1358 3288 1411 3334 et
1440 3278 1625 3334 electis
1660 3279 1900 3345 angelis:
1946 3296 1964 3329 ι

412 3379 657 3426 sanctum
691 3385 818 3425 vero
854 3368 1112 3439 Spiritum
1150 3369 1355 3430 tacuit,
1394 3367 1588 3437 quippe
1626 3368 1720 3436 qui
1762 3368 1970 3421 scilicet

411 3476 533 3517 eum
563 3478 683 3517 cum
718 3461 923 3528 angelis
945 3460 1386 3515 connumerabat.
1412 3459 1519 3514 Sed
1553 3473 1619 3512 ex
1642 3459 1966 3513 abundantia

412 3559 590 3613 cordis
642 3558 876 3628 ipsorum
929 3555 1143 3626 propria
1194 3564 1378 3609 manat
1440 3555 1606 3609 hocce
1655 3552 1965 3621 cogitatum.

412 3650 663 3715 Quamvis
691 3649 831 3704 enim
863 3647 1148 3717 aliquando
1174 3646 1407 3716 Spiritus
1437 3645 1607 3699 sancti
1653 3643 1852 3698 mentio
1876 3658 1968 3713 pe-

410 3740 687 3795 culiariter
717 3755 821 3794 non
850 3739 965 3806 ilat,
983 3738 1344 3793 coassumitur
1376 3746 1557 3791 tamen
1583 3750 1702 3788 cum
1728 3737 1837 3790 Deo
1862 3735 1966 3790 Pa-

414 3842 514 3896 tre,
546 3839 729 3900 utpote
753 3830 845 3899 qui
872 3829 1104 3899 Spiritus
1130 3828 1299 3898 ipsius
1348 3837 1431 3883 est
1462 3827 1760 3881 secundum
1814 3839 1968 3881 natu-

417 3937 551 3977 ram.
580 3922 702 3977 Haec
725 3936 855 3976 sane
902 3920 1041 3977 ratio
1071 3930 1173 3984 est,
1219 3921 1288 3975 ob
1320 3934 1477 3989 quam
1522 3930 1611 3974 aut
1670 3920 1781 3988 ipse
1823 3919 1967 3974 Deus

412 4011 569 4067 Pater
592 4013 858 4081 expressis
885 4012 1065 4067 verbis
1093 4026 1197 4065 non
1240 4020 1322 4064 est
1367 4021 1837 4076 commemoratus,
1870 4011 1964 4065 sed

415 4103 555 4157 ﬁdeli
588 4104 1044 4173 interpretatione,
1077 4103 1245 4157 Filius
1286 4110 1462 4156 autem
1507 4111 1559 4156 et
1587 4101 1819 4170 Spiritus
1842 4118 1966 4156 san-

413 4202 531 4246 ctus
551 4202 996 4247 commemoratus
1017 4200 1132 4258 est;
1164 4200 1256 4244 aut
1279 4191 1394 4245 vice
1414 4206 1568 4245 versa
1593 4207 1607 4242 :
1628 4193 1959 4260 quandoqui-

411 4285 530 4338 dem
557 4283 637 4337 vel
661 4284 1050 4339 abominandus
1085 4284 1192 4345 ille,
1224 4298 1289 4337 ac
1332 4296 1399 4336 ne
1430 4283 1789 4336 nominandus
1838 4283 1958 4353 qui-

2073 3098 2310 3170 ἕγραψε·
2368 3117 2386 3150 ι
2430 3100 2878 3171 Διαμαρτύρομαι
2928 3100 3155 3156 ἐνώπιον
3199 3103 3292 3156 τοῦ
3330 3104 3469 3159 Θεοῦ
3495 3146 3509 3170 ,
3550 3109 3629 3157 καὶ

2071 3192 2272 3263 Κυρίου
2314 3191 2488 3261 Ἰησοῦ
2514 3191 2769 3263 Χριστοῦ,
2792 3193 2887 3246 καὶ
2911 3192 3019 3245 τῶν
3042 3194 3311 3247 ἐκλεκτῶν
3335 3195 3623 3264 ἀγγέλων-ι

2069 3287 2129 3339 τὸ
2170 3286 2227 3339 δὲ
2277 3285 2429 3353 ἅγιον
2478 3283 2722 3355 Πνεῦμα,
2770 3284 2845 3349 ὡς
2904 3285 3163 3350 συντάξας
3209 3286 3370 3356 δῆθεν
3404 3291 3517 3352 τοῖς
3546 3288 3629 3354 ἀγ-

2070 3376 2266 3443 γέλοις,
2315 3373 2717 3445 ἀπεσιώπησεν.
2776 3376 2908 3429 Ἀπὸ
2960 3377 3017 3430 δὲ
3066 3376 3158 3430 τοῦ
3209 3380 3627 3451 περισσεύματος

2068 3466 2166 3536 τῆς
2198 3465 2421 3536 καρδίας
2455 3465 2630 3519 αὐτῶν
2681 3465 2781 3537 τῆς
2831 3467 2966 3530 ἰδίας
3010 3469 3042 3538 ή
3073 3467 3251 3522 ἔννοιά
3287 3470 3439 3523 ἐστιν
3479 3469 3621 3539 αὕτη.

2068 3556 2188 3609 Κᾶν
2216 3556 2322 3627 γάρ
2350 3573 2479 3608 ποτε
2533 3556 2714 3620 [διχῶς
2756 3557 2829 3628 μὴ
2867 3557 3090 3629 γένηται
3129 3561 3315 3630 μνήμη
3358 3562 3455 3614 τοῦ
3485 3561 3622 3629 ἁγίου

2067 3647 2401 3719 Πνεῦματος,
2452 3649 2984 3719 συναναλαμϐάνεται
3028 3650 3106 3721 τῷ
3143 3651 3257 3722 Θεῷ
3302 3654 3501 3725 Πατρι,
3542 3655 3621 3707 az:

2067 3738 2287 3809 Πνεῦμα
2326 3738 2491 3792 αὐτοῦ
2528 3739 2671 3791 κατὰ
2723 3740 2886 3809 φύσιν
2914 3741 2992 3794 ὅν.
3036 3743 3133 3796 Διά
3164 3760 3241 3796 τοι
3271 3744 3434 3799 τοῦτό
3470 3749 3619 3803 ἐστιν.

2065 3831 2175 3894 ὅτε,
2205 3832 2237 3901 ἢ
2263 3831 2423 3895 αὐτὸς
2453 3833 2481 3884 6
2509 3831 2641 3895 Θεὸς
2673 3832 2859 3904 Πατὴρ
2906 3834 2981 3904 τῷ
3029 3836 3229 3906 ῥήματι
3258 3838 3359 3890 οὐκ
3393 3840 3618 3909 ἐμνημον

2065 3922 2249 3994 νεύθη,
2273 3923 2406 3976 ἀλλὰ
2432 3926 2501 3994 τῇ
2525 3926 2688 3994 πιστῇ
2712 3923 2937 3997 διανοίᾳ,
2967 3927 2994 3977 6
3022 3925 3078 3979 δὲ
3106 3926 3248 3990 Υἱὸς,
3278 3930 3372 3981 καὶ
3398 3930 3458 3981 τὸ
3486 3930 3618 3997 ἅγιον

2066 4014 2289 4085 Πνεῦμα
2318 4015 2692 4086 ἐμνημονεύθη
2715 4031 2728 4044 ·
2758 4017 2791 4086 ἢ
2834 4018 2892 4070 τὸ
2922 4016 3179 4087 ἔμπαλιν.
3204 4021 3375 4073 Ὅπου
3407 4040 3470 4090 γε
3502 4024 3527 4074 6
3557 4022 3618 4090 μὴ

2064 4105 2291 4175 ὀφείλων
2348 4108 2778 4178 μνημονεύεσθαι
2829 4110 3196 4175 Οὐαλεντίνος,
3246 4113 3306 4164 τὸ
3356 4113 3458 4182 μὲν
3488 4116 3619 4180 ἁγια-

2066 4197 2245 4249 στικὸν
2306 4198 2549 4268 Πνεῦμα,
2602 4199 2956 4270 Παράκλητον
3006 4201 3303 4273 ὠνόμασεν,
3350 4204 3430 4267 ὡς
3481 4204 3618 4257 καὶὸ

2063 4292 2334 4364 Δεσπότης
2354 4296 2603 4365 Χριστὸς,
2625 4297 2975 4369 Παράκλητος
3002 4300 3066 4352 ἐκ
3087 4299 3177 4352 τοῦ
3205 4298 3615 4371 παρακαλεῖσθαι

409 4374 527 4429 dem
582 4374 895 4430 Valentinus
950 4374 1375 4429 sanctiﬁcantem
1423 4372 1642 4441 quidem
1702 4372 1958 4442 Spiritum

2080 4382 2301 4455 ἑκλήθη’
2352 4387 2475 4449 τοὺς
2519 4387 2575 4439 δὲ
2620 4388 3006 4459 ἁγιαζομένους
3051 4390 3430 4463 λειτουργοὺς,
3470 4408 3615 4463 προσ·

477 4488 554 4558 (5)
591 4488 794 4543 Sancti.
827 4489 883 4543 ld
910 4496 1008 4553 est,
1050 4489 1187 4543 sacri
1216 4489 1525 4556 scriptores.
1558 4486 1666 4541 Hos
1693 4488 1835 4558 enim
1874 4506 1967 4558 per

408 4561 833 4627 antonomasiam
871 4576 888 4610 ι
925 4567 1136 4612 sanctos
1172 4577 1189 4609 i
1238 4567 1391 4611 vocat
1442 4559 1638 4625 passim
1684 4557 1960 4627 Didymus.

407 4625 540 4680 Vide
578 4638 686 4681 not.
716 4628 770 4693 2,
824 4641 941 4695 pag.
973 4627 1060 4690 64,
1091 4638 1143 4681 et
1178 4642 1344 4695 segni.
1384 4627 1451 4680 98
1479 4630 1528 4690 ιι,
1565 4627 1663 4680 106
1694 4645 1745 4688 α,
1777 4625 1877 4680 108
1910 4632 1960 4693 b,

407 4698 510 4751 lli)
539 4715 590 4759 a,
641 4708 744 4749 etc.
787 4696 890 4749 Sed
942 4697 1058 4750 vide
1086 4698 1447 4766 etiamnotas
1483 4697 1549 4750 ad
1583 4712 1751 4765 segni.
1779 4696 1883 4752 9.02
1908 4716 1959 4766 α,

406 4768 491 4820 ubi
518 4768 622 4819 alio
654 4780 811 4819 sensu
847 4767 955 4818 haec
985 4781 1082 4817 vox
1111 4764 1387 4832 accipitur.

478 4836 552 4905 (6)
593 4835 795 4887 Gratia.
836 4834 875 4887 ll
913 4835 977 4887 ad
999 4834 1122 4889 Cor.
1153 4833 1385 4905 x1n_,_‘l.'5.
1414 4832 1597 4888 Graeca
1627 4835 1789 4889 editio
1812 4848 1961 4891 caret

403 4901 554 4966 voce,
603 4923 619 4953 ‹
665 4905 851 4956 nostri.
897 4921 915 4952 ι
949 4905 1051 4957 Sed
1083 4920 1202 4958 cum
1253 4901 1475 4970 Vulgato
1515 4905 1805 4971 interprete
1842 4922 1959 4960 eam

405 4974 530 5043 legit
560 4975 813 5043 Didymus
845 4980 954 5043 tum
986 4973 1091 5036 hic,
1126 4973 1303 5043 tumin
1329 4972 1464 5025 libro
1496 4972 1570 5025 De
1600 4972 1742 5033 Spir.
1780 4988 1958 5030 sancto

406 5035 551 5095 num.
588 5035 674 5094 16:
698 5041 1011 5096 Nonnullam
1030 5035 1171 5113 vero
1195 5035 1500 5113 varietatem
1529 5044 1579 5095 in
1612 5044 1712 5105 his,
1739 5060 1855 5113 qna:
1878 5062 1961 5101 se-

403 5121 656 5183 quuntur,
692 5127 809 5165 csse
832 5111 1067 5165 censebit
1105 5113 1193 5181 qui
1227 5112 1382 5165 editis
1410 5111 1523 5177 ejus
1546 5113 1665 5165 libri
1693 5111 1960 5183 exempla-

404 5179 551 5231 ribus
577 5190 884 5252 contentus,
919 5179 1450 5252 membranashnianu
1495 5192 1743 5252 exaratas
1789 5179 1955 5252 negli-

401 5256 489 5312 gat
520 5264 535 5299 :
561 5249 639 5301 sic
672 5252 811 5302 enim
869 5253 1028 5305 habet
1067 5253 1229 5305 editio
1263 5250 1617 5305 Veronensis:
1656 5269 1674 5302 ι
1707 5253 1771 5304 Ει
1811 5249 1959 5307 com-

402 5316 695 5389 municatio
734 5320 904 5373 sancti
944 5322 1175 5387 Spiritus
1212 5321 1282 5373 sit
1323 5336 1534 5389 semper
1566 5337 1685 5374 cum
1711 5324 1958 5378 omnibus

398 5385 572 5461 vobis.
607 5405 625 5461 ι
660 5390 728 5441 At
776 5390 839 5461 in,
866 5385 1045 5445 codice
1089 5402 1284 5444 nostra:
1332 5385 1665 5461 bibliOthecae
1706 5390 1959 5461 Didymus

398 5456 719 5527 versiculum
745 5460 930 5512 eodem
962 5460 1116 5527 plane
1143 5461 1297 5512 modo
1327 5460 1499 5522 affert,
1523 5474 1630 5527 quo
1654 5461 1755 5515 hoc
1791 5456 1841 5514 in
1878 5462 1955 5516 lo-

398 5538 464 5579 co
492 5541 506 5578 :
539 5526 609 5578 ita
645 5529 787 5581 enim
822 5526 978 5597 habet
1022 5548 1035 5583 :
1084 5547 1102 5579 ι
1139 5529 1194 5581 In
1252 5530 1355 5582 line
1406 5526 1657 5596 Epistolas
1687 5531 1955 5595 secunda},

398 5610 561 5665 quam
598 5598 662 5650 ad
705 5597 1007 5652 Corinthios
1046 5598 1263 5665 scripsit
1294 5598 1509 5663 Paulus,
1548 5599 1624 5651 ait
1661 5617 1676 5653 :
1714 5618 1732 5650 ι
1768 5600 1954 5654 Gratia

401 5664 611 5720 Domini
641 5668 806 5722 nostri
833 5666 961 5722 Jesu
993 5664 1215 5731 Christi,
1243 5677 1296 5722 et
1326 5669 1559 5721 Charitas
1576 5669 1689 5734 Dei,
1716 5679 1768 5723 et
1804 5685 1953 5723 com-

399 5748 545 5789 mun.
587 5739 758 5792 sancti
790 5738 1017 5808 Spiritus
1047 5754 1168 5795 cuin
1204 5738 1450 5794 omnibus
1485 5739 1650 5795 vobis.
1675 5758 1693 5791 ι
1714 5739 1946 5796 Numero

2076 4497 2257 4552 itidem
2296 4500 2360 4553 l7
2387 4502 2551 4556 editio
2578 4503 2898 4559 Veronensis
2924 4506 3079 4559 habet
3103 4525 3116 4561 :
3139 4506 3294 4561 Juxta
3329 4507 3459 4562 illud
3486 4523 3502 4561 :
3527 4528 3543 4560 ‹
3569 4518 3613 4560 et

2069 4582 2263 4621 comm.
2283 4571 2339 4623 S.
2357 4572 2445 4638 5p.
2466 4573 2536 4625 sit
2563 4589 2772 4641 semper
2796 4590 2913 4629 cum
2948 4576 3193 4631 omnibus
3223 4579 3392 4633 vobis.
3416 4578 3609 4634 »ϐοᾶτε

2070 4642 2629 4715 vero‘noster-omittit
2658 4658 2834 4715 voces,
2870 4663 2889 4695 ‹
2924 4645 2994 4715 sit
3024 4660 3249 4715 semper.
3291 4666 3311 4699 ι

2144 4706 2218 4845 (7;
2258 4708 2324 4761 In
2352 4712 2515 4776 primo
2547 4713 2698 4764 libro.
2743 4706 2922 4780 Segm.
2959 4714 3028 4767 25
3061 4732 3112 4766 a.

2144 4776 2195 4845 (8
2260 4777 2645 4833 Macedoniam.
2677 4782 2854 4837 Codex
2894 4802 2906 4836 :
2940 4785 2988 4837 oi
3028 4785 3112 4837 Ma

2141 4776 2217 4845 (8)
2260 4777 2645 4833 Macedoniam.
2677 4776 2854 4837 Codcit
2894 4802 2906 4836 :
2940 4785 2988 4837 oi
3028 4785 3367 4840 Μακεδόνιοι.
3412 4786 3609 4842 Videtur

2064 4844 2343 4913 legendum
2375 4865 2388 4901 :
2418 4850 2467 4901 oi
2490 4851 2894 4905 Μακεδονιανοί.

2133 4915 2209 4983 (9)
2247 4914 2473 5000 ἔξω-ονε.
2542 4919 2699 4973 Ludit
2748 4923 2801 4978 in
2863 4925 3085 4979 vocibus
3125 4926 3530 4995 μανιχαῖσαντος
3564 4935 3607 4978 et

2064 5001 2363 5054 μανιωοως.

2134 5056 2243 5130 (ill)
2272 5056 2552 5130 inquiunt.
2576 5059 2626 5111 In
2646 5059 2781 5115 libro
2804 5061 2963 5115 etiam
2993 5063 3065 5117 De
3098 5063 3239 5130 Spir.
3267 5077 3446 5118 sancto
3475 5082 3601 5118 num.

2063 5124 2167 5203 16,_
2188 5124 2371 5203 iisdem
2391 5128 2692 5203 Scriptura:
2715 5134 2944 5185 oraculis
2969 5124 3378 5189 Macedonianos
3408 5136 3600 5192 refellit,

2059 5194 2253 5262 quibus
2289 5196 2350 5268 in
2391 5197 2591 5268 hoc>78
2629 5211 2925 5268 segmento.
2963 5204 3209 5257 Attamen
3255 5205 3393 5262 hanc
3436 5220 3600 5259 eorum

2062 5266 2457 5341 responsionem
2504 5266 2571 5319 ibi
2617 5266 2719 5322 non
2755 5285 3164 5334 commemorat,
3198 5275 3334 5327 sicut
3374 5289 3441 5327 ne
3485 5273 3600 5325 alias

2060 5335 2277 5411 quidem
2298 5335 2497 5402 plures,
2521 5352 2657 5411 quas
2686 5341 3053 5411 superiusjam
3079 5343 3255 5405 solvit,
3286 5360 3349 5396 ac
3372 5345 3422 5396 in
3442 5352 3601 5411 poste:

2060 5416 2177 5454 rum
2202 5403 2472 5482 soluturus
2496 5416 2597 5461 est.
2625 5403 2765 5482 Qua:
2785 5424 2849 5482 ex
2890 5403 2963 5482 re
2997 5403 3454 5482 Macedonianum'
3490 5408 3596 5464 illud

2059 5485 2211 5551 opus,
2245 5474 2383 5551 quod
2408 5490 2515 5542 pne
2547 5478 2715 5530 oculis
2746 5479 2929 5551 habuit
2956 5481 3057 5535 hoc
3078 5474 3142 5535 in
3180 5482 3296 5536 loco
3339 5483 3591 5551 Didymus,

2048 5542 2261 5622 editum
2282 5544 2492 5622 videtur
2524 5558 2805 5615 postquam
2852 5550 3084 5608 dictatus
3130 5567 3160 5605 a
3194 5542 3596 5622 Didymo'iuerat

2059 5609 2195 5663 liber
2219 5611 2293 5665 De
2321 5609 2743 5680 Spiritu'smtc'to.

2128 5680 2237 5751 (ll)
2279 5681 2536 5739 Obtestor.
2578 5684 2597 5738 l
2627 5688 2692 5741 ad
2717 5685 2858 5742 Tim.
2890 5702 2942 5755 v,
2965 5687 3056 5745 Si.

2054 5838 2085 5867 ἰδ
2114 5862 2124 5872 .
