3732 6308
109 313 197 367 δίε)
1112 312 1196 366 DE
1240 312 1617 369 TRINITATE
1652 313 1855 371 ΜΒΕῆ
1888 311 2272 368 SECUNDUS.

105 438 377 505 ηγὸρευσεν
407 434 685 501 ἀγγέλους.
719 435 875 506 ’Πρὸς
926 435 1133 498 τούτοις
1194 434 1285 507 [78
1329 431 1382 507 ὁ]
1420 436 1579 506 οὐδαιη

1856 437 1976 489 :avit
2010 435 2367 497 Paracletum,
2405 434 2545 488 sicut
2580 434 2743 489 etiam
2793 434 3047 489 Dominus
3084 434 3330 489 Christus

98 528 304 600 οΓραεξῆς
325 529 403 589 εἰς
428 527 492 595 δη
503 526 851 596 μιουργίαν,ῆ
874 528 1331 599 μυσταγωγίαν,ἣ
1353 528 1565 596 δοξολογ

1854 539 1988 582 :atus
2014 535 2090 580 est
2122 525 2433 579 Paraclelus
2463 524 2573 595 (12)
2603 541 2667 579 ex
2700 542 2764 580 eo
2797 526 2936 594 quod
2986 526 3328 588 consoletur;

105 622 346 688 ἀγγέλους
386 620 1013 690 συμμνημονευομένους
1056 622 1383 693 εὑρίσκομεν
1410 623 1488 692 τῷ
1514 623 1579 675 Θε

1852 619 2129 672 ictiﬁcatos
2176 626 2353 670 autem
2390 618 2665 671 ministros
2693 618 3059 671 denominavit
3089 616 3326 686 angelos.

105 712 195 767 Τοῦ
221 713 273 764 δὲ
304 712 456 780 ἁγίου
480 711 795 780 Πνεύματος
820 713 1103 765 κοινωνίαν
1124 714 1258 784 πρὸς
1286 714 1383 785 τὴν
1427 714 1579 786 θεὸτη

1870 710 2003 772 hare,
2039 711 2091 763 iu
2117 708 2263 761 nullo
2294 708 2589 776 Scriptum:
2629 708 2747 760 loco
2790 707 3009 775 angelos
3056 722 3159 760 una
3208 721 3326 760 cum

104 804 129 855 ὁ
158 802 347 865 Παῦλος
375 802 686 873 Κορινθίοις
728 805 785 856 ὲν
829 808 893 875 τῇ
929 804 1155 875 δευτέρᾳ.
1199 807 1470 878 γέγραφεν
1507 807 1578 860 Ἐτ

1852 815 1870 854 )
1902 798 2061 871 174
2088 811 2541 855 commemoratos
2577 810 2669 853 aut
2700 800 2750 851 in
2794 799 3093 861 creatione,
3132 808 3223 851 aut
3274 799 3326 851 in

105 894 275 964 στολῇ·
309 911 328 943 ι
366 893 429 945 Ἦ
457 892 620 963 χάρις
645 893 737 946 τοῦ
774 893 978 962 Κυρίου
1012 896 1167 964 ἡμῶν
1196 896 1368 966 Ἰησοῦ
1394 900 1579 968 Χριστι

1850 895 2078 954 Liatione,
2111 908 2205 947 seu
2230 892 2478 962 baptismi
2510 892 2818 961 disciplina,
2851 901 2943 945 aut
2972 891 3023 945 in
3058 890 3324 961 glorifica-

104 987 235 1053 καὶὴ
266 983 449 1053 ἀγάπη
484 982 579 1035 τοῦ
622 982 756 1036 Θεοῦ
801 985 895 1038 καὶ
927 986 1157 1057 Πατρὸς,
1203 988 1298 1039 καὶ
1335 987 1367 1057 ή
1401 1005 1578 1042 κοινωι

1858 1000 1905 1039 ιο
1942 986 2265 1041 invenimus.
2304 986 2485 1040 Sancti
2503 1002 2632 1041 vero
2687 987 2921 1055 Spiritus
2959 985 3326 1040 communica-

102 1074 180 1125 τοῦ
210 1074 351 1140 ἁγίου
386 1073 705 1144 Πνεῦματος
728 1090 742 1102 ·
776 1093 794 1127 ο
829 1075 924 1128 καὶ
949 1077 1007 1128 ὲν
1035 1076 1213 1140 ἄλλους
1232 1094 1245 1107 ·
1283 1094 1302 1128 ο
1338 1078 1403 1130 Εἴ
1427 1096 1511 1141 τις
1541 1097 1575 1131 κ

1857 1090 1981 1139 tem,
2010 1091 2102 1129 seu
2128 1077 2580 1137 communionem,
2622 1092 2726 1145 qua
2777 1090 3119 1131 communem
3166 1076 3327 1130 habet

105 1167 244 1220 νωνία
257 1164 626 1237 Πνεῦματος.»
657 1166 715 1221 '0
739 1166 870 1235 γοῦν
910 1166 1270 1239 Ὶεροψάλτης,
1298 1168 1394 1239 τὴν
1421 1170 1556 1241 πρὸς

1848 1182 1877 1219 n
1905 1165 2064 1219 Patre
2088 1166 2367 1233 deitatem,
2413 1166 2611 1222 Paulus
2650 1168 2948 1223 Corinthiis
2986 1168 3038 1222 in
3087 1167 3322 1223 secunda

102 1257 414 1329 λειτουργικὰ
450 1258 743 1328 πνεύματα
774 1258 1075 1331 ἐξαλλαγὴν
1109 1259 1204 1312 τοῦ
1242 1261 1507 1331 ἀγενήτου
1550 1262 1576 1314 Λ

1850 1262 2081 1314 moravit
2115 1259 2347 1327 Epistola
2380 1279 2393 1314 :
2425 1280 2443 1313 ι
2505 1261 2690 1316 Gratia
2731 1259 2939 1313 Domini
2990 1259 3161 1314 nostri
3198 1255 3324 1312 Jesu

104 1368 183 1421 γου
211 1351 293 1403 καὶ
320 1348 413 1402 τοῦ
452 1349 640 1403 θεῖκοῦ
679 1350 1015 1420 Πνεύματος,
1049 1351 1143 1403 καὶ
1174 1351 1235 1404 τὸ
1273 1350 1347 1422 μὴ
1380 1346 1519 1405 εἶναι
1550 1370 1578 1405 τ

1850 1352 1979 1417 risti,
2014 1362 2068 1406 et
2091 1353 2331 1408 charitas
2361 1353 2456 1408 Dei
2486 1370 2548 1408 ac
2572 1353 2769 1418 Patris,
2800 1363 2853 1407 et
2907 1352 3324 1407 communicatio

102 1444 293 1495 ἐκείνων
344 1443 685 1513 συστοιχίας,
738 1443 853 1497 ἀλλ’
890 1443 994 1495 ὑπὸ
1030 1442 1139 1496 τῶν
1186 1443 1486 1496 αὐτοτελῶν
1517 1445 1576 1497 ὑτ

1846 1445 1925 1497 icti
1960 1442 2213 1513 Spiritus.
2248 1463 2265 1497 ι
2312 1444 2379 1499 Ει
2404 1445 2529 1500 alibi
2556 1445 2698 1516 (l5):
2740 1465 2758 1497 ι
2798 1444 2855 1499 Si
2886 1460 2988 1514 qua
3020 1444 3132 1513 (14)
3167 1458 3320 1497 com-

106 1533 312 1587 στάσεων
358 1534 594 1600 τούτων,
640 1536 733 1593 καὶ
780 1535 847 1589 δι’
877 1534 1075 1601 αὐτῶν,
1122 1538 1216 1590 καὶ
1260 1535 1327 1590 δι’
1358 1537 1523 1600 αὑτὰς
1557 1556 1580 1591 τ

1848 1534 2057 1589 micatio
2088 1535 2344 1604 Spiritus.
2381 1556 2400 1589 ι
2441 1536 2611 1593 Porro
2640 1536 2965 1591 famulantes
3002 1537 3224 1606 spiritus
3254 1536 3322 1593 ab

103 1626 209 1678 Θεὸν
236 1628 463 1697 Πατέρα,
488 1628 590 1680 καὶ
613 1629 670 1680 ὲν
707 1628 897 1692 αὑταῖς
925 1627 1172 1682 ἐκτίσθαι
1198 1630 1325 1693 τοὺς
1357 1628 1577 1697 ἁγγέλοι

1850 1636 1995 1681 reato
2022 1624 2221 1693 Verbo,
2259 1643 2323 1683 ac
2354 1628 2537 1685 divino
2564 1629 2768 1698 Spiritu
2795 1628 3032 1692 differre.
3059 1628 3201 1683 hunc
3230 1642 3324 1682 ve-

104 1715 178 1768 καὶ
211 1715 273 1769 τὰ
315 1717 493 1770 πάντα
533 1716 871 1771 τελειοῦσθαι
930 1718 1025 1771 καὶ
1074 1718 1506 1791 διακρατεῖσθαι,
1549 1719 1578 1790 β

1849 1717 1917 1771 ad
1947 1718 2156 1773 illorum
2187 1719 2430 1775 ordinem
2461 1735 2566 1775 non
2611 1720 2901 1790 pertinere,
2952 1723 3044 1774 sed
3068 1719 3134 1774 ab
3171 1719 3320 1774 hisce

104 1807 277 1876 ῥήμασι
306 1807 531 1860 τοιοῖσδε
554 1824 569 1837 ·
600 1826 619 1859 ι
657 1808 747 1879 Τῷ
774 1809 934 1880 Λόγῳ
963 1809 1171 1882 Κυρίου
1191 1811 1240 1863 οἱ
1262 1811 1478 1880 οὐρανοὶ¹
1505 1814 1578 1864 ὲσσ

1843 1822 1932 1863 'se
1965 1806 2219 1878 perfectis
2250 1809 2654 1880 bypostasibus,
2685 1818 2740 1863 et
2770 1824 2867 1879 per
2887 1824 3002 1876 eas,
3024 1819 3079 1863 et
3098 1816 3317 1879 propter

105 1898 366 1970 ρεὼθησαν,
388 1899 587 1971 καὶτῷ
606 1900 882 1972 Πνεῦματι
901 1901 994 1955 τοῦ
1017 1903 1280 1974 στόματος
1298 1903 1461 1957 αὑτοῦ
1479 1906 1579 1959 πᾶα

1859 1940 1875 1966 ,
1909 1909 1967 1953 ιιι
2010 1908 2063 1954 et
2116 1910 2336 1970 propter
2368 1900 2536 1955 Deum
2588 1900 2805 1956 Patrem
2854 1899 2987 1971 (l5),
3033 1912 3088 1955 et
3140 1901 3190 1954 in
3239 1899 3318 1953 eis

106 1991 149 2041 αἱ
168 1988 404 2059 δυνάμεις
432 1989 644 2044 αὐτῶν.
687 2008 706 2042 ι
749 1976 990 2061 Νοητέον
1022 1990 1129 2063 γὰρ
1158 1990 1350 2059 Λόγον,
1378 1991 1469 2045 τὸν
1496 1990 1562 2045 δι’

1846 2002 1962 2047 atos
1985 2006 2106 2047 esse
2140 1992 2381 2063 angelos,
2418 2007 2620 2063 easque
2662 1994 2844 2049 omnia
2892 1994 3217 2064 perfecisse,
3263 2003 3320 2047 et

104 2080 154 2133 τὰ
198 2080 400 2133 πάντασ
470 2080 705 2152 Πνεῦμα
766 2082 1033 2153 στόματος
1088 2082 1323 2154 Κυρίου,
1385 2082 1447 2135 τὸ
1495 2082 1578 2151 ἆγε

1840 2096 2107 2150 uservare,
2172 2083 2372 2139 clamat
2425 2100 2581 2142 sacer
2650 2085 2860 2143 Psaltes
2924 2087 3009 2143 his
3074 2085 3314 2141 verbis:

107 2171 290 2241 Πνεῦμα
312 2188 325 2202 ’
352 2172 616 2244 δυνάμεις
641 2172 907 2244 οὐρανῶν,
936 2172 1105 2237 αὑτάς
1134 2190 1194 2227 τε
1222 2172 1320 2238 τὰς
1364 2171 1581 2228 συστάσι

1845 2174 1969 2229 erbo
1990 2173 2103 2246 (16)
2136 2174 2346 2230 Domini
2372 2176 2495 2231 coeli
2518 2177 2716 2233 ﬁrmati
2749 2188 2894 2246 sunt,
2914 2188 2968 2234 et
2988 2178 3193 2249 Spiritu
3207 2177 3319 2232 oris

104 2265 380 2330 αὖτῶν,καὶ
409 2265 604 2336 μέντοι
652 2265 940 2334 ἀγγέλους,
984 2266 1081 2319 καὶ
1126 2266 1322 2338 ἀρχὰς,
1364 2268 1457 2320 καὶ
1498 2268 1578 2332 ὲξο

1843 2279 2073 2322 somnes
2101 2268 2328 2323 virtutes
2354 2282 2564 2325 eorum.
2604 2288 2625 2322 ι
2659 2268 2751 2326 Sic
2782 2272 2926 2325 enim
2970 2268 3317 2341 intelligenda

106 2359 217 2421 σίας,
246 2359 334 2411 καὶ
389 2357 677 2429 δυνάμεις.
735 2360 847 2412 Καὶ
896 2358 1093 2413 πάλινυ
1152 2378 1171 2412 ι
1217 2360 1274 2413 Ὀ
1318 2359 1488 2413 ποιῶν
1519 2378 1580 2414 το

1853 2368 1871 2413 ι
1901 2374 1914 2411 :
1956 2357 2191 2413 Verbum
2228 2371 2309 2416 est
2337 2363 2486 2428 illud,
2509 2378 2606 2432 per
2625 2364 2767 2433 quod
2798 2374 2925 2419 sunt
2959 2364 3174 2428 omnia;
3199 2360 3320 2432 Spi-

104 2450 327 2517 ἁγγέλους
372 2450 543 2504 αὑτοῦ
600 2450 909 2522 πνεύματα,
966 2451 1060 2505 καὶ
1115 2454 1241 2516 τοὺς
1297 2452 1577 2525 λειτουργο

1843 2464 1883 2503 IS
1906 2452 2016 2506 oris
2037 2451 2246 2506 Domini
2282 2463 2366 2508 est
2393 2453 2628 2524 Spiritus
2660 2468 2897 2512 sanctus.
2935 2456 3171 2511 Virtutes
3203 2470 3317 2511 coe-

106 2543 235 2595 αὺτοῦ
266 2543 369 2615 πῦρ
397 2542 624 2613 φλέγον.
656 2562 677 2596 ι
710 2542 1162 2615 Διαπληκτίζεται
1195 2544 1250 2597 δὲ
1285 2545 1421 2615 πρὸς
1447 2545 1578 2597 αὐτο

1839 2558 1917 2596 um
1944 2552 2070 2597 sunt
2098 2559 2219 2598 cum
2256 2544 2385 2613 ipsa
2411 2560 2599 2599 eorum
2630 2547 2900 2609 essentiae,
2942 2554 2991 2602 et
3047 2547 3313 2602 constitu-

104 2636 177 2687 xei
198 2638 224 2689 ό
256 2637 594 2703 Ἀπόστολος,
633 2636 883 2708 κράζωνο
920 2652 941 2688 ι
973 2637 1070 2689 Ἓν
1102 2636 1327 2708 Πνεῦμα
1357 2635 1578 2689 ὲποτίσθ

1842 2649 1938 2698 tes,
1987 2644 2097 2688 tum
2137 2635 2298 2688 etiam
2353 2635 2551 2704 angeli,
2585 2646 2640 2691 ct
2670 2637 3027 2706 principatus,
3066 2647 3120 2693 et
3165 2648 3316 2708 pote-

109 2746 199 2796 μεν.
236 2748 252 2781 i
293 2730 374 2793 Ὠς
403 2730 513 2802 γὰρ
535 2729 602 2783 τὸ
624 2728 965 2801 ἀπαύγασμα
999 2729 1331 2802 χωρισθῆναι
1361 2730 1580 2801 ἀμήχαν

1840 2738 1930 2792 les,
1957 2734 2011 2781 et
2039 2728 2285 2782 virtutes.
2318 2726 2386 2781 Et
2409 2743 2631 2785 rursus:
2668 2747 2688 2781 ι
2729 2727 2827 2796 Qui
2856 2730 2984 2785 facit
3015 2730 3128 2801 (17)
3152 2744 3314 2798 ange—

106 2817 178 2870 τοῦ
203 2820 380 2886 φωτδς,
414 2822 510 2875 καὶ
561 2823 667 2893 τὴν
706 2821 897 2891 σοφίαν
928 2820 1023 2875 τοῦ
1073 2822 1238 2892 σοφοῦ
1269 2862 1285 2886 ,
1332 2822 1478 2876 τοῦτ’
1524 2822 1580 2875 ἐσ

1868 2834 1996 2875 suos
2045 2820 2287 2889 spiritus,
2337 2828 2391 2876 et
2444 2822 2719 2877 ministros
2759 2838 2887 2879 suos
2925 2825 3098 2894 ignem
3147 2838 3314 2879 uren-

108 2908 177 2962 τὺν
198 2912 308 2964 Υἱὸν
340 2913 445 2967 ἀπὺ
474 2913 571 2967 τοῦ
604 2914 854 2984 Πατρός’
886 2913 1062 2978 οὕτως
1086 2915 1183 2968 καὶ
1214 2914 1276 2968 τὸ
1297 2914 1450 2984 ἆγιον
1470 2916 1579 2969 Πνε

1838 2928 1872 2966 ι.
1908 2930 1927 2963 ι
1962 2910 2099 2978 Quin
2132 2912 2422 2981 Apostolus
2463 2914 2626 2969 etiam
2674 2917 2818 2983 ipsos
2857 2915 3156 2987 impugnat,
3201 2916 3312 2971 cla-

110 3017 166 3068 μα
197 3002 278 3055 ἀπ’
320 3004 547 3072 ἐκείνου,
593 2994 658 3055 οὗ
713 3004 829 3057 ἐστι
872 3003 1117 3075 Πνεῦμα,
1154 3004 1231 3069 ὡς
1266 3006 1397 3077 ἡμῖν
1424 3005 1453 3058 ὃ
1512 3006 1584 3058 ἀνι

1842 3019 1926 3058 ns:
1960 3022 1978 3056 ι
2017 3002 2135 3059 Uno
2175 3004 2287 3076 (l8)
2324 3004 2525 3075 Spiritu
2556 3009 2720 3077 potati
2749 3022 2954 3062 sumus.
2996 3026 3016 3059 ι
3048 3008 3185 3060 Nam
3209 3009 3316 3062 sic-

110 3096 319 3167 τωέομεν.
349 3097 580 3152 Ἔλαθον
610 3096 789 3151 τοίνυν
819 3094 1066 3162 ἐαυτοῑίς,
1099 3098 1175 3161 ὡς
1202 3098 1268 3151 δι’
1302 3090 1374 3150 ὧν
1399 3097 1584 3168 ἀκαίρο

1843 3096 2095 3165 splendor
2131 3113 2159 3151 a
2194 3097 2312 3153 luce
2331 3100 2571 3167 separari
2617 3115 2722 3155 non
2748 3108 2945 3167 potest,
2975 3113 3072 3155 nec
3095 3100 3313 3170 sapien-

109 3192 211 3258 ἡμῖν
228 3192 283 3245 οὐ
316 3191 672 3253 συντίθενται,
707 3192 801 3245 καὶ
830 3192 909 3254 είς
950 3190 1040 3245 τὸν
1075 3190 1466 3245 ἀκατάσειστον
1494 3186 1583 3243 οῐκι

1849 3203 1878 3240 a
1902 3188 2162 3255 sapiente,
2185 3188 2235 3242 id
2275 3199 2378 3254 est,
2400 3188 2570 3245 Filius
2602 3205 2631 3243 a
2661 3190 2821 3245 Patre
2846 3208 2859 3243 :
2886 3190 2963 3245 sic
2988 3204 3055 3243 ne
3079 3188 3313 3257 Spiritus

109 3282 341 3336 ἐπάνεισιν
385 3285 473 3337 τὸν
520 3286 581 3337 ὲν
630 3284 847 3355 ἀρχαῖς,
893 3282 1017 3337 ὅθεν
1067 3282 1423 3355 ἀπεπήδησαν
1448 3299 1461 3313 ·
1494 3299 1583 3353 πρ<

1840 3277 1961 3331 dem
1991 3286 2210 3333 sanctus
2235 3279 2301 3331 ab
2323 3293 2408 3344 eo,
2436 3279 2589 3347 cujus
2624 3290 2705 3336 est
2740 3281 2997 3351 Spiritus,
3044 3280 3186 3334 sicut
3226 3293 3314 3333 no-

109 3391 256 3443 γματα
280 3375 530 3429 πλέκουσι
558 3374 640 3445 τῷ
679 3374 1007 3445 ’Δποστόλῳ,
1043 3374 1221 3429 αὐτῶν
1261 3375 1424 3429 ἕνεκα
1446 3372 1534 3445 [79
1560 3392 1583 3427 α

1857 3380 1940 3425 est
1962 3370 2186 3440 spiritus
2219 3371 2329 3435 ille,
2357 3386 2518 3441 quem
2554 3374 2844 3443 spiramus.
2878 3372 3063 3441 Itaque
3103 3384 3198 3441 per
3226 3384 3310 3433 ea,

3248 315 3290 329 nu

3248 315 3290 329 Ik‘

3224 315 3330 369 5..“
3424 344 3433 355 ,μ

3267 357 3324 369 δ’..

3267 357 3324 369 μοι

109 3462 553 3539 διαμαρτυραμένῳ
577 3469 637 3521 ὲν
663 3469 775 3530 τοῖς
808 3466 1146 3536 ὲγκειμένοις
1174 3465 1339 3519 αὐτοῦ
1376 3466 1634 3537 ῥήμασιν,

110 3558 295 3614 latinum
320 3562 412 3631 τῆς
438 3562 697 3615 ἀκτίστου
737 3559 952 3629 φύσεως
984 3560 1079 3612 καὶ
1119 3561 1219 3629 τῆς
1252 3559 1494 3628 κτιστῆς,
1530 3575 1633 3609 πα-

114 3714 615 3835 27(23):,8Paracletus.
634 3716 765 3772 Vide
779 3715 974 3770 librum
1000 3713 1075 3768 De
1095 3711 1240 3783 Spir.
1274 3721 1454 3765 sancto
1482 3727 1629 3766 num.

188 3788 433 3933 ἷῗέξεξίὶῡί.
459 3857 745 3933 νῇιοηροε.
774 3855 839 3910 18
868 3863 989 3933 _no_t.
1409 3920 1443 3933 λ
1493 3919 1526 3933 ,.
1568 3921 1579 3933 ,

192 3919 257 3993 lt)
293 3928 486 3999 Siqua.
510 3919 742 3998 Philipp.
770 3943 833 3999 ιι,
861 3925 913 3979 1.
936 3925 995 3977 1η
1018 3919 1629 3999 libroquoqueDeSpir.

113 4006 254 4048 sancto
273 3994 409 4055 nuni.
441 4001 528 4062 17,
562 3994 738 4053 locum
768 3998 913 4051 hunc
932 3994 1118 4049 eodem
1143 3995 1299 4047 modo
1321 4002 1630 4061 acceperat,

117 4068 861 4149 suamqueinterpretationem,
887 4072 977 4118 aut
997 4072 1370 4135 argumentum
1393 4062 1514 4117 inde
1540 4063 1636 4116 du-

118 4142 225 4187 ctum
247 4137 445 4193 uberius
476 4137 857 4208 explicaverat.

296 4204 509 4290 Patrem.
533 4210 735 4275 Codex,
752 4208 852 4288 ,τὸν
873 4205 1005 4260 Θεὸν
1029 4204 1278 4290 Πατέρα.
1304 4201 1407 4290 Sed
1431 4202 1624 4290 aliquid

119 4274 409 4342 supplendum
436 4293 554 4335 esse
587 4280 928 4359 perspicuum
964 4285 1086 4359 est:
1117 4274 1261 4345 puta,
1297 4274 1373 4338 ὡς
1405 4275 1496 4329 καὶ
1541 4274 1627 4329 διὰ

117 4340 577 4417 τδγλθεὸνίΠατέρα,
622 4349 705 4405 vel
734 4350 875 4403 aliud
900 4349 1048 4417 quid.
1534 4361 1551 4371 ν

170 4368 315 4465 :‘uaov
346 4368 577 4432 uasepa,
622 4368 705 4405 vet
734 4368 875 4403 attuu
900 4368 1048 4417 qutu.

170 4414 263 4557 ((1%
299 4416 562 4557 532%}in
570 4417 1134 4555 ξωῗέξίῖὶ

1744 3467 1798 3523 in
1823 3468 2017 3537 quibus
2044 3468 2471 3537 intempestivea
2508 3470 2662 3524 nobis
2686 3470 3034 3534 dissentiunt,
3064 3478 3227 3537 atque
3255 3466 3310 3520 in

1741 3558 2115 3614 inconcussam
2144 3559 2359 3613 domum
2384 3558 2518 3629 (19),
2555 3559 2645 3614 ubi
2669 3559 2822 3613 initio
2856 3559 3013 3629 175
3054 3565 3229 3622 erant,
3258 3569 3313 3611 et

1732 3711 1985 3783 Ecclesia:
2013 3710 2289 3767 catholica:
2318 3711 2494 3767 sinum
2524 3713 2701 3768 redire
2729 3713 2861 3778 vult,
2891 3729 3051 3783 quam
3090 3713 3308 3767 domum

1736 3782 2111 3836 inconcussam
2142 3791 2320 3846 vocat,
2347 3784 2487 3851 quod
2520 3803 2539 3835 ι
2574 3785 2808 3846 concuti,
2843 3803 2861 3834 ι
2897 3782 3047 3838 idest
3077 3784 3183 3836 falli
3216 3799 3311 3838 ne-

1731 3861 1913 3919 queat,
1946 3862 2131 3920 utpote
2163 3870 2182 3903 ι
2212 3853 2457 3906 columna
2486 3863 2537 3908 et
2560 3854 2956 3907 ﬁrmamentum
2988 3855 3253 3919 veritatis,
3285 3881 3307 3907 δ

1733 3922 1801 3975 de
1840 3937 1941 3990 qua
1983 3922 2208 3990 proinde
2242 3923 2404 3975 etiam
2438 3924 2491 3977 in
2522 3933 2813 3977 comment.
2859 3926 2913 3975 in
2950 3923 3193 3976 Psalmos
3243 3926 3309 3976 ad

1731 4005 1874 4065 vers.
1896 3992 1979 4065 10
2002 3992 2138 4065 psal.
2170 4008 2269 4065 xcv
2304 3992 2381 4065 sic
2408 3992 2648 4063 loquitur
2676 3994 2827 4065 [Τὴν
2863 3994 3187 4065 Ἐκκλησίαν
3212 3994 3311 4048 αὑ-

1729 4059 1847 4136 τοῦ,
1890 4062 2011 4136 ἤτις
2048 4063 2108 4114 οὐ
2142 4059 2544 4136 ᾅσαλευθήσεται
2571 4079 2598 4136 ογ
2636 4059 3022 4134 τεθεμελίωται
3050 4059 3176 4136 ’γὰρ
3217 4066 3310 4117 ἐπὶ

1733 4130 1831 4202 τὴν
1865 4130 2088 4201 πέτραν,
2140 4134 2191 4186 id
2231 4142 2313 4207 est
2347 4130 2693 4207 (Ecclesiam
2743 4130 2859 4207 ejus
2904 4136 3020 4207 (Dei
3058 4130 3307 4204 scilicet),

1734 4216 1855 4270 quae
1906 4219 2022 4274 non
2041 4204 2422 4274 concutietur;
2457 4205 2673 4258 fundata
2718 4206 2859 4260 enim
2899 4204 2981 4260 est
3027 4221 3188 4273 supra
3219 4221 3311 4274 pe-

1736 4281 1894 4327 tram.
1935 4291 1952 4323 »
1994 4271 2180 4328 Plures
2212 4289 2374 4342 porro
2408 4275 2583 4329 adhuc
2609 4286 2785 4341 erant,
2829 4292 2951 4329 cum
2985 4271 3106 4330 lucc
3140 4271 3309 4330 dicta-

1733 4342 1928 4396 bantur
1960 4359 1988 4396 a
2032 4344 2275 4414 Didymo,
2307 4359 2408 4398 non
2441 4348 2609 4399 solum
2644 4345 2760 4398 laici
2800 4356 2853 4399 et
2880 4348 3081 4409 clerici,
3129 4347 3223 4399 sed
3256 4356 3307 4398 et

1732 4414 1988 4482 episcopi,
2034 4417 2121 4481 qui
2174 4416 2570 4484 Scripturarum
2618 4432 2680 4469 ac
2734 4415 2948 4470 Patrum
2999 4418 3064 4470 de
3106 4415 3306 4484 Spiritu

174 4483 263 4557 (l7)
299 4488 391 4555 Qui
410 4492 557 4559 facit.
585 4490 725 4547 Psal.
746 4508 862 4555 cm,
886 4483 1032 4559 vers:
1055 4486 1180 4559 4._ln
1207 4483 1349 4559 libro
1380 4483 1453 4540 De
1475 4485 1623 4559 Spir.
1658 4491 1703 4545 D
1732 4494 1921 4559 Sancto
1948 4486 2258 4559 locutiones
2278 4483 2349 4538 ita
2385 4486 2723 4559 accipiendas
2749 4501 2866 4559 esse
2901 4483 3308 4559 sentiebantwt

122 4554 260 4609 sancto
280 4554 425 4632 gnum.
456 4562 525 4616 56
568 4554 1031 4632 videbiturpaulo
1056 4556 1214 4611 aliter
1252 4554 1443 4632 legisse
1474 4556 1628 4632 Didy-

125 4637 231 4696 tws,
254 4628 293 4680 si
323 4631 604 4686 editionem
630 4626 995 4684 Veronen'sem
1019 4639 1309 4696 sequamur
1338 4640 1355 4696 ς
1384 4626 1461 4678 sic
1484 4628 1625 4680 enim

127 4690 280 4769 habet:
310 4714 326 4747 ι
353 4699 694 4769 Appellantur
726 4713 938 4768 quoque
976 4690 1221 4768 superna!
1253 4694 1629 4769 rationabiles-

125 4763 447 4840 suevit-lutea,
463 4786 596 4840 quas
631 4763 764 4827 solet
797 4763 1073 4840 Scriptura
1112 4763 1437 4840 angelosaet
1479 4766 1629 4840 forti:

129 4831 292 4907 tudines
332 4831 617 4907 nominare,
654 4831 1272 4907 vocabulo-spiritus,'ut
1306 4834 1375 4888 ibi
1413 4852 1427 4887 :
1464 4855 1483 4887 ι
1526 4835 1627 4902 Qui

128 4896 226 4981 facis
258 4912 451 4981 angelos
491 4896 616 4967 tuos
655 4912 897 4981 spiritus.
938 4896 1072 4981 [At
1096 4896 1261 4981 codex
1312 4916 1494 4981 noster
1524 4896 1624 4960 ms.

128 4966 279 5049 aliique
310 4966 492 5035 Haben;
520 4998 534 5035 ε
564 4992 621 5035 ui
660 4966 733 5035 ibi
767 4982 843 5034 ait
877 4998 890 5035 ;
927 4997 944 5029 ι
977 4978 1087 5049 Qui
1111 4974 1237 5029 facit
1266 4977 1482 5049 angelos
1505 4990 1628 5049 suos

130 5044 313 5123 apiritus.
348 5067 387 5123 »ᾼ
404 5052 765 5123 Tertullianus
794 5050 1008 5123 pariles
1039 5048 1129 5123 lii).
1162 5045 1370 5123 tuadv.‘
1393 5044 1627 5123 Marcio-

131 5120 215 5187 κεξιι
238 5127 336 5181 cap.
362 5118 392 5171 8
417 5122 489 5174 sic
514 5124 642 5177 citat
678 5140 692 5175 :
732 5140 750 5173 ι
780 5116 880 5187 Qui
907 5118 1054 5179 facit,
1082 5116 1273 5185 inquit,
1294 5116 1513 5183 spiritus
1532 5132 1627 5169 an-

130 5176 651 5257 gelHSﬁ-[ilpparitores
680 5176 945 5247 [laminam
971 5176 1129 5255 ignis.
1154 5176 1187 5239 ἰ

184 5248 271 5325 (³-8)
304 5248 427 5312 υὴὁ.
461 5260 476 5313 l
515 5264 579 5316 ad
614 5264 741 5317 Cor.
774 5278 870 5325 xu,
914 5248 1017 5313 ‘15:
1044 5257 1227 5313 Grmca
1275 5256 1439 5313 editio
1485 5273 1498 5310 :
1548 5256 1628 5319 εἰς

132 5311 297 5395 {pallae
327 5338 400 5379 est
418 5311 744 5394 {nihili}
774 5311 1035 5386 'babet
1060 5311 1315 5395 Vulgatus
1341 5311 1624 5395 interpres:

136 5380 313 5469 βυξὶξιιις
337 5380 533 5469 quoque
564 5380 1045 5468 Pa‘lmstinuswlegit
1079 5380 1423 5469 rut'iDidyimus
1459 5380 1625 5450 {nam

136 5456 314 5537 {Miluo
341 5456 408 5521 De
431 5456 528 5537 ﬁ'de
553 5456 773 5525 num,”
801 5472 879 5525 sic
903 5456 1029 5533 leg'it
1053 5487 1065 5522 :
1106 5485 1125 5518 ι
1168 5456 1342 5522 Unum
1371 5468 1629 5536 Spiritum

135 5532 471 5611 Polfl‘i‘sumu's.
508 5559 527 5591 ι
557 5540 687 5595 Vide
717 5557 885 5611 segni.
918 5532 1015 5593 120
1036 5558 1093 5611 ρ.

141 5596 279 5677 LQ9)
305 5602 369 5677 _In
396 5610 745 5677 inconcussam
770 5596 1001 5663 domum.
1036 5608 1275 5677 Respicit
1311 5608 1437 5662 illuo
1480 5606 1628 5662 Pauli

141 5661 274 5750 i159;
302 5669 318 5721 Ι
343 5676 405 5750 3d
432 5661 826 5750 τίωζεῖῥῖιιῖζ
844 5661 1009 5750 vers.
1027 5661 1108 5732 15⁷
1131 5661 1166 5731 :r
1184 5661 1293 5732 «'Iu
1313 5661 1483 5733 domo
1512 5661 1628 5750 Dei,

140 5737 231 5793 (1⁸³³
252 5750 318 5793 est
340 5742 559 5806 Ecclesia
596 5737 687 5808 Dei
725 5737 851 5808 vivi.
898 5768 917 5801 ι
966 5748 1375 5807 Macedonianos
1408 5763 1537 5818 ergo
1576 5737 1629 5803 in

1730 4566 1822 4624 eas
1844 4554 2210 4608 Macedoniani
2249 4554 2762 4624 interpretabantur.
2806 4557 3166 4611 Nihilominus
3216 4558 3308 4608 Di-

1730 4621 1922 4692 dymus
1956 4626 2060 4679 duo
2112 4626 2198 4678 hic
2230 4621 2483 4692 tanquam
2527 4637 2675 4679 certa
2729 4626 2889 4681 habet
2925 4644 2937 4680 :
2970 4628 3143 4694 primo
3192 4639 3304 4688 eos,

1729 4694 1817 4758 qui
1855 4694 2159 4761 lilijllSlllOlii
2197 4695 2493 4748 locutiones
2531 4698 2610 4749 sic
2644 4696 3005 4762 explicahant,
3034 4706 3090 4747 ut
3139 4694 3309 4763 Spiri-

1732 4770 1842 4815 tum
1876 4776 2117 4817 sanctum
2148 4764 2291 4817 Patri
2328 4765 2572 4833 Filioque
2599 4765 3115 4819 consubstantialem
3150 4768 3308 4815 deno-

1732 4839 1923 4897 tarent,
1980 4848 2098 4888 esse
2146 4835 2288 4886 illam
2344 4836 2547 4890 Christi
2597 4836 2915 4899 Ecclesiam,
2958 4850 3120 4902 quam
3175 4833 3306 4886 ﬁdes

1730 4903 1887 4955 docet
1930 4919 2050 4959 esse
2099 4904 2435 4957 infallibilem
2494 4922 2507 4958 :
2561 4906 2756 4959 deinde
2806 4904 3218 4959 Maccdonianos
3252 4906 3304 4955 in

1730 4972 1969 5027 Ecclesia
2010 4975 2238 5043 amplius
2268 4992 2369 5028 non
2399 4978 2677 5030 exsistere.
2722 4975 2916 5027 Veium
2955 4975 2999 5027 si
3030 4974 3083 5028 in
3109 4973 3308 5028 Febro-

1731 5044 1891 5113 niana
1920 5046 2122 5110 potius,
2158 5060 2315 5112 quam
2362 5046 2413 5097 in
2451 5046 2747 5113 theologica
2800 5045 2984 5099 schola
3029 5045 3307 5097 institutus

1730 5111 1937 5175 fuisset,
1965 5114 2105 5165 haud
2135 5111 2246 5169 seio
2284 5131 2349 5167 an
2380 5118 2491 5169 lucc
2523 5111 2887 5170 duo’ﬁdenter
2919 5125 3301 5169 asseverasset.

1729 5180 1924 5257 Quaaro
1971 5184 2114 5237 enim
2166 5199 2229 5238 ex
2284 5196 2572 5254 personato
2615 5186 2705 5238 illo
2738 5185 3122 5257 jurisc0usulto
3154 5182 3303 5257 [nam

1728 5269 1793 5325 eo
1816 5254 1927 5321 jam
1957 5264 2172 5307 ventum
2204 5266 2308 5319 est,
2349 5265 2405 5307 ut
2436 5258 2500 5310 de
2530 5257 2842 5325 theologicis
2890 5258 3048 5311 rebus
3080 5254 3307 5324 jufispe-

1731 5324 1864 5398 r_i_tos
1896 5325 2197 5398 consulere,
2227 5337 2279 5379 et
2307 5342 2425 5394 qua:
2460 5344 2522 5381 ex
2562 5324 2825 5398 theologis
2852 5327 3178 5394 accepimus,
3212 5331 3305 5398 de—

1732 5395 1940 5449 discere
1960 5411 2053 5446 nos
2076 5396 2268 5450 debere
2290 5400 2618 5451 contendant
2644 5395 2766 5452 novi
2790 5398 2878 5451 isti
2901 5396 3301 5465 jurisconsulti,

1732 5474 1790 5537 ut
1830 5480 1893 5518 ea
1951 5466 2240 5537 discamus,
2290 5484 2408 5535 quae
2452 5468 2554 5532 ip~i
2604 5483 2702 5522 nos
2740 5466 3041 5537 dedoccut]
3090 5480 3297 5534 quacro.

1731 5536 1975 5607 inquam,
2004 5551 2069 5589 ex
2101 5546 2172 5599 te,
2206 5536 2418 5590 Justine
2444 5537 2703 5602 Febroni,
2734 5552 2975 5607 quonam
3004 5536 3160 5607 modo
3187 5537 3303 5587 ha-c

1732 5606 1837 5659 duo
1874 5620 1997 5678 vera
2048 5610 2331 5661 ostendere
2378 5608 2634 5678 Didymus
2684 5606 2984 5678 potuisset?
3023 5606 3303 5678 An_ex_eo

1732 5678 1874 5743 quod
1900 5677 2173 5731 Romanus
2201 5673 2502 5747 episcopus.
2530 5685 2621 5731 aut
2648 5673 2886 5732 Romana
2917 5673 3303 5747 Ecclesia__Ec-

1733 5748 2016 5802 clesiarum
2068 5744 2305 5804 omnium
2367 5744 2625 5820 magistra
2674 5747 3110 5803 Macedonianam
3156 5744 3299 5798 illam
