3688 6304
134 258 211 314 553
592 314 607 319 ,

132 369 228 426 αὐτὸ
248 364 378 436 φύσει
398 342 559 431 ἅγιον,
580 360 674 415 καὶ
690 361 766 425 ὡς
788 361 885 433 τὴν
906 364 1081 419 κτίσιν
1108 366 1329 435 ἁγιάζον
1354 380 1368 394 ⁸
1397 365 1606 435 ἄφθαρ·
1636 376 1679 427 Λ

129 478 209 517 τον.
238 454 421 522 ἀγαθὸν,
456 450 688 521 ἀγάπην,
724 452 947 521 σοφίαν,·
976 453 1210 517 σύνεσιν,
1262 455 1338 517 ὡς
1381 454 1475 507 καὶ
1516 452 1609 505 τὸν

128 550 225 603 Θεὸν
263 543 696 616 προσηγόρευσεν·
740 545 985 615 δύναμιν,
1035 546 1126 614 ἀφ’
1177 539 1251 599 ὧν
1293 546 1606 614 ὲνδυναμοϊ·

126 643 298 699 δίκαιον,
327 636 407 705 ἀφ’
435 629 503 688 ὧν
524 634 740 700 δικαιοῖ,
772 637 1283 707 αὐτοαναμάρτητον
1319 637 1562 707 ὑπάρχον
1590 654 1606 668 ·

127 728 423 800 Παράκλητον,
468 728 540 791 ὡς
574 729 668 782 καὶ
710 729 801 783 τὸν
845 729 1003 783 Υίόν*
1049 730 1179 800 πῦρ,
1228 731 1319 799 ἀφ’
1351 727 1426 783 ὧν
1453 729 1605 802 ὤφθη

124 830 204 888 τοῖς
223 821 495 883 ἀποστόλοις
534 822 785 893 πυρίναις
823 821 1115 889 γλώσσαις,
1166 823 1308 877 καθὰ
1352 824 1480 895 περὶ
1510 823 1606 894 μὲν

123 917 189 970 τοῦ
229 913 404 983 Πατρὸς
448 911 590 980 λέγει
650 914 887 984 Μωῦσῆς
912 929 925 942 ·
965 932 984 964 ι
1035 912 1092 967 Ὀ
1127 913 1259 977 Θεὸς
1307 914 1464 983 ἡμῶν
1496 914 1605 985 πῦρ

122 1005 463 1061 καταναλίσκον·
502 1022 520 1054 ι
561 1004 688 1072 περὶ
730 1003 787 1056 δὲ
823 1002 915 1055 τοῦ
955 1001 1082 1056 Υἱοῦ
1127 1002 1412 1074 Ἰωάννης·
1447 1023 1467 1055 ι
1500 1004 1608 1056 Αὐ-

122 1102 184 1164 τὸς
204 1100 319 1168 ὑμᾶς
344 1096 580 1166 βαπτίσει
608 1098 665 1151 ὲν
693 1096 969 1168 Πνεύματι
998 1095 1136 1167 ἁγίῳ
1161 1097 1255 1149 καὶ
1281 1094 1437 1167 πυρίο
1467 1115 1486 1149 ι
1514 1098 1607 1151 καὶ

119 1190 191 1243 ὃσα
205 1187 408 1241 τοιαῦτα.

166 1452 267 1505 KA'.
305 1449 360 1502 Ἡ
383 1446 552 1509 κτίσις
578 1447 727 1500 οὐδὲν
758 1447 868 1518 ἔχει
915 1448 973 1502 ὲν
1018 1449 1114 1519 μιᾷ
1147 1447 1458 1512 ὑποστάσει,
1488 1446 1603 1517 ἦτοι

118 1542 248 1596 ὲνένὶ
287 1539 561 1609 προσώπῳ.
612 1538 875 1609 ὑπάρχον.
929 1540 1037 1593 Καὶ
1084 1539 1190 1610 γὰρ
1243 1538 1463 1608 ἄγγελοι
1510 1538 1604 1591 καὶ

117 1630 372 1701 ἀρχάγγελοι
404 1628 581 1681 πολλοί
608 1646 622 1660 ο
659 1629 726 1682 τὰ
761 1630 999 1701 σεραφὶμ
1034 1630 1267 1700 ὁμοίωςο
1302 1630 1368 1683 τὰ
1412 1647 1602 1702 χερου-

116 1725 201 1791 Ely,
223 1724 304 1792 οὑχ
336 1721 387 1773 ἓν
420 1719 470 1773 τί
506 1722 676 1785 ἐστιν,
715 1721 880 1793 ἀρχαὶ
912 1722 1005 1775 καὶ
1050 1722 1290 1789 ἐξουσίαι
1340 1722 1603 1793 εἴρηνται,
1639 1718 1681 1772 Β

113 1816 325 1885 δυνάμεις,
354 1813 441 1867 καὶ
472 1812 814 1884 κυριότητες.
854 1815 946 1866 καὶ
971 1814 1169 1884 θρόνοι,
1199 1813 1601 1883 πληθυντικῶς·

113 1908 291 1978 οὐρανοὶ,
317 1906 604 1975 ἄνθρωποι,
628 1906 723 1959 καὶ
753 1906 820 1958 τὰ
842 1905 1001 1959 λοιπὰ
1027 1907 1323 1977 ποιήματα.
1348 1906 1607 1959 Κοινωνεῖ

111 2010 187 2077 γὰρ
214 2006 289 2058 καὶ
320 2004 477 2075 ἥλιος,
514 2004 610 2057 καὶ
644 2001 839 2073 σελήνη
869 2002 945 2072 τῷ
990 2001 1183 2073 πλήθει
1221 2003 1330 2055 τῶν
1367 2004 1604 2074 ἄστρων,

112 2101 156 2167 τῇ
180 2113 227 2147 τε
257 2094 395 2163 φύσει
451 2092 545 2146 καὶ
588 2091 665 2163 τῷ
706 2090 994 2162 πυροειδεῖ,
1027 2089 1103 2152 ὡς
1146 2090 1603 2161 ὲξεργαστικώτε-

112 2206 174 2258 εον
202 2187 274 2260 [79
307 2185 360 2259 b]
392 2189 418 2240 6
451 2185 667 2257 πρῶτος
710 2183 863 2237 τοῦτο
894 2183 1177 2254 περιέσχεν
1221 2182 1396 2250 λόγος.
1436 2182 1510 2235 Τὸ
1548 2182 1605 2234 δὲ

110 2281 219 2347 ἅγιον
241 2279 458 2347 Πνεῦμα,
486 2278 566 2340 ὡς
601 2278 677 2349 μὴ
702 2276 1012 2346 ἐναρίθμιον
1035 2277 1102 2345 τῇ
1132 2275 1326 2340 κτίσει,
1348 2276 1406 2327 ἒν
1432 2275 1524 2328 καὶ
1548 2274 1607 2327 τὸ

110 2375 203 2427 αὐτὸ
219 2368 338 2425 εἶναι
359 2372 423 2425 τὰ
451 2371 609 2439 λόγια
642 2372 773 2442 ἡμῖν
795 2368 1297 2440 προσανεφώνησεν.

155 2553 251 2607 KB'.
288 2552 345 2605 Ἡ
376 2551 550 2613 κτίσις
574 2551 635 2604 οὗ
660 2550 965 2620 γέγραπται
1001 2545 1138 2601 εἶναι
1161 2545 1305 2619 ὕδωρ
1338 2545 1481 2619 ζωῆς
1504 2565 1517 2578 ’
1545 2546 1605 2600 οὐ

108 2642 183 2712 γὰρ
206 2643 281 2710 ἀφ’
309 2643 497 2711 ἑαυτῆς
523 2641 682 2711 ἔσχεν
716 2638 994 2704 ἀειζωῖαν,
1031 2639 1106 2702 ὡς
1150 2640 1179 2691 6
1210 2638 1461 2711 ἀνάρχως
1502 2638 1608 2703 ζῶν

109 2734 218 2795 Θεός.
250 2733 312 2785 Τὸ
340 2733 392 2786 δὲ
416 2733 575 2800 ἅγιον
608 2730 832 2802 Πνεῦμα
859 2730 1014 2783 τοῦτο
1037 2726 1174 2783 εἶναι
1203 2730 1538 2801 εὐφημοῦσιν
1560 2733 1610 2786 ot

108 2826 245 2887 ἐντοῖς
266 2822 762 2895 ὑπογεγραμμένοις
796 2822 1357 2894 μνημονευθησόμενοι
1391 2824 1607 2895 ίεροκή·

107 2931 226 2986 parte;
245 2956 258 2982 ,
290 2915 357 2980 ὡς
388 2918 451 2969 ἐκ
470 2916 576 2985 τῆς
605 2915 871 2968 ἀθανάτου
905 2914 1000 2969 καὶ
1037 2915 1308 2985 φυσιζώου
1342 2916 1611 2987 πατρικῆς

108 3010 238 3078 πηγῆς
262 3009 505 3078 ωμφυῶς
534 3008 981 3080 ἐκπορευόμενον,
1004 3008 1123 3077 οὐχὶ
1142 3009 1476 3078 κτιζόμενον.
1500 3009 1611 3060 Κα-

250 3070 343 3175 γάρ
367 3070 421 3156 έν
444 3070 523 3175 τῷ
552 3070 753 3175 πρώτῳ
782 3070 1005 3172 ε’ῑπομεν
1033 3070 1195 3170 λόγῳ,
1225 3070 1310 3152 ότι
1330 3099 1392 3152 τὸ
1414 3097 1529 3167 φῶς
1547 3098 1606 3151 οὐ
1636 3070 1678 3128 c

105 3197 406 3265 γενεσιουργεῑ
430 3196 528 3267 τὴν
546 3195 742 3249 ἑαυτοῦ
764 3194 953 3263 αὐγὴν.
969 3192 1103 3246 ἀλλὰ
1122 3193 1284 3262 γεννᾷ
1300 3208 1315 3222 ε
1338 3188 1510 3253 οὕτως
1534 3192 1611 3244 ὲν-

106 3283 247 3350 τσῦθα,
285 3287 359 3338 ὅτι
401 3288 433 3356 ἡ
486 3286 642 3355 πηγὴ
702 3284 763 3336 οὐ
813 3285 1182 3353 γενεσιουργεῖ
1228 3280 1288 3335 τὸ
1336 3281 1395 3347 ἐξ
1442 3281 1611 3351 αὐτῆς

106 3375 227 3445 ὕδωρ,
264 3376 365 3429 ἀλλ’
398 3376 835 3449 ἐκπορευόμενον
880 3374 993 3444 ἔχει
1040 3374 1133 3427 καὶ
1165 3372 1470 3445 ὁμοούσιον.
1503 3374 1611 3425 Οὐ-

106 3466 182 3529 δεὶς
212 3467 303 3539 γὰρ
335 3469 424 3521 τοῦ
470 3468 693 3530 ἑαυτοῦ,
742 3468 775 3538 ἢ
822 3465 977 3531 υίοῦ,
1012 3465 1043 3535 ἢ
1083 3464 1419 3535 πνεύματος,
1461 3481 1613 3532 γενε-

108 3560 297 3628 σιουργός
327 3563 499 3613 ἐστιν·
555 3560 677 3613 ἐπεὶ
728 3558 829 3612 οὐκ
866 3558 945 3611 ἔτι
992 3558 1194 3629 πατὴρ,
1226 3557 1349 3610 οὔτε
1395 3556 1613 3626 πνεῦμα

108 3649 221 3717 ἔχων.
266 3651 524 3722 Ἱερεμίας
570 3653 637 3704 ὲκ
684 3650 977 3723 προσώπου
1041 3649 1136 3703 τοῦ
1191 3648 1360 3702 Θεοῦο
1428 3667 1446 3699 ι
1500 3647 1616 3713 Ἐξ-

111 3740 204 3809 ἐπη
239 3742 265 3794 6
298 3743 519 3811 οὐρανὸς
568 3743 664 3795 ἐπὶ
707 3741 902 3813 τούτῳ,
936 3740 1032 3795 καὶ
1062 3740 1279 3812 ἔφριξεν
1311 3738 1401 3792 ἐπὶ
1440 3739 1613 3808 τούτῳ

106 3829 240 3899 ήγῆο
277 3832 349 3883 ὅτι
392 3831 487 3885 δύο
529 3832 625 3885 καὶ
674 3831 888 3901 πονηρὰ
938 3830 1193 3902 εποίησεν
1237 3833 1266 3884 6
1309 3829 1435 3893 λαός
1488 3847 1609 3900 μου.

113 3922 207 3991 Ἐμὲ
230 3924 571 3991 ἐγκατέλιπον
596 3925 779 3995 πηγὴν
809 3923 998 3987 ὓδατος
1028 3924 1250 3989 ζῶντος,
1281 3923 1375 3976 καὶ
1401 3921 1614 3992 ὢρυξαν

109 4010 267 4075 ἑαυτοῖς
291 4014 521 4078 λάκκους
562 4015 1077 4085 συντετριμμένους,
1108 4015 1156 4067 οἳ
1198 4014 1255 4067 οὐ
1296 4012 1614 4083 δυνήσονται

108 4097 210 4169 ὕδωρ
243 4103 491 4172 συνέχειν.
528 4122 546 4154 ι
586 4101 658 4154 Τὸ
694 4104 991 4173 μυστήριον
1033 4104 1060 4153 6
1106 4102 1391 4171 προφήτης
1423 4117 1614 4170 μυστι-

110 4191 187 4255 κῶς
215 4194 486 4249 ἐκτίθεται.
534 4192 704 4249 Εἶπεν
740 4195 847 4266 γὰρ
891 4195 1073 4264 πηγὴν
1124 4193 1216 4246 τὸν
1260 4192 1427 4246 Θεόν’
1472 4190 1613 4261 ὕδωρ

107 4276 144 4328 δὲ
181 4278 268 4341 ζῶν
313 4282 369 4335 τὸ
427 4283 586 4352 ἅγιον
636 4283 881 4355 Πνεῦμα,
927 4284 988 4336 τὸ
1035 4283 1092 4337 ὲν
1138 4285 1203 4352 τῇ
1261 4280 1615 4352 κολυμϐήθρᾳ

1024 247 1110 301 DE
1147 247 1520 303 TRINITATE
1558 247 1760 307 LIBER
1801 246 2188 307 SECUNDUS.

3175 257 3281 315 55S

1709 380 1930 433 regnum
1986 380 2108 419 cum
2144 365 2301 420 Patre
2348 375 2402 420 et
2451 367 2621 432 Filio;
2673 379 2940 435 sanctum,
3000 371 3125 440 quia
3164 373 3284 443 ipso

1710 472 1804 525 per
1832 471 1891 512 se
1916 467 2103 511 natura
2143 468 2363 513 sanctus
2389 468 2495 524 est,
2529 469 2582 514 et
2614 470 2916 516 creaturam
2946 464 3279 533 sanctiﬁcat;

1712 549 2193 618 lncorruplibilem,
2254 550 2477 615 bonum,
2541 551 2882 616 charitatem,
2936 554 3277 622 sapientiam,

1708 640 2138 710 intelligentiam,
2174 644 2313 698 sicut
2343 654 2398 698 et
2437 643 2602 697 Deum
2638 644 2963 712 appellavit;
3002 646 3276 713 virtutem,

1708 746 1773 786 ex
1807 747 1871 787 eo
1899 734 2043 801 quod
2065 734 2300 794 roboret,
2331 748 2396 788 ac
2432 734 2573 787 vires
2611 733 2897 801 largiatur;
2944 733 3170 802 justum,
3210 751 3280 792 ex

1706 838 1771 878 eo
1799 825 1941 893 quod
1962 824 2254 893 justiﬁcet;
2288 824 2688 895 impeccabilem
2725 839 2820 893 per
2867 840 2926 879 se
2980 825 3177 894 ipsum,
3224 837 3281 883 et

1708 914 2074 982 Paracletum,
2108 916 2439 973 sicutetiam
2480 917 2679 971 dicitur
2724 916 2923 982 Filius;
2966 918 3164 987 ignem,
3212 933 3280 974 ex

1706 1022 1770 1063 eo
1808 1010 1951 1077 quod
2006 1008 2263 1077 apostolis
2296 1008 2540 1077 apparuit
2570 1008 2621 1061 in
2661 1007 2855 1077 linguis
2913 1009 3082 1079 igneis
3120 1026 3135 1063 :
3172 1024 3280 1079 qua

1708 1101 1915 1156 ratione
1952 1101 2018 1157 de
2066 1100 2229 1155 Patre
2281 1102 2495 1170 quidem
2541 1101 2616 1154 ait
2652 1102 2869 1155 'Moses:
2907 1119 2925 1152 ι
2982 1103 3120 1157 Deus
3165 1101 3279 1171 (2t)

1706 1197 1890 1243 noster
1920 1190 2059 1260 ignis
2087 1206 2407 1245 consumens
2431 1208 2446 1258 ;
2490 1207 2512 1242 ι
2541 1192 2605 1245 de
2634 1188 2769 1244 Filio
2797 1202 2975 1246 autem
2997 1191 3230 1247 Joannes
3257 1210 3271 1247 :

1711 1296 1729 1329 ι
1763 1278 1879 1348 Ipse
1930 1278 2042 1350 (25)
2101 1295 2195 1334 vos
2281 1280 2574 1348 baptizabit
2633 1281 2685 1335 in
2740 1280 2939 1351 Spiritu
2992 1291 3180 1338 sancto
3225 1291 3283 1337 et

1705 1370 1846 1441 igne.
1882 1388 1902 1421 ι
1937 1372 2001 1424 Ει
2029 1371 2131 1425 alia
2163 1371 2214 1425 id
2253 1386 2440 1441 genus.

1778 1459 1923 1518 XXI.
1958 1460 2218 1516 Creatura
2255 1462 2387 1515 nihil
2422 1461 2583 1517 habet
2620 1463 2671 1516 in
2706 1479 2809 1517 una
2844 1465 3146 1535 hypostasi,
3186 1474 3283 1519 aut

1709 1552 1768 1606 in
1792 1566 1894 1606 una
1925 1568 2148 1621 persona
2182 1555 2467 1612 exsistens.
2501 1553 2629 1608 Nam
2659 1556 2856 1623 angeli,
2896 1566 2949 1611 et
2972 1537 3279 1625 archangeli

1711 1642 1866 1697 multi
1927 1655 2087 1711 sunt;
2142 1646 2413 1715 seraphim
2458 1647 2677 1714 pariter,
2742 1655 2797 1699 et
2852 1647 3127 1702 cherubim
3171 1662 3278 1700 non

1709 1744 1834 1791 sunt
1857 1750 2022 1789 unum
2053 1736 2256 1805 aliquid
2284 1754 2297 1801 ;
2331 1752 2394 1790 ac
2418 1736 2707 1806 plurariter
2744 1737 2873 1792 dicti
2900 1748 3024 1792 sunt
3075 1739 3279 1808 primi-

1710 1836 1888 1896 patus,
1919 1836 1973 1880 et
1997 1835 2314 1895 potestates,
2371 1828 2620 1893 virtutes,
2662 1838 2717 1885 et
2773 1828 3187 1897 dominationes,
3225 1838 3282 1883 et

1710 1919 1918 1983 throni,
1946 1918 2094 1985 cmli,
2123 1919 2389 1984 homines,
2416 1931 2471 1975 et
2510 1920 2627 1973 alia:
2678 1928 2959 1976 creatum.
3011 1920 3141 1974 Nam
3200 1920 3281 1974 sol

1710 2024 1924 2079 quoque
1957 2019 2013 2063 et
2046 2009 2171 2064 luna
2218 2025 2557 2066 communem
2592 2011 2793 2067 habent
2836 2027 2956 2067 cum
3008 2020 3281 2067 astrorum

1711 2098 2055 2154 multitudine
2079 2108 2191 2154 tum
2225 2110 2496 2167 naturam,
2528 2110 2640 2156 tum
2684 2102 2824 2170 ignis
2847 2101 3280 2168 similitudinem,

1711 2190 1850 2245 sicut
1880 2192 2158 2259 operosius
2187 2193 2238 2245 in
2267 2193 2439 2260 primo
2465 2190 2628 2263 λόγῳ,
2668 2207 2762 2247 seu
2807 2206 3059 2249 sermone
3102 2194 3283 2248 disce-

1712 2289 1915 2349 ptatum
1948 2291 2050 2335 est.
2084 2282 2152 2336 At
2179 2281 2435 2350 Spiritum
2462 2291 2730 2345 sanctum,
2757 2298 2877 2337 cum
2902 2284 3043 2338 inter
3070 2295 3283 2339 creatu-

1713 2383 1802 2422 ras
1835 2385 1938 2424 non
1971 2380 2408 2437 connumeretur,
2447 2387 2609 2426 unum
2646 2372 2757 2443 (26)
2789 2382 2843 2429 et
2883 2375 3130 2430 eumdem
3157 2388 3281 2430 esse

1712 2461 1890 2514 divina
1924 2462 2079 2515 nobis
2096 2461 2315 2527 oracula
2354 2462 2788 2520 manifestarunt.

1782 2549 1942 2605 XXII.
2003 2552 2260 2606 Creatura
2314 2552 2367 2607 in
2418 2554 2709 2624 Scripturis
2765 2570 2871 2612 non
2924 2556 3121 2613 dicitur
3162 2571 3282 2613 esse

1713 2658 1850 2712 aqua
1875 2626 2049 2710 'vitrc;
2084 2659 2184 2700 nec
2215 2646 2357 2700 enim
2400 2661 2427 2699 a
2458 2648 2746 2718 semetipsa
2779 2647 2963 2702 habuit
2994 2650 3279 2717 sempiter-

1716 2752 1838 2807 nam
1863 2738 2050 2802 vitam,
2082 2737 2224 2791 sicut
2264 2737 2450 2791 vivens
2467 2738 2533 2793 ab
2558 2746 2761 2794 aeterno
2794 2739 2955 2794 Deus.
3011 2741 3078 2794 At
3107 2740 3281 2812 Spiri-

1717 2836 1827 2880 tum
1892 2835 2137 2882 sanctum
2173 2826 2333 2881 talem
2368 2842 2488 2883 esse
2519 2828 2793 2884 afﬁrmant
2817 2830 2955 2883 sacri
3005 2844 3280 2899 praecones

1715 2916 1854 2971 intra
1884 2918 2361 2983 commemorandi,
2393 2932 2456 2972 eo
2486 2919 2627 2988 quod
2667 2933 2731 2973 ex
2765 2920 3076 2985 immortali,
3112 2931 3166 2976 et
3198 2922 3281 2975 vi-

1714 3006 1873 3062 vilico
1904 3014 2127 3076 paterno
2160 3007 2309 3062 fonte
2360 3007 2785 3063 connaturaliter
2842 3010 3115 3075 procedat,
3148 3010 3280 3078 quin

1711 3107 1943 3154 creetur.
1972 3098 2431 3166 Quemadmodum
2459 3100 2604 3153 enim
2628 3098 2738 3163 lux,
2761 3110 2821 3153 ut
2840 3100 2893 3153 in
2922 3099 3095 3169 primo
3113 3099 3279 3172 λόγῳ,

1710 3204 1805 3244 seu
1835 3203 2084 3245 sermone
2104 3190 2359 3254 diximus,
2389 3199 2590 3245 nonest
2610 3204 2772 3245 causa
2804 3190 3172 3260 productionis
3195 3192 3280 3247 sui

1715 3282 1872 3352 177
1904 3281 2225 3351 splendoris,
2253 3282 2348 3337 sed
2373 3296 2495 3336 eum
2526 3290 2777 3352 generat;
2811 3282 2883 3335 ita
2915 3280 3034 3335 fons
3065 3296 3169 3335 non
3198 3292 3283 3336 est

1711 3387 1873 3427 causa
1912 3371 2216 3440 producens
2240 3387 2459 3441 aquam,
2490 3388 2609 3443 qua!
2655 3387 2722 3427 ex
2772 3374 2889 3442 ipso
2947 3382 3150 3438 manat,
3177 3374 3273 3427 sed

1713 3465 1856 3520 illam
1920 3464 2086 3520 habet
2145 3479 2211 3519 ex
2267 3480 2326 3519 se
2380 3467 2758 3535 procedentem
2818 3478 2873 3521 et
2917 3470 3278 3522 consubstan-

1715 3556 1919 3612 tialem.
1955 3555 2122 3611 Nemo
2143 3558 2288 3611 enim
2324 3568 2408 3612 est
2446 3572 2607 3611 causa
2640 3557 3005 3627 productionis
3031 3558 3112 3612 sui
3142 3558 3273 3621 lilii,

1652 3642 1655 3645 ’
1713 3656 1806 3702 aut
1839 3648 1919 3703 sui
1949 3648 2195 3718 spiritus:
2217 3648 2450 3715 alioquin
2482 3649 2659 3710 nullus
2690 3651 2919 3721 amplius
2939 3658 3080 3706 esset
3102 3658 3275 3717 pater,

1713 3755 1870 3795 nemo
1897 3741 2119 3795 haberet
2151 3740 2421 3810 spiritum.
2461 3739 2723 3795 Jeremias
2765 3756 2829 3796 ex
2870 3755 3093 3811 persona
3134 3739 3274 3795 Dei:

1719 3850 1738 3884 ι
1773 3830 2062 3899 Obstupuit
2090 3831 2202 3902 (27)
2241 3833 2438 3887 coelum
2494 3833 2546 3885 in
2596 3832 2717 3896 hoc,
2756 3840 2812 3886 et
2839 3832 3047 3887 horruit
3086 3831 3138 3885 in
3179 3831 3282 3886 hoc

1718 3932 1860 3978 terra
1904 3942 1917 3977 :
1954 3924 2207 3992 quoniam
2250 3923 2378 3989 duo,
2406 3932 2460 3977 et
2486 3921 2621 3975 mala
2651 3922 2779 3976 fecit
2804 3921 3033 3992 populus
3071 3936 3224 3976 meus
3256 3939 3273 3977 :

1718 4030 1804 4070 me
1870 4014 2279 4084 dereliqueruut
2316 4015 2517 4068 fontem
2548 4027 2701 4083 aqua:
2733 4015 2900 4077 vivae,
2942 4022 2996 4069 et
3032 4013 3282 4068 foderunt

1716 4108 1817 4162 sibi
1858 4108 2125 4163 cisternas
2152 4109 2439 4171 contritas,
2481 4124 2600 4178 qtue
2644 4123 2748 4162 non
2785 4117 3036 4178 poterunt
3083 4121 3280 4176 aquam

1715 4198 2012 4253 continere.
2049 4217 2069 4251 ι
2103 4197 2419 4268 Mysterium
2458 4198 2717 4267 propheta
2748 4198 2975 4268 mystice
3024 4196 3278 4263 exponit.

1718 4288 1862 4343 Dixit
1913 4290 2056 4343 enim
2103 4289 2344 4353 fontem,
2389 4288 2551 4344 Deum
2592 4308 2606 4343 ι
2646 4304 2838 4358 aquam
2885 4301 3014 4342 vero
3064 4286 3281 4346 vivam,

110 4369 240 4433 πάσας
271 4374 412 4443 ἡμῶν
451 4376 783 4447 ὲκκαθαῖρον
822 4375 924 4437 τὰς
973 4366 1267 4445 ἁμαρτίας,
1303 4372 1365 4426 τὸ
1394 4373 1609 4426 διασπα-

1782 4382 1978 4438 ιίτίιιιιιι
2035 4388 2283 4435 sanctum
2328 4379 2463 4451 (28),
2497 4380 2589 4449 qui
2637 4378 2819 4434 omnia
2846 4385 3064 4448 peccata
3099 4388 3282 4431 nOStra

110 4459 250 4531 σθῆναι
277 4469 336 4536 τῇ
372 4466 532 4537 φύσει
567 4468 665 4537 τῆς
708 4469 905 4538 νοητῆς
945 4467 1129 4538 πηγῆς
1184 4467 1256 4537 μὴ
1300 4466 1614 4536 δυνάμενον,

110 4551 161 4614 ὡς
198 4557 372 4611 καὶτὸ
421 4562 487 4613 ὲκ
545 4559 737 4631 πηγῶν
791 4558 1028 4631 ῥεῖθρον.
1092 4557 1320 4621 Ἡσαΐας
1378 4558 1611 4629 ὁμοίως·

114 4657 128 4689 t
173 4643 283 4713 Ἐγὼ
317 4646 469 4704 δώσω
510 4649 658 4719 ὕδωρ
706 4651 765 4703 ὲν
800 4648 930 4721 δίψῃ
972 4650 1085 4713 τοῖς
1133 4648 1517 4719 πορευομένοις
1559 4650 1616 4702 ἐν

162 4846 246 4921 (3!)
281 4849 429 4921 Deus.
460 4853 621 4907 Deut.
672 4867 745 4915 tv,
783 4852 874 4908 24.
918 4851 1084 4905 Biblia
1117 4870 1131 4906 :
1163 4865 1277 4913 σου,
1314 4866 1409 4921 pro
1433 4849 1608 4921 ὑμῶν.

162 4918 249 4989 ('15)
281 4920 409 4985 Ipse.
441 4922 631 4978 Matth.
660 4937 741 4987 ιιι,
774 4923 858 4989 ιι,
910 4925 1022 4977 haec
1057 4934 1290 4986 exsmnt,
1318 4918 1439 4974 'nou
1474 4918 1611 4975 vero

116 4989 211 5053 ιμιά
232 4987 489 5047 Joannem.

163 5058 250 5123 (.26)
285 5059 466 5116 Unum.
501 5064 677 5118 Simili
709 5064 917 5118 ratione
963 5061 1277 5116 Ambrosius
1323 5059 1418 5113 lih.
1463 5076 1494 5113 v
1537 5060 1613 5114 De

118 5124 202 5203 βάς,
223 5144 321 5203 cap.
340 5131 404 5186 2:
431 5152 450 5183 ‹
476 5134 552 5188 De
582 5136 747 5199 ιιιιΙΙο,
780 5134 971 5201 inquit,
998 5133 1086 5203 qui
1111 5142 1326 5203 creatus
1356 5141 1458 5196 est,
1487 5145 1611 5199 pro-

119 5199 297 5272 Pilejdici
327 5214 517 5269 potest,
558 5206 680 5272 quia
705 5199 969 5259 solus—est.
1012 5202 1146 5255 Nam
1179 5201 1262 5254 cui
1295 5199 1434 5272 inest
1458 5216 1609 5255 com-

120 5270 296 5343 munitas
314 5270 592 5337 creaturm,
617 5274 1064 5343 quemadmodum
1093 5274 1243 5342 quasi
1272 5271 1417 5329 solus
1441 5282 1615 5341 potest

120 5343 141 5379 ³
161 5340 327 5411 ceteris
346 5357 529 5411 separa
540 5345 618 5397 ri?
635 5340 659 5395 ἰ
705 5344 770 5398 Ει
795 5344 1016 5411 reliqua.

168 5402 254 5480 (εἶ)
294 5402 582 5480 Obstupuit.
628 5415 825 5469 Jeretu.
880 5402 948 5474 ιί,
994 5412 1060 5465 l2
1104 5421 1159 5465 et
1216 5411 1300 5465 1'5.
1355 5409 1612 5478 Complu-

282 5475 494 5554 etlit-ior
522 5482 742 5554 Ἐξέστη
793 5484 821 5535 6
867 5483 1093 5554 οὐρανὸς
1143 5481 1260 5554 erit;
1288 5480 1465 5554 τοῦτο,
1492 5475 1614 5554 ’καὶ

122 5537 284 5663 ξριξῖτν
310 5549 395 5601 ἐπὶ
444 5537 643 5620 πλεῖον,
673 5537 817 5622 λέγει
850 5537 1090 5621 Κύριοςί
1118 5553 1198 5605 ὅτι
1243 5550 1334 5604 δύο
1380 5537 1609 5621 πονηρά,

186 5626 227 5663 re
247 5632 370 5663 ulna-

186 5626 371 5685 (ecqua.

173 5679 758 5758 (23)'Aquam....vivam
811 5693 1065 5761 Spiritum
1108 5702 1367 5747 sanctum.
1410 5691 1609 5746 Eodem

374 5786 644 5852 Ρηιιοι..
688 5791 801 5854 Gtt.
852 5789 1152 5857 XXXIX.

1720 4473 1973 4527 cmundat
2005 4474 2057 4526 in
2103 4472 2344 4542 piscina,
2397 4473 2601 4542 quique
2646 4480 2837 4526 natura
2896 4468 3122 4523 distrahi
3175 4483 3281 4522 non

1723 4575 1900 4632 potest
1955 4565 2021 4621 ab
2078 4564 2397 4634 intelligihili
2436 4565 2584 4620 fonte
2645 4564 2787 4619 sicut
2843 4576 2910 4616 ne
2960 4562 3107 4615 rivus
3158 4558 3283 4628 qui-

1723 4655 1843 4708 dem
1890 4668 1920 4707 a
1955 4653 2210 4709 fontibus.
2241 4652 2408 4708 Isaias
2458 4652 2707 4708 similiter
2745 4669 2757 4706 :
2794 4669 2812 4702 ι
2841 4651 2949 4721 Ego
2982 4649 3119 4704 dabo
3163 4645 3279 4717 (29)

1723 4853 1879 4907 modo
1924 4851 2170 4907 Ieremia:
2214 4854 2391 4907 locum
2437 4853 2670 4920 explicat
2719 4850 2973 4919 Didymus
3020 4848 3075 4901 in
3127 4861 3280 4901 com-

1723 4934 1887 4976 ment.
1930 4925 1983 4977 in
2032 4922 2272 4976 Ρεαίηιοε
2317 4926 2382 4977 ad
2422 4938 2560 4976 vers.
2588 4922 2624 4974 2
2665 4920 2853 4989 psalmi
2907 4933 3117 4989 rsxrx,
3155 4931 3279 4989 pag.

1723 4991 1827 5074 745
1858 5002 2075 5074 fatente:
2110 4995 2195 5045 ubi
2228 4995 2353 5074 ait:
2387 4986 2879 5074 Τῆς-ςωῇςνοητὸν
2910 4986 3074 5074 ρδρρ,
3099 4986 3285 5074 δηλον-

1718 5061 1799 5115 ότι
1831 5062 1893 5149 το
1928 5062 2153 5151 Πνεῦμα
2190 5065 2261 5151 τὺὶ
2285 5057 2467 5151 artati;—
2491 5057 2633 5129 tb‘qsl.
2659 5057 2879 5151 γὰρ
2906 5057 2993 5109 διὰ
3020 5057 3283 5151 Ἠερεμίου

1719 5134 1998 5203 προφήτου
2017 5149 2030 5163 ’
2057 5125 2086 5183 ι’
2099 5132 2225 5202 Ἐμὲ
2244 5125 2593 5199 ἐγκατέλιπον
2611 5125 2789 5199 πηγὴν
2813 5128 3001 5189 ὓδατος
3022 5125 3241 5192 ζῶντος,
3258 5144 3279 5177 ι

1721 5203 1772 5255 iu
1807 5214 1908 5267 est,
1946 5221 1964 5253 ι
1994 5203 2145 5270 Aqua
2184 5203 2325 5262 vitae,
2359 5200 2583 5269 spiritali
2625 5216 2784 5253 sensu
2815 5198 3081 5270 Iaccepta;
3130 5197 3283 5270 vide-

1719 5272 1849 5326 licet
1894 5266 2128 5339 Spiritus
2177 5266 2417 5325 sanctus.
2448 5270 2536 5322 Ait
2571 5271 2710 5322 enim
2762 5266 3279 5335 et'per'Jcremiam

1720 5344 2094 5409 prophetam:
2169 5358 2188 5392 ι
2226 5340 2310 5395 ille
2384 5340 2787 5409 dereliquerunt
2848 5339 3047 5393 fontem
3131 5350 3283 5404 aqua:

1724 5429 1742 5462 (
1786 5427 1936 5465 VIVIB.
1960 5431 1980 5462 ι

1788 5481 1900 5551 (29)
1947 5480 2055 5549 Ego
2089 5481 2243 5551 dabo.
2276 5481 2378 5536 Isa.
2401 5497 2545 5547 κων,
2569 5481 2602 5534 5
2621 5490 2675 5534 et
2698 5480 2752 5533 4.
2775 5477 2959 5533 Graeca
2985 5469 3284 5551 εύῐιίοεὼς

1716 5541 1819 5605 ἀνά
1874 5541 2034 5621 μέσον
2084 5550 2272 5623 ὕδατος
2345 5541 2554 5623 χόρτος.
2603 5551 2738 5605 Tum
2792 5563 2891 5617 pro
2945 5541 3279 5615 παραρρέον,

1718 5624 1874 5678 habet
1900 5622 2005 5675 πᾶν
2040 5621 2179 5690 ῥέον.
2348 5621 2377 5622 ﬂ
2413 5621 2422 5623 “
2698 5632 2711 5637 ”

2896 5777 2967 5838 18
