3688 6302
370 246 475 302 555

1603 238 1838 293 DIDYMI
1877 236 2344 291 ALEXANDRINI
3483 246 3568 300 556

370 372 563 427 aquam
597 357 649 409 iu
678 357 763 410 siti
793 355 1190 409 ambulantibus
1222 354 1273 406 in
1296 353 1476 416 sict‘o;
1509 352 1778 420 imponam
1814 349 1928 418 Spi-

2102 347 2285 418 μύδρῳο
2334 348 2579 417 ἐπιθήσω
2611 346 2671 397 τὸ
2715 345 2940 416 Πνεῦμα
2997 364 3097 417 μου
3151 348 3241 401 ἐπὶ
3284 350 3343 401 τὸ
3382 351 3572 422 σπέρμα

370 451 533 503 ritum
560 464 735 502 meum
782 464 945 517 super
976 463 1159 503 semen
1203 456 1373 509 tinum.
1431 455 1485 499 et
1536 446 1938 498 benedic1iones

370 556 519 595 ineas
569 556 732 610 super
792 540 933 595 ﬁlios
991 552 1111 594 tuos
1149 557 1161 593 :
1202 551 1256 594 et
1295 539 1607 592 exorientur
1658 536 1709 589 in
1763 534 1938 588 medio

369 641 541 695 aqum,
586 627 727 681 sicut
779 627 984 693 herba,
1036 638 1090 681 et
1144 628 1287 681 sicut
1334 626 1467 679 salix
1517 639 1682 693 super
1711 631 1938 693 printer-

367 717 619 772 ﬂuentem
687 733 903 786 aquam.
975 740 994 772 ι
1053 719 1151 773 llic
1208 733 1427 787 quoque
1488 717 1636 771 locus
1679 731 1935 770 arcanum

368 826 589 865 sensum
630 812 895 876 continet,
937 820 1098 881 atque
1138 810 1485 880 allegoricam
1523 808 1933 876 explicationem

370 900 551 956 habet.
591 900 721 953 Nam
757 901 862 966 bis,
891 901 1086 972 inquit,
1115 904 1203 969 qui
1236 901 1560 969 baptismum
1592 899 1703 969 (50)
1766 899 1929 968 igno-

370 1001 493 1046 rant
529 992 756 1061 ideoque
798 991 851 1045 in
894 992 1039 1047 sicco
1089 990 1387 1054 ambulant,
1437 1008 1455 1040 ι
1510 991 1777 1059 imponam
1812 987 1935 1057 Spi-

367 1084 528 1135 ritum
560 1097 738 1137 meum
765 1122 781 1148 ,
820 1101 838 1133 ι
866 1082 955 1151 qui
986 1081 1199 1136 eIIicere
1226 1089 1425 1149 potest,
1455 1092 1513 1133 ut
1549 1095 1644 1149 per
1666 1080 1932 1149 piscinam

366 1171 718 1227 reﬂorescant
751 1172 892 1228 sicut
922 1172 1116 1242 plantat
1154 1171 1455 1241 aquaticus,
1489 1180 1544 1224 et
1579 1188 1598 1221 ι
1636 1170 1776 1225 sicut
1816 1169 1930 1240 (3i)

368 1265 594 1335 lignum,
628 1267 1095 1337 quodplantatum
1132 1274 1213 1321 est
1248 1281 1404 1320 secus
1449 1267 1712 1320 decursus
1764 1281 1931 1332 aqua-

369 1373 511 1421 rum,
552 1361 692 1427 quod
716 1357 950 1414 fructum
988 1374 1142 1413 suum
1176 1359 1325 1413 dabit
1360 1360 1412 1413 in
1448 1367 1691 1429 tempore
1735 1374 1852 1425 suo,
1880 1366 1934 1412 et

366 1448 551 1503 folium
586 1450 703 1520 ejus
730 1466 835 1505 non
871 1449 1087 1505 deﬂuet.
1127 1469 1145 1502 ι
1173 1449 1255 1503 Ἐι
1288 1466 1446 1505 sacer
1468 1450 1678 1505 Psaltes
1715 1451 1767 1505 id
1791 1452 1932 1519 quod

370 1554 427 1592 re
458 1555 647 1593 verum
678 1549 802 1604 est,
848 1540 1027 1593 verbis
1074 1540 1360 1593 obscurum
1417 1540 1816 1606 quodammodo
1865 1555 1929 1595 ex

364 1633 689 1687 necessitate
746 1633 995 1697 Iaciens,
1057 1631 1108 1685 in
1164 1649 1310 1686 xxxv
1376 1634 1586 1701 psalmo
1648 1635 1930 1691 concinit:

2043 458 2156 505 σου,
2208 441 2299 492 καὶ
2348 440 2446 502 τὰς
2496 439 2739 506 εὐλογίας
2792 458 2894 509 μου
2936 441 3027 492 ἐπὶ
3060 441 3128 493 τὰ
3160 441 3322 496 τέκνα
3359 450 3573 501 σουσιια)⁸

2039 532 2387 585 ἀνατελοῦσιν
2420 532 2521 584 ἀνὰ
2573 532 2736 601 μέσον
2786 531 2997 595 ὓδατος,
3038 532 3114 595 ὡς
3145 533 3353 603 χόρτος,
3388 536 3475 587 καὶ
3512 537 3573 600 ὡς

2043 622 2157 675 ίτέα
2193 624 2284 675 ἐπὶ
2319 622 2631 695 παραρρέον
2664 622 2827 694 ὕδωρ.
2868 642 2886 675 ι
2920 626 3029 677 Καὶ
3058 623 3217 677 τοῦτο
3246 625 3333 678 διὰ
3359 629 3574 697 κρυφίων

2038 714 2150 784 ἔχει
2183 715 2381 785 νοητὴν
2430 715 2715 785 διαίρεσιν.
2759 716 2883 777 Τοῖς
2925 716 3034 788 γὰρ
3075 720 3132 769 ἐν
3164 718 3372 789 ἀγνοίᾳ,
3418 721 3573 789 φησὶν,

2037 804 2145 875 [80
2171 824 2200 857 (ι
2222 805 2241 877 ]
2264 805 2621 875 τυγχάνουσιν
2652 805 2745 857 τοῦ
2805 806 3198 878 βαπτίσματος,
3228 811 3321 861 καὶ
3344 809 3426 862 διὰ
3445 810 3576 864 τοῦτο

2037 899 2421 969 πορευομένοις
2441 900 2498 951 ἐν
2520 898 2753 969 ἀνύδρῳ,
2782 917 2800 950 ι
2832 900 3077 971 ἐπιθήσω
3097 901 3158 953 τὸ
3185 901 3404 971 Πνεῦμά
3430 919 3536 971 μου,
3556 924 3570 953 i

2035 991 2096 1043 τὸ
2149 992 2371 1061 ποιῆσαι
2410 992 2710 1061 δυνάμενον
2760 994 2858 1063 τὴν
2910 992 3296 1064 κολυμϐήθραν
3340 994 3574 1064 suam:

2036 1085 2250 1148 αὐτοὺς,
2270 1086 2346 1148 ὡς
2373 1084 2441 1137 τά
2467 1084 2697 1155 φίλυδρα
2725 1084 2834 1137 τῶν
2872 1085 3072 1154 φυτῶν,
3100 1086 3195 1138 καὶ
3223 1105 3239 1136 ι
3266 1086 3343 1147 ὡς
3360 1086 3419 1137 τὸ
3446 1086 3575 1151 ξύλον

2035 1176 2094 1229 τὸ
2126 1177 2530 1247 πεφυτευμένον
2566 1176 2716 1248 παρὰ
2743 1176 2841 1239 τὰς
2872 1176 3134 1241 διεξόδους
3166 1177 3276 1230 τῶν
3308 1178 3578 1232 ὑδάτων·ὂ

2034 1266 2125 1318 τὸν
2182 1265 2389 1336 καρπὸν
2427 1264 2592 1318 αὑτοῦ
2644 1264 2805 1318 δώσει
2853 1268 2910 1317 ἐν
2964 1265 3140 1337 καιρῴ
3186 1266 3374 1329 αὑτοῦ,
3418 1270 3499 1320 καὶ
3530 1270 3577 1321 τὸ

2036 1354 2231 1423 φύλλον
2251 1354 2412 1407 αὑτοῦ
2434 1354 2534 1407 οὐκ
2563 1354 2987 1427 ἁπορρυὴσεται.
3022 1375 3040 1406 ι
3067 1356 3174 1408 Καὶ
3201 1358 3229 1408 6
3263 1355 3576 1426 ἱεροψάλτης,

2033 1447 2094 1498 τὸ
2127 1445 2325 1515 ἀληθὲς
2357 1444 2434 1515 τῷ
2462 1445 2747 1516 πράγματι
2774 1446 2977 1514 ἀφανές
3009 1463 3124 1510 πως
3158 1445 3234 1516 τῷ
3260 1446 3401 1516 λόγῳ
3431 1447 3510 1499 διὰ
3531 1450 3578 1499 τὸ

2035 1538 2330 1604 ἀναγκαῖον
2383 1538 2577 1601 ποιῶν,
2633 1538 2956 1606 ἁναμέλπει,
3008 1540 3066 1590 ἐν
3123 1538 3221 1608 μὲν
3274 1537 3348 1591 λε’
3387 1537 3574 1610 ψαλμῷο

2040 1648 2057 1679 ι
2097 1631 2217 1681 ’Ότι
2253 1630 2404 1700 παρὰ
2439 1631 2520 1682 σοὶ¹
2551 1630 2698 1701 πηγὴ
2740 1629 2920 1698 ζωῆςο
2960 1650 2979 1682 ι
3013 1631 3071 1682 ἐν
3115 1630 3169 1682 δέ
3213 1630 3373 1701 ρμζ”
3401 1632 3440 1701 ί(
3482 1633 3579 1697 Ἐξ-

373 1745 389 1776 (
440 1727 706 1791 Quoniam
741 1725 854 1795 (52)
887 1726 1024 1794 apud
1080 1737 1131 1780 te
1166 1736 1247 1779 est
1276 1725 1393 1780 fons
1424 1727 1582 1791 vitae;
1621 1745 1638 1777 ι
1674 1729 1724 1779 in
1756 1741 1928 1781 εχιτ-ιι

2102 1720 2320 1771 εοστελεί
2356 1721 2443 1773 τὸν
2472 1721 2641 1788 Λόγον
2675 1721 2861 1784 αὐτοῦ,
2897 1723 2991 1773 καὶ
3023 1721 3171 1792 τήξει
3204 1723 3371 1775 αὐτά·
3392 1724 3578 1775 πνεύσει

367 1830 546 1873 autem
572 1841 583 1873 :
615 1838 635 1869 ι
666 1817 885 1873 Emittet
919 1817 1029 1887 (55)
1065 1818 1295 1872 Verbum
1326 1832 1501 1881 suum,
1532 1826 1585 1869 et
1632 1816 1935 1883 quuel‘acict

363 1925 424 1961 ea
484 1927 495 1962 :
539 1908 686 1963 ﬂabit
726 1908 981 1976 Spiritus
1039 1909 1195 1975 ejus,
1269 1917 1322 1960 ct
1376 1905 1539 1960 ﬂuent
1586 1921 1767 1973 aqum,
1830 1921 1937 1959 rna-

364 2018 522 2069 gnam
560 2000 833 2055 civitatem
874 1999 986 2070 (54)
1023 1999 1112 2053 Dei
1173 1998 1508 2052 Izetiticantes
1542 2014 1557 2051 :
1607 2018 1625 2049 ι
1659 1999 1781 2053 Ιιιοο
1834 2013 1932 2051 an-

364 2104 470 2146 tem
508 2102 590 2147 est
618 2100 729 2146 tota
769 2102 931 2146 terra.
968 2090 1036 2145 Ut
1062 2091 1205 2144 enim
1239 2090 1316 2143 sic
1347 2088 1559 2155 loquar,
1593 2090 1732 2158 quod
1762 2088 1932 2143 homi-

365 2184 517 2237 nibus
531 2195 613 2237 est
638 2196 969 2252 unaquceque
983 2183 1191 2246 civitas,
1209 2182 1309 2237 hoc
1324 2182 1436 2249 (55)
1450 2180 1823 2245 Omnipotenti
1850 2191 1932 2237 est

364 2284 526 2324 terra.
544 2271 750 2325 Barncli
780 2272 1027 2339 populum
1051 2271 1378 2341 deﬂens,qui
1406 2272 1456 2324 in
1480 2271 1640 2340 178
1658 2281 1795 2324 terra
1819 2280 1935 2326 erat

364 2362 736 2419 Cbaltlteorum
790 2364 1048 2434 Spiritum
1100 2373 1346 2417 sanctum
1408 2379 1513 2417 non
1594 2364 1931 2425 habentium,

370 2456 565 2509 clamat
594 2476 607 2510 :
649 2476 665 2508 ι
699 2457 838 2524 Quid
877 2457 971 2512 tibi
1005 2455 1115 2527 (56)
1150 2466 1253 2521 est,
1284 2456 1492 2511 Israel?
1529 2458 1670 2525 quod
1704 2458 1754 2510 in
1793 2466 1932 2510 terra

365 2547 705 2602 inimicorum
736 2563 817 2613 es,
882 2547 1195 2602 iuveterasti
1250 2547 1303 2601 in
1360 2557 1507 2601 terra
1540 2547 1753 2610 alienat,
1787 2547 1937 2601 coin-

365 2638 624 2705 qu‘inatus
659 2652 865 2693 esvcum
907 2639 1169 2701 mortuis,
1223 2646 1501 2707 reputatus
1537 2652 1596 2692 es
1646 2652 1768 2691 cum
1825 2636 1932 2701 his,

363 2728 455 2794 qui
489 2737 614 2781 sunt
668 2730 719 2781 in
769 2728 980 2783 inferno
1011 2746 1042 2795 ,ε
1077 2727 1410 2796 dereliquisti
1463 2728 1662 2781 Iontem
1710 2727 1936 2795 Sapien-

365 2817 569 2870 tia::ln
600 2818 679 2871 via
710 2817 801 2872 Dei
848 2819 891 2872 si
937 2818 1291 2879 ambulasses,
1353 2817 1654 2872 habitasses
1701 2817 1751 2871 in
1806 2831 1936 2885 pace

363 2909 619 2963 szccuinm
686 2919 912 2978 tempus.
981 2929 1000 2963 ι
1052 2909 1217 2963 Porro
1288 2911 1491 2963 fontem
1533 2910 1661 2962 dicit
1714 2909 1933 2975 Deum;

365 3002 700 3069 Sapientiam
736 3001 994 3072 Spiritum
1032 3011 1300 3054 sanctum.
1333 3000 1568 3055 Joannes
1603 3016 1667 3055 ex
1701 3016 1929 3070 persona

364 3068 486 3144 Filii
531 3092 598 3144 ad
631 3068 1030 3146 Samaritanam
1059 3110 1070 3144 :
1101 3108 1120 3141 ι
1163 3090 1217 3145 Si
1244 3090 1415 3145 scires
1446 3089 1557 3161 (37)
1585 3068 1782 3145 donum
1808 3090 1927 3153 Dei,
1960 3068 2004 3128 (ἶ

362 3192 418 3235 et
454 3184 574 3250 quis
597 3192 679 3237 est
702 3182 793 3252 qui
839 3183 969 3239 dicit
1007 3182 1098 3237 tibi
1129 3200 1141 3236 :
1176 3181 1253 3235 Da
1284 3182 1414 3235 mihi
1449 3183 1653 3247 bibere,
1701 3192 1754 3236 tu
1779 3185 1938 3238 forsi-

364 3285 455 3328 tan
490 3276 737 3345 pctiisses
765 3277 833 3331 ab
868 3290 953 3342 eo,
987 3287 1041 3331 et
1067 3277 1302 3330 dedisset
1340 3275 1433 3328 tibi
1459 3289 1651 3343 aquam
1682 3276 1881 3341 vivam,
1912 3295 1930 3327 ι

364 3369 416 3422 id
446 3378 561 3434 est,
597 3370 814 3436 piscinae
861 3370 1031 3423 sancti
1076 3368 1310 3437 Spiritus
1362 3368 1695 3423 immortales
1746 3383 1932 3437 aquas.

364 3458 516 3526 Quod
554 3462 698 3514 enim
742 3461 855 3516 hac
908 3460 1087 3515 omnia
1138 3460 1203 3515 de
1259 3459 1461 3529 Spiritu
1507 3458 1600 3513 Dei
1630 3459 1770 3515 dicta
1807 3461 1934 3525 sint,

365 3560 821 3606 commemoratus
863 3552 1195 3621 evangelista
1236 3552 1623 3620 interpretatus
1667 3561 1751 3604 est
1778 3566 1936 3620 aper-

365 3644 435 3699 tis
460 3644 659 3699 verbis.
680 3646 812 3699 Cum
839 3645 982 3698 enim
1008 3643 1257 3700 Salvator
1278 3643 1523 3705 dixisset,
1550 3659 1568 3692 ι
1592 3640 1649 3696 Si
1677 3642 1799 3711 quis
1822 3642 1931 3713 (58)

361 3734 509 3800 sitit,
562 3737 743 3790 veniat
791 3737 857 3789 ad
906 3752 1025 3799 me,
1067 3745 1122 3789 et
1162 3733 1310 3787 bibat
1350 3726 1374 3787 ε’
1393 3734 1480 3802 qui
1514 3733 1688 3787 credit
1721 3734 1773 3787 in
1812 3750 1929 3800 me,

362 3824 504 3878 sicut
534 3824 671 3879 dixit
707 3824 1007 3893 Scriptura,
1040 3824 1261 3877 ﬂumina
1284 3837 1351 3878 ex
1388 3834 1577 3877 ventre
1608 3822 1723 3891 ejus
1764 3822 1935 3877 ﬂuent

360 3928 514 3985 aqua:
540 3914 707 3983 vivae;
745 3934 765 3968 ι
798 3918 979 3970 statim
1034 3915 1320 3985 subjunxit
1348 3932 1363 3968 :
1393 3934 1411 3965 ι
1453 3916 1562 3969 Iloc
1593 3924 1771 3970 autem
1800 3916 1935 3970 dixit

360 4005 429 4059 de
484 4004 729 4074 Spiritu,
795 4023 957 4076 quem
1006 4007 1282 4075 accepturi
1333 4016 1489 4060 erant
1546 4007 1830 4063 credentes
1876 4006 1930 4061 in

361 4110 506 4149 eum.
554 4115 574 4147 ι

416 4184 623 4240 XXIII.
665 4187 925 4243 Creatura
960 4187 1080 4241 oleo
1116 4195 1302 4241 creato
1343 4200 1409 4240 ac
1450 4185 1793 4239 sanctiﬁcato
1833 4201 1933 4240 un-

362 4276 508 4349 gitur
556 4278 610 4332 in
659 4280 946 4348 baptismo.
1000 4277 1290 4343 Salvator,
1369 4287 1555 4346 utpOte
1626 4276 1790 4341 Deus,
1826 4293 1931 4331 uu-

363 4376 483 4421 ctus
528 4376 612 4422 est
668 4382 768 4423 suo
827 4370 1185 4438 undequaque
1242 4378 1471 4431 sancto,
1527 4376 1583 4422 et
1620 4380 1812 4435 atque,
1868 4382 1931 4420 ac

363 4459 479 4525 ipse
522 4459 763 4515 increan
799 4461 1026 4529 Spiritu,
1063 4476 1173 4531 prie
1199 4459 1541 4514 consortibus
1588 4460 1735 4522 suis,
1778 4458 1931 4513 nobis

362 4549 586 4606 scilicet.
646 4552 797 4619 Quod
850 4555 894 4607 si
927 4563 1177 4627 creatura
1225 4560 1369 4607 esset
1403 4552 1638 4621 Spiritus
1684 4562 1928 4615 sanctus,

360 4644 452 4700 illo
487 4653 681 4700 unctus
711 4646 822 4715 (39)
853 4661 957 4700 non
993 4646 1130 4701 foret
1172 4645 1236 4711 is,
1274 4644 1363 4713 qui
1400 4652 1485 4698 est
1517 4641 1932 4697 increatus.Te-

360 4748 470 4794 stes
527 4739 687 4809 hujus
734 4740 809 4793 rei
873 4748 1021 4803 sunt,
1057 4752 1192 4806 quos
1222 4736 1472 4805 subjicio.
1508 4732 1676 4788 Isaias
1724 4749 1787 4786 ex
1821 4748 1936 4802 per-

361 4847 492 4886 sona
535 4831 833 4887 Salvatoris
858 4832 1044 4885 dicens
1080 4846 1095 4884 :
1133 4848 1150 4881 ι
1184 4828 1423 4897 Spiritus
1454 4825 1565 4897 (40)
1594 4823 1806 4878 Domini
1839 4838 1932 4878 su-

433 4948 545 5018 (50)
585 4949 937 5017 Baptismum.
988 4946 1195 5018 Similia
1242 4942 1814 5018 habetAIiieronymus
1860 4941 1927 4994 ad

361 5014 505 5071 hunc
528 5014 706 5073 'Isaiaa
735 5019 909 5074 locum
956 5029 1083 5071 tom.
1111 5015 1199 5083 IV,
1233 5032 1353 5085 pag.
1380 5014 1527 5085 525,_
1558 5014 1607 5067 in
1646 5025 1926 5066 commen-

363 5088 516 5141 tariis
545 5106 558 5141 :
590 5090 732 5157 quod
761 5103 897 5157 opus
929 5088 1146 5154 scripsit
1179 5083 1475 5157 postquam
1497 5083 1682 5157 decem
1714 5092 1769 5136 et
1800 5090 1925 5136 octo

360 5156 569 5239 Didymi
682 5153 873 5239 Isaiam
894 5153 1074 5239 temo}
1106 5153 1345 5219 vidisset,
1377 5164 1433 5207 ut
1465 5155 1578 5224 ipse
1613 5153 1707 5206 ait.

434 5226 545 5295 (5i)
585 5226 753 5282 Sicut.
788 5226 927 5281 Psal.
956 5242 995 5289 t,
1029 5227 1081 5280 5.

434 5295 547 5362 (52)
590 5297 874 5360 Quoniam.
907 5295 1048 5350 Psai.
1080 5312 1239 5360 xxxv,
1272 5312 1415 5351 vers.
1449 5295 1535 5347 10.

433 5365 547 5433 ('55)
588 5365 826 5418 Eminet.
863 5365 1007 5419 Psal.
1036 5381 1236 5430 chvu,
1271 5382 1411 5420 vers.
1439 5365 1488 5417 7.

432 5431 543 5504 (56)
585 5436 873 5488 Civitatem.
904 5435 978 5489 Ex
1013 5436 1145 5502 psal.
1174 5450 1296 5495 va,
1324 5451 1465 5489 vers.
1499 5434 1531 5504 4
1562 5447 1653 5487 seu
1682 5431 1735 5485 ii.

587 5505 722 5560 Hoc.
759 5504 939 5560 Cuch
978 5499 1071 5558 τοῦ
1114 5505 1212 5576 τῷ.
1262 5504 1404 5573 Lego
1446 5503 1633 5564 τοῦτο,
1678 5501 1759 5554 vel
1802 5499 1927 5553 τοῦ·

359 5591 422 5629 το
454 5593 552 5629 τω.

588 5644 728 5711 Quid
789 5646 901 5701 tibi.
951 5643 1161 5700 Baruch
1208 5658 1302 5708 ιιι,
1336 5644 1366 5697 7
1404 5658 1498 5697 seu
1539 5641 1635 5715 to.
1678 5640 1928 5715 (ξοιηριιιτ

367 5710 537 5772 tensis
566 5710 731 5773 editio
782 5731 979 5788 paucas
1030 5716 1191 5773 habet
1237 5716 1544 5779 varietates,
1587 5712 1837 5767 nimirum
1874 5710 1927 5762 τί

2034 1813 2093 1864 τὸ
2126 1812 2348 1882 Πνεῦμα
2384 1813 2548 1865 αὐτοῦ
2570 1854 2582 1871 ,
2630 1813 2722 1865 καὶ
2758 1815 3017 1883 ῥυήσεται
3052 1814 3214 1868 ὕδατα
3250 1816 3579 1885 εὐφραίνοντα

2035 1907 2132 1977 τὴν
2165 1907 2317 1958 πόλιν
2346 1907 2439 1959 τοῦ
2476 1907 2609 1960 Θεοῦ
2641 1906 2735 1977 τὴν
2773 1907 3046 1979 μεγάληνο
3081 1927 3098 1959 ι
3136 1908 3271 1979 αῦτη
3308 1909 3364 1960 δέ
3398 1912 3581 1981 ἐστινὴ

2038 2000 2185 2051 πᾶσα
2219 1998 2528 2068 οἰκουμένη.
2566 2000 2662 2051 Ἵν“
2702 1999 2873 2064 οὓτως
2901 2001 3009 2071 γὰρ
3038 2001 3193 2063 είπω,
3226 2003 3366 2071 ὅπερ
3398 2002 3583 2072 ἀνθρώο

2036 2105 2158 2152 ποις
2194 2088 2338 2139 ἐστὶν
2383 2088 2583 2160 ἑκάστη
2626 2089 2797 2154 πόλις,
2834 2092 2989 2142 τοῦτο
3022 2092 3423 2162 παντοκράτορι
3453 2094 3481 2160 ἡ
3521 2095 3585 2143 οξ-

2036 2197 2132 2232 κου
2142 2180 2297 2252 μένη.
2332 2181 2545 2251 Βαροὺχ
2574 2182 2999 2252 ἀποκλαιόμενος
3028 2184 3117 2237 τὸν
3142 2184 3268 2237 λαὸν
3297 2186 3425 2237 ὄντα
3450 2189 3501 2239 ἐν
3526 2190 3581 2255 γῇ

2035 2272 2315 2325 Χαλδαίων
2342 2274 2451 2325 τῶν
2486 2274 2708 2343 Πνεῦμα
2740 2276 2893 2343 ἅγιον
2928 2276 3003 2347 μὴ
3035 2278 3284 2347 ἐχόντων.
3486 2298 3502 2330 ι
3532 2281 3585 2331 Ἱί

2036 2363 2116 2415 σοί
2147 2366 2313 2429 ἐστιν,
2358 2364 2595 2434 Ἰσραὴλ,
2627 2366 2707 2416 ὃτι
2754 2368 2810 2417 ἐν
2854 2370 2923 2437 γῇ
2955 2368 3062 2419 τῶν
3088 2368 3299 2439 ἐχθρῶν
3330 2366 3413 2435 si;
3450 2372 3586 2422 Ἐπα-

2035 2455 2271 2527 λαιώθης
2305 2458 2363 2509 ἐν
2395 2460 2463 2528 γῇ
2507 2457 2761 2528 ἀλλοτρίᾳ
2783 2498 2798 2522 ,
2840 2460 3201 2531 συνεμιάνθης
3235 2464 3351 2525 τοῖς
3377 2465 3583 2531 νεκροῖς,

2039 2546 2465 2617 προσελογίσθης
2519 2548 2656 2619 μετὰ
2702 2548 2811 2601 τῶν
2862 2552 2942 2612 εἰς
2994 2550 3141 2621 ᾅδου.
3222 2553 3587 2620 Ἐγκατέλιπες

2042 2640 2222 2711 πηγὴν
2269 2641 2367 2711 τῆς
2401 2640 2621 2709 σοφίαςο
2655 2643 2720 2712 τῇ
2759 2641 2863 2711 ὁδῷ
2896 2642 2989 2694 τοῦ
3035 2643 3168 2697 Θεοῦ
3202 2647 3251 2697 εί
3286 2646 3583 2716 ἐπορεύθης.

2038 2732 2307 2802 κατῴκεις
2349 2732 2414 2786 ἂν
2447 2735 2503 2786 ὲν
2536 2734 2728 2805 εἰρήνῃ
2764 2733 2853 2785 τὸν
2896 2733 3066 2787 αίῶνα
3096 2737 3287 2808 χρόνον
3316 2755 3329 2766 ·
3375 2757 3393 2789 ι
3428 2739 3588 2808 πηγὴν

2035 2826 2125 2878 τὸν
2163 2826 2315 2887 Θεὸν,
2350 2826 2540 2894 σοφίαν
2586 2826 2645 2880 τὸ
2675 2828 2827 2895 ἆγιον
2861 2827 3081 2897 Πνεῦμα
3115 2828 3309 2896 λέγων.
3362 2830 3588 2897 Ἰωάννης

2037 2916 2144 2969 ἀπὸ
2168 2915 2262 2969 τοῦ
2295 2916 2426 2969 Υίοῦ
2462 2918 2600 2988 πρὸς
2629 2918 2729 2987 τὴν
2756 2919 3151 2989 Σαμαρείτιδαο
3189 2940 3207 2971 ι
3240 2921 3303 2973 ΕΞ
3341 2921 3481 2991 ᾔδεις
3506 2922 3589 2991 τὴν

2035 3007 2241 3077 δωρεάν
2269 3007 2362 3060 τοῦ
2397 3009 2555 3069 Θεοῦ,
2589 3010 2681 3062 καὶ
2706 3010 2788 3073 τίς
2815 3011 2961 3063 ἐστιν
2992 3013 3019 3063 6
3047 3011 3218 3079 λέγων
3252 3030 3359 3077 σοι,
3391 3015 3485 3077 Δός
3514 3032 3588 3082 μοι

2038 3101 2203 3162 πιεῖν,
2246 3100 2309 3151 σὺ
2344 3099 2408 3151 ἂν
2441 3099 2649 3170 ᾔτησας
2669 3100 2856 3163 αὐτὸν,
2893 3102 2986 3153 καὶ
3019 3102 3216 3154 ἔδωκεν
3248 3104 3315 3156 ἄν
3353 3120 3432 3156 σοι
3465 3102 3589 3173 ὕδωρ

2038 3188 2181 3252 ζῶν·
2228 3209 2247 3241 ι
2284 3190 2384 3258 τῆς
2433 3190 2815 3262 κολυμϐήθρας
2845 3190 2939 3243 τοῦ
2982 3192 3135 3261 ἁγίου
3181 3193 3495 3265 Πνεῦματος
3530 3196 3588 3247 τὰ

2037 3282 2280 3336 ἀθάνατα
2306 3283 2522 3353 νάματα
2548 3283 2741 3350 λέγων.
2788 3280 2909 3335 Ὅτι
2936 3285 3043 3356 γὰρ
3070 3284 3245 3339 πάντα
3270 3286 3447 3339 ταῦτα
3478 3288 3589 3356 περὶ

2040 3372 2129 3425 τοῦ
2171 3371 2487 3442 Πνεῦματος
2537 3371 2631 3425 τοῦ
2671 3371 2805 3424 Θεοῦ
2843 3374 3077 3443 εἴρηται,
3127 3375 3157 3426 6
3215 3375 3590 3444 μνημονευθεὶς

2038 3465 2432 3535 εὐαγγελιστὴς
2464 3466 2807 3536 ἡρμήνευσεν
2846 3466 2937 3518 ἐπὶ
2964 3465 3177 3531 λέξεως.
3213 3466 3321 3520 Τοῦ
3358 3467 3463 3539 γὰρ
3493 3468 3589 3519 Σω-

2036 3559 2198 3627 τῆρος
2229 3556 2493 3618 εἰπόντος,
2528 3574 2545 3607 ‹
2580 3556 2647 3608 Et
2668 3573 2751 3620 τις
2777 3557 2923 3628 διψᾷ,
2953 3557 3196 3629 ἐρχέσθω
3222 3559 3361 3629 πρὸς
3397 3562 3481 3629 μὲ,
3509 3559 3589 3611 καὶ

2035 3649 2254 3702 πινέτω.
2297 3649 2356 3702 Ὀ
2383 3648 2653 3701 πιστεύων
2682 3650 2759 3709 εἰς
2792 3650 2909 3720 ἐμὲ.
2942 3650 3120 3714 καθὼς
3149 3647 3299 3705 εἶπεν
3330 3655 3363 3723 ἡ
3396 3652 3587 3723 Γραφὴ,

2046 3740 2283 3809 ποταμοὶ
2336 3740 2400 3791 ἐκ
2447 3740 2546 3809 τῆς
2594 3738 2801 3802 κοιλίας
2848 3740 3011 3793 αὑτοῦ
3060 3741 3344 3811 ῥεύσουσιν
3384 3741 3587 3813 [8οίγ]

2035 3830 2224 3893 ὓδατος
2262 3830 2483 3894 ζῶντος,
2518 3850 2535 3881 ι
2566 3830 2727 3893 εὐθὺς
2750 3833 3060 3901 ἐπήγαγεν’
3092 3852 3111 3884 ι
3147 3834 3319 3887 Τοῦτο
3355 3835 3411 3887 δέ
3452 3832 3590 3887 εἶπεν

2041 3923 2170 3992 περὶ
2202 3921 2294 3974 τοῦ
2331 3921 2668 3991 Πνεῦματος,
2705 3917 2765 3976 οὗ
2811 3923 3030 3993 ἔμελλον
3078 3923 3377 3994 λαμϐάνειν
3413 3928 3463 3978 oi
3512 3945 3590 3978 πι-

2036 4013 2327 4075 στεύοντες
2342 4016 2422 4076 είς
2452 4013 2637 4068 αὐτόν.
2667 4032 2684 4065 ι

2102 4189 2229 4244 Kl".
2284 4190 2347 4242 'H
2378 4188 2553 4252 κτίσις
2598 4186 2763 4260 ἐλαίῳ
2810 4190 3010 4261 κτιστῴ
3060 4192 3403 4263 ἀγιαζομένῳ
3439 4195 3495 4245 ὲν
3522 4190 3590 4261 τῷ

2034 4282 2367 4352 βαπτίσματι
2400 4283 2629 4352 χρίεται.
2690 4282 2745 4335 Ὀ
2784 4282 2993 4353 Σωτὴρ,
3042 4283 3116 4345 ὡς
3155 4284 3306 4347 Θεὸς,
3355 4284 3436 4356 τῷ
3479 4302 3590 4337 συν-

2032 4372 2272 4440 ακτίστῳ
2282 4370 2445 4422 αὐτοῦ
2462 4370 2715 4441 ἐχρίσατο
2738 4372 2985 4441 παναγίῳ
3006 4371 3277 4443 Πνεῦματι
3306 4373 3457 4445 παρὰ
3477 4374 3591 4435 τοὺς

2042 4462 2319 4532 μετόχους,
2352 4463 2516 4531 ἡμᾶς.
2552 4463 2613 4514 Et
2647 4462 2756 4533 γὰρ
2788 4463 2989 4533 κτίσμα
3028 4459 3115 4535 ἦν,
3158 4466 3257 4518 οὐκ
3285 4465 3353 4518 ἂν
3380 4466 3457 4536 τῷ
3490 4465 3592 4535 ἰδίῳ

2036 4554 2287 4625 ἐχρίσατο
2318 4554 2581 4622 ποιήματι
2610 4555 2637 4605 ὁ
2670 4555 2940 4618 ἄκτιστος.
2978 4556 3269 4627 Μάρτυρες
3304 4557 3361 4609 δέ
3393 4559 3442 4610 oi
3472 4558 3591 4610 ὐπο-

2035 4644 2438 4714 γεγραμμένοι·
2502 4644 2728 4708 Ἡσαΐας
2776 4646 2883 4697 ἀπὸ
2938 4645 3031 4698 τοῦ
3085 4647 3335 4719 Σωτῆρος
3394 4649 3587 4717 λέγων’

2042 4755 2060 4787 α
2096 4735 2318 4806 Πνεῦμα
2356 4736 2561 4805 Κυρίου
2590 4738 2676 4788 ἐπ’
2708 4737 2836 4807 ἐμὲ,
2871 4731 2931 4790 οὗ
2963 4740 3167 4791 εἵνεκεν
3189 4740 3373 4812 ἔχρισε
3419 4758 3487 4811 με
3524 4757 3536 4769 °
3570 4759 3586 4791 ι

2036 4826 2201 4881 Δαυῒδ
2232 4826 2288 4879 δέ
2309 4844 2323 4857 ·
2362 4844 2380 4877 t
2414 4826 2514 4878 Διὰ
2545 4826 2703 4879 τοῦτο
2752 4827 2949 4898 ἔχρισέ,
2980 4846 3039 4882 σε
3064 4833 3092 4883 6
3124 4830 3253 4895 Θεὸς
3286 4834 3314 4883 6
3342 4832 3475 4894 Θεός
3506 4848 3591 4883 σου

2031 4942 2405 5031 ἐστιγκρῐοῄτί
2439 4942 2520 4994 σοί
2569 4943 2739 5028 ἐστιν.
2788 4944 2873 5031 ἑτι,
2917 4944 3025 5031 τῂν,
3050 4944 3230 5016 πηγὴν
3280 4945 3376 5014 τῆς
3411 4945 3591 5030 σοφίας

2031 5017 2096 5084 τῇ
2134 5013 2261 5085 ὁδῷ.
2307 5013 2404 5075 Et,
2446 5013 2859 5095 κατῴκισαςέν
2913 5013 3149 5095 εἰρήνῃ,
3188 5013 3285 5083 pro
3333 5013 3592 5095 κατῴκεις

2032 5084 2100 5137 ἂν
2132 5086 2189 5167 ἐν
2242 5084 2457 5155 εἰρήνῃ.
2493 5084 2627 5137 Altae
2666 5087 2929 5139 editiones
2962 5086 3096 5140 altas
3142 5085 3344 5141 habent
3390 5089 3590 5139 discre-

2033 5166 2265 5223 pantias.

2036 5246 2074 5261 ει
2104 5225 2215 5295 (57)
2258 5222 2316 5295 Si
2346 5222 2711 5295 scires._.loan.
2738 5239 2812 5288 tv,
2844 5223 2929 5277 I0.

2103 5292 2217 5366 (38)
2257 5293 2318 5349 Si
2348 5295 2484 5363 quis.
2513 5293 2670 5348 Joau.
2696 5308 2800 5360 vu,
2833 5294 3018 5350 57-39.
3048 5294 3234 5350 Graeca
3265 5294 3427 5351 editio
3457 5311 3472 5348 :
3501 5292 3593 5346 ἐάν

2032 5381 2211 5506 ﬂiam
2257 5433 2473 5489 Unctus.
2507 5433 2685 5493 Codex
2728 5437 2829 5491 οὐκ
2866 5436 2991 5500 ἂν,”.
3014 5474 3066 5492 ..
3100 5435 3385 5506 ἐχρήσατο,
3425 5432 3477 5506 id
3517 5436 3605 5506 est.

2034 5523 2053 5554 ι
2082 5502 2210 5561 usus
2240 5522 2345 5561 non
2386 5516 2546 5561 esset.
2573 5528 2591 5561 ι
2638 5508 2750 5576 Ego
2800 5508 2900 5579 legi
2931 5526 2948 5565 :
2984 5502 3239 5579 ἐχρίσατο
3286 5518 3380 5577 pro
3434 5502 3604 5574 ἐχρήοδ

2031 5591 2181 5631 σατο.

2098 5647 2211 5719 (40)
2255 5647 2508 5719 Spiritus.
2548 5648 2652 5707 lsa.
2680 5665 2792 5719 ιιι,
2825 5648 2876 5705 I.
