3688 6346
400 348 506 406 559

399 467 782 526 sublimitatem
835 468 953 526 fidei
1006 489 1020 525 :

400 562 692 616 salutarem
739 562 1054 629 sanguinem
1079 562 1210 634 [(51)
1258 581 1271 618 :
1302 573 1637 632 unguentum
1671 577 1800 615 vero
1837 562 1964 616 illud

400 654 551 716 dicit,
586 669 692 723 quo
727 655 1044 710 sanctilicati
1087 655 1339 724 uugimur
1391 672 1418 708 a
1456 655 1757 710 sacerdote.
1804 653 1967 708 Joan-

398 760 495 799 nes
523 756 703 799 autem
729 747 781 798 ln
817 745 1003 800 eadem
1039 748 1208 814 prima
1247 745 1407 815 180
1441 745 1674 814 Epistola
1708 746 1772 798 de
1807 745 1964 798 Chri-

399 839 484 886 sto
507 835 578 886 ait
605 850 619 886 :
649 851 667 884 ι
693 833 756 887 Ει
779 848 873 888 vos
909 833 1022 905 (52)
1052 835 1234 889 unctio
1267 849 1426 905 quam
1457 835 1741 904 accepistis
1765 834 1834 888 ab
1859 849 1924 888 eo
1949 873 1967 898 ,

399 936 580 980 manet
608 925 660 980 in
694 927 843 981 vobis
877 945 890 980 :
923 938 978 980 et
1011 942 1114 981 nou
1151 942 1372 982 necesse
1425 929 1638 982 habetis
1671 936 1728 982 ut
1772 927 1967 997 aliquis

399 1019 589 1071 doceat
622 1032 754 1083 vos;
783 1019 876 1072 sed
906 1019 1044 1072 sicut
1067 1020 1246 1072 unctio
1281 1019 1400 1087 ejus
1443 1020 1599 1072 docet
1628 1034 1722 1074 vos
1748 1019 1813 1073 de
1847 1036 1966 1073 om-

1633 352 1869 408 DIDYMI
1909 352 2375 410 ALEXANDRINI
3488 371 3561 426 560

1078 470 1257 528 viuum
1327 473 1572 541 designat
1629 471 1960 524 Dominicuui

2083 473 2306 527 ἐλάϐετε
2347 473 2442 526 ἀπ’
2488 470 2677 534 αὑτοῦ,
2721 472 2872 543 μένει
2918 472 2978 525 ὲν
3014 473 3173 543 ὑμῖν·
3220 475 3306 528 καὶ
3343 479 3394 532 οὺ
3423 486 3565 553 χρείαν

2069 565 2221 635 ἔχετε
2272 565 2359 617 ἴνα
2399 580 2486 627 τις
2521 564 2745 635 διδάσκῃ
2777 565 2941 635 ὑμᾶς,
2975 565 3088 618 ἀλλ’
3120 565 3196 629 ὡς
3225 566 3284 618 τὸ
3311 569 3447 624 αὐτοῦ
3481 579 3564 647 χρί.

2072 675 2184 728 σμα
2209 658 2446 712 διδάσκει
2475 657 2620 727 ὑμᾶς
2650 659 2778 729 περὶ
2821 659 3038 710 πάντων
3059 675 3072 690 ·
3117 679 3136 710 ι
3169 659 3364 724 Παῦλος
3386 664 3432 716 δὲ
3457 667 3502 718 ἐν
3519 672 3566 742 τῇ

2070 750 2295 821 δευτέρᾳ
2339 750 2473 822 πρὸς
2516 751 2876 822 Κορινθίους·
2937 770 2956 802 ι
3005 753 3065 803 Ὀ
3109 752 3165 804 δὲ
3211 751 3419 821 βεϐαιῶν
3455 759 3564 828 ἡμᾶς

2074 841 2168 892 σὺν
2215 841 2342 909 ὑμῖν
2375 841 2453 902 εἰς
2495 841 2752 911 Χριστὸν,
2791 841 2886 894 καὶ¹
2933 841 3128 910 χρίσας
3173 843 3312 911 ἡμᾶς
3339 844 3467 909 85k,
3503 851 3571 902 καὶ

2074 929 2511 1001 σφραγισάμενος
2561 933 2727 1002 ἡμᾶς,
2764 934 2859 985 καὶ
2905 933 3026 996 δοὺς
3074 933 3164 984 τὸν
3205 933 3467 1004 ἀρραϐῶνα
3502 940 3569 992 τοῦ

2072 1022 2385 1093 Πνεύματος
2416 1024 2474 1076 ὲν
2501 1026 2620 1086 ταῖς
2655 1023 2899 1094 καρδίαις
2929 1024 3139 1094 ἡμῶν.»

398 1110 575 1164 uibus.
633 1127 653 1162 ο
703 1107 902 1164 Paulus
955 1123 1080 1164 vero
1134 1111 1186 1163 itt
1237 1114 1470 1164 secunda
1509 1109 1576 1164 ad
1610 1109 1954 1165 Corinthios:
2003 1112 2130 1178 «Qui
2166 1125 2346 1170 autem
2366 1115 2780 1183 (55)contirtnat
2847 1130 2973 1168 uos.
3003 1115 3276 1168 vobisr-utn
3307 1115 3356 1168 iu
3383 1117 3568 1186 Christo,

397 1209 451 1254 et
490 1198 578 1269 qui
609 1199 762 1252 unxit
788 1213 887 1254 nos
922 1197 1081 1263 Deus,
1112 1199 1206 1267 qui
1244 1209 1300 1253 et
1336 1200 1569 1270 signavit
1611 1216 1712 1256 nos
1733 1241 1745 1265 ,
1775 1211 1832 1256 et
1869 1203 2012 1258 dedit
2041 1205 2236 1273 pignus
2269 1207 2506 1276 Spiritus
2537 1206 2592 1259 in
2623 1205 2874 1260 cordibus
2898 1208 3119 1260 nostris.
3155 1224 3175 1258 ι

1035 1291 1187 1350 CAP.
1219 1293 1323 1350 Vll.

396 1385 473 1439 De
513 1385 704 1438 divinis
751 1384 1160 1453 operationibus,
1220 1396 1267 1465 et
1320 1385 1684 1455 largitionibus
1725 1385 1961 1454 Spiritus

1091 1467 1283 1510 ιιιηςιι.

464 1547 584 1604 Jam
614 1563 746 1603 vero
790 1547 1195 1616 Scripturarum
1260 1548 1480 1603 oracula
1519 1565 1642 1603 cum
1673 1549 1823 1604 valde
1875 1563 1965 1604 ac-

2713 1297 2870 1350 ΚΕΦ.
2911 1296 2989 1350 Z'.

2069 1389 2206 1457 Περὶ
2240 1388 2360 1442 τῶν
2413 1387 2624 1462 θεζχῶν
2659 1386 3003 1462 ἐνεργειῶῖ,
3052 1388 3151 1462 καὶ
3199 1386 3217 1458 ί
3248 1387 3306 1442 8i
3357 1389 3382 1442 b
3413 1390 3431 1462 ]
3469 1409 3580 1462 stop-

2384 1459 2546 1527 οχῶν
2581 1458 2687 1512 τοῦ
2717 1459 2890 1524 ἁγίου
2923 1460 3287 1527 Πνεύματος.

2150 1553 2324 1620 Ἀγαν
2357 1552 2532 1604 τοίνυν
2573 1549 2870 1620 φιλοτίμως
2900 1549 2996 1620 τὴν
3027 1550 3174 1604 Θείαν
3203 1551 3297 1604 καὶ
3332 1553 3580 1624 ἀκροτάτην

401 1649 590 1695 curate
614 1637 786 1694 sancti
821 1637 1054 1706 Spiritus
1087 1650 1354 1701 naturain,
1382 1654 1504 1709 qua:
1549 1654 1712 1710 supra
1745 1655 1958 1695 omnem

2083 1644 2159 1697 τοῦ
2188 1644 2344 1712 ἁγίου
2386 1642 2704 1713 Πνεῦματος
2747 1641 2928 1710 φύσιν,
2961 1642 3060 1712 τὴν
3101 1638 3269 1695 οὖσαν
3312 1645 3440 1715 ὑπὲρ
3474 1647 3582 1714 ζωὴν

391 1734 582 1796 vitam,
633 1741 977 1801 mentemque
1020 1732 1277 1798 exsistit,
1316 1733 1550 1786 divinam
1607 1747 1730 1786 esse
1756 1747 1820 1787 ac
1867 1749 1960 1785 su-

2083 1736 2163 1788 mi.
2192 1709 2330 1806 ὑττὲρ
2361 1735 2505 1796 νοῦν.
2537 1709 2608 1788 τὰ
2633 1709 2789 1803 λόγια
2816 1709 3174 1798 ἐπιδείξαντα,
3201 1709 3477 1805 ἐφάμιλλον
3512 1709 3582 1792 αῦ-

397 1841 643 1898 premam
679 1826 836 1881 nobis
864 1825 1226 1891 ostenderint,
1257 1824 1488 1880 similem
1520 1841 1757 1894 quoque,
1791 1836 1844 1881 et
1871 1827 1961 1882 tali

396 1930 610 1974 naturae
667 1918 1087 1975 convenientem
1125 1917 1406 1972 declarant
1437 1919 1966 1988 providentissimum

393 2008 536 2065 illius
561 2020 722 2079 atque
750 2011 1005 2064 eutheam
1041 2010 1432 2078 operationem,
1461 2009 1512 2062 in
1539 2009 1682 2065 hunc
1710 2010 1923 2063 modum
1951 2026 1966 2064 :

472 2099 513 2158 Ι.
546 2100 679 2169 Quia
714 2101 972 2167 vii'iiicat,
1005 2110 1190 2172 utpote
1220 2100 1310 2172 qui
1341 2112 1424 2156 est
1455 2100 1692 2170 Spiritus
1722 2100 1818 2158 Dei
1845 2117 1969 2156 out-

398 2193 488 2248 uia
516 2192 863 2259 viviﬁcantis,
908 2192 1065 2262 juxta
1100 2193 1222 2248 ﬁdei
1254 2192 1434 2246 tubam
1470 2191 1698 2247 Paulum
1731 2195 1971 2248 scriben-

393 2293 502 2340 tem
529 2284 597 2339 ad
626 2283 900 2338 ltomauos
923 2285 1140 2354 quidem
1180 2302 1193 2338 :
1235 2303 1252 2335 ι
1287 2283 1394 2338 Lex
1419 2283 1531 2354 (54)
1562 2285 1704 2338 cnim
1737 2285 1970 2353 Spiritus

393 2374 519 2428 vita:
581 2373 633 2427 iu
679 2372 898 2428 Christo
927 2371 1054 2428 Jesu
1095 2373 1348 2427 liberavit
1380 2388 1465 2428 me
1505 2389 1533 2427 a
1589 2373 1705 2444 lege
1735 2374 1965 2439 peccati,

390 2475 446 2520 et
477 2466 698 2526 mortis;
740 2487 760 2519 ι
807 2475 864 2521 et
909 2481 1093 2520 rursm
1125 2483 1138 2519 :
1173 2464 1302 2533 «Qui
1332 2466 1612 2521 suscitavit
1641 2467 1752 2538 (55)
1781 2465 1964 2521 .lesuui

392 2555 671 2611 Christum
697 2571 762 2611 ex
789 2557 1018 2624 mortuis
1043 2597 1058 2620 ,
1082 2557 1242 2611 viviﬁu
1261 2556 1375 2611 abit
1423 2567 1476 2612 et
1517 2559 1758 2612 mortalia
1787 2571 1965 2614 vesua

391 2665 618 2720 corpora
638 2665 733 2720 per
769 2649 1163 2704 inliabitautein
1183 2649 1296 2722 (56)
1321 2649 1490 2718 ipsius
1513 2649 1771 2719 Spiritum
1806 2650 1858 2704 in
1885 2664 1967 2705 vo-

390 2741 500 2810 bis;
528 2761 547 2793 ι
576 2744 640 2797 ad
663 2739 973 2798 Corinthios
991 2756 1119 2797 vero
1137 2759 1151 2796 :
1172 2740 1320 2796 iNou
1342 2742 1486 2811 quod
1513 2741 1624 2813 (57)
1640 2742 1966 2797 suﬂicienles

388 2833 562 2888 simus
597 2833 838 2903 cogitare
866 2831 1068 2902 aliquid
1100 2847 1130 2887 a
1162 2832 1320 2910 pubis
1355 2832 1504 2900 quasi
1539 2847 1605 2886 ex
1637 2832 1791 2888 nobis
1819 2849 1834 2886 :
1872 2833 1965 2887 sed

397 2923 717 2978 suﬂiclentia
760 2932 947 2977 nostra
984 2937 1049 2977 ex
1081 2922 1191 2978 Deo
1223 2935 1304 2978 est
1339 2942 1352 2978 :
1394 2922 1483 2992 qui
1525 2931 1578 2978 et
1617 2922 1839 2978 idoneos
1868 2939 1964 2979 uos

393 3015 522 3071 fecit
563 3016 838 3071 ministros
876 3013 1009 3068 Novi
1065 3013 1393 3070 Testamenti
1423 3055 1438 3081 ,
1481 3031 1584 3068 non
1623 3015 1834 3082 litterae,
1869 3017 1958 3071 sed
1990 3053 2031 3110 Ο

394 3113 550 3184 181
592 3113 846 3182 spiritus;
881 3111 1055 3166 littera
1079 3110 1221 3165 enim
1249 3109 1480 3176 occidit,
1527 3108 1748 3178 spiritus
1781 3118 1959 3160 autem

388 3207 646 3264 vivificat.
681 3227 698 3260 ι
744 3206 945 3261 Littera
997 3221 1126 3260 vero
1173 3205 1262 3260 hic
1295 3204 1578 3260 Mosaicam
1627 3203 1797 3274 legem
1847 3201 1959 3274 (58)

389 3299 631 3361 deiotat,
654 3313 773 3368 qua:
795 3297 871 3352 sic
901 3296 1084 3362 edicit,
1113 3315 1132 3347 ι
1167 3294 1389 3352 Oculum
1416 3295 1527 3366 (59)
1557 3309 1651 3363 pro
1683 3293 1838 3349 oculo
1861 3332 1877 3356 ,
1909 3303 1959 3347 et

390 3392 605 3445 dentem
642 3404 738 3460 pro
761 3389 942 3454 dente,
982 3404 1000 3439 ι
1024 3401 1250 3456 qumque
1285 3385 1524 3440 defendit
1549 3399 1694 3448 eum,
1739 3383 1830 3454 qui
1868 3383 1954 3438 in-

389 3481 646 3551 sipientnr
707 3477 843 3532 vivit
902 3475 1038 3549 (60).
1076 3475 1450 3531 Vivilicantem
1493 3489 1622 3529 vero
1652 3473 1787 3528 dicit
1831 3488 1962 3528 san-

392 3579 534 3625 etum
569 3569 659 3624 Dei
695 3566 956 3637 Spiritum
981 3607 996 3631 ,
1027 3569 1117 3637 qui
1162 3565 1292 3622 facit
1329 3575 1387 3620 ut
1419 3580 1523 3620 non
1569 3563 1801 3635 amplius
1852 3565 1953 3620 sub

391 3661 507 3732 lege
535 3661 726 3726 simus,
749 3660 844 3715 scd
880 3659 984 3714 sub
1009 3657 1182 3729 gratia
1205 3697 1222 3723 ,
1260 3657 1522 3727 uobisque
1569 3655 1840 3727 prtecipit,
1902 3663 1960 3712 ut

2069 1827 2166 1897 τῆς
2209 1827 2302 1880 καὶ
2340 1825 2437 1896 τὴν
2476 1825 2982 1898 κηδεμονικωτάτην
3015 1824 3194 1879 ἔνθεον
3231 1826 3490 1898 ἐνέργειαν
3517 1830 3586 1880 ἐκ·

2070 1917 2247 1989 φαίνει
2279 1917 2477 1972 οὑτωσί

2139 2097 2216 2149 A'.
2254 2095 2376 2148 Ὅτι
2407 2094 2680 2158 ζωοποιεῖ,
2709 2095 2785 2158 ὠς
2813 2094 3035 2165 Πνεῦμα
3049 2094 3294 2166 ὑπάρχον
3320 2094 3408 2147 τοῦ
3434 2093 3592 2159 Cumo-

2065 2186 2282 2250 νοῦντος
2310 2187 2378 2240 τὰ
2406 2187 2584 2240 πάντα
2617 2186 2751 2239 Θεοῦ
2774 2226 2788 2250 ,
2824 2185 2965 2240 κατὰ
2993 2185 3203 2240 Παῦλον
3234 2187 3335 2256 τὴν
3365 2186 3594 2253 σάλπιγγα

2065 2279 2167 2349 τῆς
2205 2278 2468 2343 πίστεως,
2513 2279 2823 2350 γράφοντα,
2870 2278 3161 2348 Ῥωμαίοις
3195 2277 3326 2347 μέν’
3367 2296 3384 2328 ι
3429 2277 3480 2329 '0
3511 2278 3594 2345 γὰρ

2065 2371 2228 2441 νόμος
2255 2369 2350 2422 τοῦ
2384 2368 2701 2440 Πνεῦματος
2746 2369 2844 2439 τῆς
2879 2367 3046 2438 ζωῆς,
3090 2370 3147 2421 ὲν
3185 2368 3403 2439 Χριστῷ
3456 2368 3596 2438 Ἰησοῦ

2065 2462 2437 2534 ἠλευθέρωσέν
2483 2479 2550 2532 με
2585 2461 2693 2515 ἀπὸ
2727 2459 2822 2514 τοῦ
2871 2455 3035 2532 νόμου
3073 2461 3172 2530 τῆς
3222 2460 3484 2531 ἁμαρτίας
3527 2461 3599 2511 καὶ

2064 2555 2159 2608 τοῦ
2214 2555 2480 2608 Θανάτου·
2519 2573 2536 2605 ι
2589 2555 2683 2608 καὶ
2731 2554 2918 2608 πάλιν*
2971 2573 2989 2605 t
3050 2554 3108 2607 Ὀ
3153 2554 3376 2624 ἐγείρας
3432 2551 3599 2621 Ἰησοῦν

2065 2645 2299 2717 Χριστὸν
2331 2648 2395 2699 ὲκ
2425 2644 2635 2715 νεκρῶν
2655 2684 2671 2710 ,
2707 2643 3030 2716 ζωοποιήσει
3058 2647 3152 2699 καὶ
3188 2646 3254 2699 τὰ
3289 2647 3454 2716 Θνητὰ
3478 2646 3602 2714 ὑμῶν

2067 2737 2294 2808 σώματα
2317 2779 2331 2802 ,
2367 2737 2454 2790 διὰ
2504 2736 2596 2789 τοῦ
2639 2736 2974 2802 ἐνοικοῦντος
3009 2737 3171 2790 αὐτοῦ
3208 2737 3516 2806 Πνεῦματος
3558 2738 3602 2787 ἐν

2065 2825 2226 2897 ὑμῖν·
2271 2845 2290 2878 ι
2323 2825 2628 2898 Κορινθίοις
2661 2826 2718 2880 δέ
2748 2843 2760 2856 ’
2803 2846 2821 2878 ι
2859 2827 2969 2897 Οὐχ
3013 2826 3095 2880 ὃτι
3131 2829 3309 2881 ἱκανοί
3339 2829 3494 2897 ἐσμεν
3533 2827 3606 2894 ἀφ’

2066 2917 2272 2972 ἑαυτῶν
2299 2917 2620 2986 λογίσασθαί
2643 2935 2713 2980 τι,
2743 2917 2818 2980 ὡς
2843 2915 2902 2981 ἐξ
2928 2916 3135 2970 ἑαυτῶν
3151 2935 3165 2948 ο
3191 2917 3309 2971 ἀλλ’
3331 2919 3365 2986 ἡ
3389 2916 3606 2985 ἱκανότης

2067 3011 2222 3083 ἡμῶν
2248 3013 2311 3064 ἐκ
2339 3010 2503 3063 Θεοῦ·
2531 3009 2590 3074 ὃς
2620 3011 2714 3064 καὶ
2738 3010 2998 3064 ἱκάνωσεν
3023 3011 3170 3080 ἡμᾶς
3195 3009 3479 3072 διακόνους
3499 3011 3610 3062 Και-

2065 3103 2165 3173 νῆς
2204 3101 2499 3173 Διαθήκης,
2534 3101 2594 3153 οὐ
2630 3100 2987 3171 γράμματος,
3022 3099 3156 3153 ἀλλὰ
3206 3100 3527 3171 πνεύματος.
3553 3098 3611 3151 Ἰδ

2065 3193 2172 3265 γὰρ
2205 3193 2438 3264 γράμμα
2471 3192 2802 3256 ἀποκτείνει,
2835 3192 2896 3246 τὸ
2932 3192 2988 3245 δὲ
3039 3193 3255 3264 πνεῦμα
3287 3192 3549 3258 ζωοποιεῖ.
3595 3210 3610 3241 ι

2066 3285 2303 3357 Γράμμα
2351 3283 2408 3336 δὲ
2454 3280 2608 3336 εἶπεν
2652 3281 2744 3336 τὸν
2776 3283 3061 3337 Μωσαῐκὸν
3105 3285 3292 3356 νόμον,
3335 3286 3426 3338 τὸν
3461 3286 3614 3350 διαγο-

2068 3374 2294 3448 ρεύοντα
2335 3373 2612 3446 ὀφθαλμὸν
2646 3375 2766 3429 ἀντὶ
2808 3375 3112 3447 ὀφθαλμοῦ,
3161 3378 3253 3430 καὶ
3291 3378 3481 3432 ὀδόντα
3521 3377 3621 3430 ἀντὶ

2066 3469 2296 3532 ὀδόντος,
2337 3469 2432 3522 καὶ
2465 3467 2804 3539 ἀμυνόμενον
2849 3467 2939 3521 τὸν
2983 3469 3256 3533 ἀσυνέτως
3297 3469 3616 3540 βιοτεύοντα-

2067 3558 2326 3624 ζωοποιὺν
2354 3558 2435 3617 δὲ.
2476 3558 2535 3611 τὸ
2563 3558 2717 3627 ἅγιον
2747 3558 2971 3630 Πνεῦμα
3015 3561 3110 3612 τοῦ
3153 3561 3320 3627 Θεοῦ,
3355 3561 3419 3614 το
3451 3559 3622 3631 μηκέτι

2067 3651 2172 3706 ὑπὸ
2199 3649 2382 3722 νόμον,
2410 3650 2523 3705 ἀλλ’
2550 3651 2652 3704 ὑπὸ
2673 3651 2831 3724 χάριν
2863 3653 3007 3724 ἡμᾶς
3034 3652 3292 3724 ποιῆσαν,
3320 3655 3418 3708 καὶ
3447 3668 3625 3724 παρεγ-

464 3839 578 3911 (51)
619 3840 961 3910 Sanguinem.
995 3837 1110 3892 Νἰεί
1143 3836 1196 3892 ἱιι
1228 3835 1567 3911 Eucharistia
1596 3833 1799 3911 Christi
1836 3847 1954 3887 san-

390 3911 510 3979 guis
544 3905 719 3980 reipsa
734 3905 990 3980 vadesset,
1030 3910 1216 3980 viuum
1251 3906 1339 3960 hic
1369 3905 1945 3980 signiticaret‘viuum,

394 3975 498 4033 non
533 3975 662 4034 vero
693 3979 982 4034 salutarem
1016 3978 1352 4048 sanguinem,
1379 3990 1536 4046 quem
1571 3991 1669 4046 pro
1713 3975 1951 4030 humano

391 4063 588 4118 genere
615 4049 888 4118 Christum
913 4048 1126 4102 eﬂudit.

485 4118 574 4188 ὅθ)
616 4117 684 4172 Et
715 4136 822 4173 vos.
857 4118 912 4172 In
946 4118 1117 4188 prima
1146 4115 1369 4188 Joauuis
1393 4115 1572 4188 "227.

489 4182 576 4253 53)
619 4188 722 4253 Qui
753 4182 960 4241 autem:
984 4187 1038 4240 lu
1069 4186 1113 4240 ll
1141 4189 1208 4240 ad
1237 4184 1361 4241 Cor.
1384 4199 1424 4253 ι,
1449 4185 1514 4240 21
1541 4193 1596 4238 et
1625 4183 1716 4238 22.
1742 4182 1912 4240 Biblia
1941 4203 1954 4239 :

391 4257 421 4311 ὀ
444 4256 1028 4328 καὶςσφραγισάμενος.
1493 4263 1505 4277 ⁸

465 4327 578 4397 (54)
618 4325 750 4381 Lex.
791 4325 945 4381 Rom.
974 4328 1179 4397 vut,’2.
1444 4395 1455 4397 _
1483 4396 1488 4397 γ
1579 4395 1590 4397 Α
1843 4394 1878 4397 __
1910 4393 1922 4397 _
2060 4326 2190 4397 lant,
2222 4325 2494 4390 sed‘juxta
2533 4325 2815 4395 Spiritum.
2840 4348 2857 4380 ι
2887 4325 3090 4381 Verum
3128 4329 3436 4397 scrupulus
3465 4328 3637 4397 omnis

465 4331 556 4394 (54
620 4331 750 4381 Lex.
791 4331 945 4381 ltum.
974 4341 1088 4392 vtu,
1120 4331 1179 4380 2.
2060 4331 2190 4391 lant,
2222 4331 2313 4379 sed
2345 4331 2494 4390 juxta
2533 4331 2815 4395 Spiritum.
2840 4348 2857 4380 ι
2898 4331 3090 4381 Verum
3128 4331 3436 4397 scrupulus
3465 4331 3637 4382 omnis

464 4331 587 4523 (55}
620 4397 725 4463 Qui
757 4398 1047 4451 suscitauit.
1087 4396 1240 4450 Rom.
1290 4410 1403 4455 Vttt.
1435 4395 1522 4449 Η.
1561 4395 1747 4452 Graeca
1794 4393 1960 4448 editio
2061 4396 2283 4461 tollitur,
2313 4397 2356 4449 si
2397 4412 2497 4451 uis.
2527 4399 2765 4451 codicem
2805 4407 3000 4452 nustrte
3035 4398 3401 4452 Bibliotheca
3437 4401 3497 4451 S.
3530 4396 3637 4449 Sal-

464 4483 493 4522 o
531 4469 543 4489 ‘
570 4466 736 4523 ησοῦν
771 4467 1024 4523 Χριστόν.
1058 4467 1218 4522 habet
1257 4465 1350 4519 τὸν
1393 4466 1648 4523 Χριστόν.
1694 4464 1798 4519 Sed
1833 4463 1958 4518 Vul-
1989 4518 2018 4523 _
2060 4466 2260 4519 vatoris
2297 4466 2546 4520 Bunonim
2576 4467 2945 4523 consulamus.
2981 4469 3073 4523 Sic
3120 4469 3266 4521 enim
3313 4470 3371 4521 in
3410 4485 3479 4523 eo
3512 4469 3635 4523 legi-

393 4463 493 4550 pro
531 4463 736 4550 Ἰησοῦν
771 4467 1025 4550 Χριστόν,
1058 4467 1231 4550 habet.
1257 4465 1350 4550 τὸν
1393 4466 1648 4550 Χριστόν.
1694 4464 1798 4550 Sed
1833 4463 1958 4550 Vu'l-

2083 4466 2260 4519 ratoris
2276 4466 2546 4550 “BOIIOIIim
2576 4467 2945 4526 consulamus.
2973 4469 3073 4550 ‘Sic
3120 4469 3266 4550 enim
3313 4470 3371 4521 in
3410 4469 3635 4550 conlegi-

431 4547 552 4592 atus
587 4533 854 4608 interpres
905 4537 1044 4608 legit
1066 4546 1124 4589 ut
1173 4533 1576 4608 Didymus'hoe
1614 4538 1665 4590 in
1704 4535 1844 4608 loco.
1897 4533 1953 4588 In
1989 4533 2032 4574 υ
2063 4544 2188 4608 Ηιιεε
2227 4553 2246 4586 ι
2276 4535 2854 4608 Pgopunamusputem
2881 4547 2934 4593 et
2961 4538 3220 4607 Apostoli,
3246 4557 3264 4590 ι
3306 4547 3368 4591 et
3414 4533 3640 4608 reliqua.

431 4555 552 4592 atus
587 4555 854 4608 interpres
905 4555 1033 4605 tegit
1066 4555 1124 4589 ut
1173 4555 1431 4605 wuymus
1474 4555 1576 4590 une
1614 4555 1665 4590 Ill
1706 4555 1844 4588 IOCO.
1897 4555 1953 4588 tu
1989 4555 2031 4574 υ
2065 4555 2188 4589 tur:
2227 4555 2246 4586 ι
2278 4555 2644 4605 rropuuamus
2681 4555 2854 4591 autem
2881 4555 2934 4593 et
2961 4555 3220 4607 ApOSlOll,
3246 4557 3264 4590 ι
3306 4555 3368 4591 et
3414 4555 3640 4606 reliqua.

395 4555 534 4662 fibra
571 4617 754 4678 autent
791 4605 869 4661 De
904 4605 1109 4673 Spiritu
1134 4615 1316 4678 saucio
1358 4607 1440 4660 bis
1483 4606 1640 4660 aﬂ'ert
1681 4606 1955 4678 theologus
2063 4604 2196 4659 Tum
2225 4605 2382 4678 :rit‘Si
2433 4613 2611 4660 autem
2647 4605 2883 4676 Spiritus
2913 4609 3046 4677 ejus.
3078 4608 3167 4678 qui
3212 4610 3521 4662 suscitavit
3562 4605 3644 4678 Ιιιτ

395 4689 585 4734 noster
623 4677 976 4747 hunc_ipsum
1004 4674 1354 4747 versiculum,
1384 4691 1448 4730 ac
1478 4691 1702 4730 numero
1732 4673 1948 4747 quidem
2060 4689 2204 4747 sum?
2231 4677 2502 4747 Christum
2555 4690 2619 4729 ex
2687 4673 3170 4744 inortuis,'habiiat
3215 4679 3266 4731 iu
3310 4681 3510 4743 vobis;
3560 4675 3641 4741 qui

392 4748 463 4804 59
497 4748 676 4812 habet,
716 4744 946 4802 «Iesum
995 4745 1348 4810 Christump
1397 4761 1620 4800 numero
1666 4755 1844 4798 autem
1887 4744 1951 4798 41
2065 4746 2344 4799 suscitavit
2393 4746 2574 4800 Jesutu
2611 4747 2882 4801 Christum
2927 4765 2989 4801 ex
3045 4749 3297 4812 mortuis,
3349 4752 3649 4802 viviticam

393 4818 560 4890 habet
597 4817 881 4890 duntaxat,
915 4833 934 4868 ι
963 4815 1259 4890 Christum,
1289 4834 1306 4866 ι
1343 4825 1454 4870 tum
1485 4817 1538 4870 in
1572 4816 1730 4870 editis
1774 4828 1957 4869 exem-
2060 4813 2355 4885 [legendum
2396 4817 2723 4890 viviﬁcabit,
2771 4828 2827 4890 ut
2885 4817 3037 4890 puto]
3095 4827 3167 4890 et
3204 4819 3478 4890 tuortalit
3537 4834 3648 4869 cut-

392 4888 652 4958 plaribus,
682 4898 790 4942 tum
818 4889 871 4942 iu
909 4897 1091 4940 nostro
1121 4885 1325 4958 codice.
1369 4954 1380 4958 _
1428 4954 1441 4958 _
1603 4955 1614 4958 _
1743 4953 1755 4958 _
1859 4954 1890 4958 η
2059 4900 2186 4958 pora
2214 4899 2389 4958 vestra
2427 4900 2521 4956 per
2550 4885 2992 4958 inhabitationem
3019 4885 3262 4958 Spiritus
3293 4890 3430 4957 ejus
3465 4888 3523 4941 iu
3565 4902 3649 4938 vo-

465 4957 577 5029 (56)
619 4957 725 5029 [fer
749 4958 1148 5029 indubitanter».
1175 4955 1327 5029 Apud
1355 4953 1794 5029 Athanasiumjn
1841 4954 1955 5007 dia-
2056 4956 2328 5029 bis..._Ait
2366 4953 2900 5029 quippeApostolus,
2929 4953 3385 5029 justiﬁcationein
3428 4959 3650 5014 divinae.

395 5024 518 5098 loga
550 5024 608 5098 ut
639 5027 714 5081 De
745 5027 1002 5082 Trinitate
1033 5029 1196 5098 (tum.
1221 5024 1282 5088 ll,
1322 5041 1440 5095 pag.
1465 5026 1572 5098 228
1603 5024 1952 5098 etA254_vet.
2057 5035 2110 5098 et
2147 5027 2459 5098 spiritualis
2471 5026 2627 5098 legis,
2651 5044 2670 5078 ι
2703 5037 2806 5082 etc.
2837 5024 3071 5083 Ac'sane
3105 5043 3251 5098 num.
3281 5028 3356 5081 41
3399 5029 3645 5098 ejusdem

396 5093 506 5166 ed'.)
554 5096 902 5152 Macedonius
938 5093 1335 5166 _redarguitur,'
1361 5093 1501 5166 quod
1557 5096 1608 5148 in
1664 5095 1764 5166 hoc
1800 5094 1950 5166 Pauli
2057 5094 2177 5166 libri
2226 5111 2350 5149 cum
2400 5093 2585 5160 editio,
2632 5107 2739 5150 tum
2787 5106 2970 5152 uoster
3009 5093 3178 5154 code’t
3227 5093 3454 5160 habet,
3510 5116 3529 5149 ι
3564 5111 3658 5166 per

399 5161 546 5237 textu
603 5181 882 5235 perperam
936 5161 1192 5236 legeret:
1238 5163 1440 5237 διὰτὸ
1492 5165 1732 5237 ἐνοικοῦν
1790 5161 1953 5237 αὐτοῦ

2083 5166 2467 5237 uliabitautem,
2490 5184 2510 5218 ι
2544 5181 2646 5220 non
2681 5181 2826 5227 vero,
2868 5186 2887 5218 ι
2917 5179 3132 5237 propter
3169 5161 3652 5221 inhabitantema

397 5233 643 5307 Πνεῦμα,
676 5233 728 5291 id
758 5246 850 5307 est
885 5252 904 5286 ι
933 5233 1152 5305 propter
1185 5236 1575 5307 iuhabitauteui
1615 5235 1785 5303 ipsius
1829 5236 1954 5302 Spi-
2056 5233 2180 5289 Haec
2223 5244 2400 5291 tamen
2451 5251 2556 5289 non
2607 5253 2673 5290 eo
2720 5237 2866 5301 dixi.
2917 5233 3059 5306 quod
3115 5239 3421 5291 lectionem
3467 5238 3653 5294 illam.

397 5304 561 5375 rituui
585 5323 600 5368 ;
627 5319 732 5359 »οο
758 5304 1036 5375 legendum
1062 5321 1182 5360 esse
1204 5307 1474 5359 contendit
1507 5305 1707 5374 Dialogi
1739 5316 1950 5368 auctor,
2056 5323 2080 5375 _t
2113 5315 2329 5374 propter
2371 5308 2781 5370 inhabitantem,
2811 5328 2828 5359 ›
2867 5304 3089 5362 ouinino
3139 5308 3518 5375 rejicieudam
3573 5323 3663 5358 ve-

395 5374 1010 5447 §t&_tou_évotxoﬁv‘toc,
1053 5386 1108 5430 et
1142 5375 1395 5447 reliqua,
1427 5384 1503 5447 ut_
1519 5373 1718 5447 habent
1765 5375 1953 5430 Graeca

2083 5373 2602 5447 iunucuutVulgatus
2639 5377 2904 5446 interpres
2941 5379 3085 5432 illam
3123 5373 3349 5438 habeat.

397 5444 592 5516 Biblia.
617 5445 817 5516 Eadem
856 5447 1045 5516 sensit,
1092 5460 1168 5516 ac
1207 5446 1429 5516 dictavit
1479 5445 1732 5516 Didymus
1779 5461 1950 5514 segm.
2079 5513 2090 5516 _
2126 5444 2239 5515 (57)
2281 5445 2403 5498 Non
2453 5444 2611 5516 quod.
2645 5447 2685 5500 ll
2739 5444 2864 5502 cur.
2917 5465 2998 5514 ιιι,
3029 5449 3064 5504 5
3118 5457 3172 5502 et
3200 5447 3252 5501 6.
3289 5448 3510 5502 Graeca
3546 5447 3664 5503 edi-

381 5515 500 5569 'iH
524 5533 576 5569 α.
605 5514 722 5569 iam
753 5529 879 5585 vero
899 5514 1019 5584 quis
1047 5515 1252 5585 credat,
1284 5513 1765 5585 lectionem’illam,
1793 5513 1952 5585 quam

2083 5513 2169 5569 io:
2199 5517 2263 5568 ἐκ
2295 5517 2386 5569 τοῦ
2421 5513 2577 5570 Θεοῦ.

395 5595 457 5640 ut
490 5584 942 5658 Macedonianam
959 5584 1257 5658 exagitavit
1285 5600 1456 5658 segni.
1489 5584 1577 5658 illo
1609 5585 1713 5658 114
1735 5603 1789 5647 a,
1813 5584 1952 5658 pro;
2053 5586 2235 5658 __(58)
2278 5585 2484 5656 Legem.
2527 5587 2655 5644 Vide
2686 5588 2778 5644 lib.
2814 5587 2890 5643 De
2932 5587 3025 5658 Sp.
3068 5598 3247 5644 sancto
3280 5603 3472 5643 num.
3502 5588 3580 5643 57
3615 5595 3664 5641 et

397 5657 631 5722 positam
667 5655 736 5710 ab
771 5656 885 5724 ipso
919 5653 1085 5724 fuisse
1115 5654 1166 5708 in
1204 5653 1344 5724 libro
1374 5654 1446 5706 De
1484 5654 1692 5721 Spiritu
1725 5663 1906 5708 sancto
1928 5657 1954 5710 Ρ
2052 5653 2140 5710 35.

2123 5725 2235 5794 (59)
2278 5725 2518 5780 Oculum.
2546 5726 2719 5782 Levit.
2750 5743 2898 5792 xxw,
2931 5725 3023 5787 20.

396 5727 646 5781 Attamen
685 5728 738 5780 itt
767 5723 833 5779 eo
877 5723 1013 5779 libro
1051 5739 1199 5778 num.
1226 5723 1318 5786 39,
1346 5725 1490 5794 edita
1519 5725 1842 5794 exemplaria
1874 5725 1954 5778 sic

400 5795 599 5854 habent
637 5814 652 5852 :
693 5812 713 5849 ι
742 5794 1112 5867 Proponamus
1155 5803 1211 5853 et
1252 5792 1496 5865 Apostoli
1552 5795 1623 5851 ad
1677 5792 1950 5852 Romanos
2123 5792 2236 5869 (60)
2286 5796 2438 5854 Vivit.
2467 5799 2604 5869 Lege
2636 5799 2807 5856 Exod.
2832 5815 2945 5870 xxi,
2978 5796 3181 5869 15,18,
3211 5795 3306 5866 21,
3354 5808 3487 5856 etc.

2060 3833 2310 3902 Epistolte
2355 3835 2716 3906 testimonium
2739 3878 2752 3891 .
2775 3877 2789 3891 .
2811 3878 2824 3891 .
2866 3857 2883 3888 ι
2925 3839 2981 3894 Si
3017 3849 3194 3894 autem
3229 3837 3476 3906 Spiritus
3504 3836 3624 3899 ejus,

2066 3922 2087 3958 ι
2119 3906 2208 3974 qui
2259 3906 2534 3959 suscitavit
2570 3905 2751 3961 Jesum
2776 3923 2805 3962 a
2833 3911 3089 3974 mortuis,
3123 3911 3333 3964 habitat
3365 3911 3419 3962 in
3451 3909 3624 3959 vobis:

2062 3994 2082 4028 ι
2121 3975 2210 4045 qui
2251 3977 2532 4029 suscitavit
2583 3976 2762 4032 Jesutu
2793 3979 3064 4035 Christum
3101 3995 3128 4032 a
3178 3980 3443 4041 mortuis,
3473 3975 3630 4030 vivifi-

2065 4064 2084 4098 ι
2111 4044 2256 4099 cabit
2303 4054 2358 4099 et
2381 4046 2632 4118 utortalia
2683 4063 2908 4116 corpora
2960 4060 3135 4102 vestra
3171 4059 3403 4118 propter
3433 4049 3630 4102 inhahio

2068 4135 2088 4188 ι
2127 4124 2326 4188 tantem
2376 4115 2631 4188 Spiritum
2699 4115 2817 4186 ejus
2880 4119 2933 4173 in
2997 4115 3297 4174 vobis...)
3338 4122 3432 4174 Ait
3453 4119 3634 4188 quippe

2059 4185 2379 4257 Apostolus,
2423 4185 2860 4255 jusdlicationeiu
2918 4189 3175 4257 divinant,
3218 4199 3276 4244 et
3335 4185 3631 4257 spirituidis

2060 4254 2201 4327 legis
2231 4254 2438 4327 expleri
2481 4257 2679 4327 in_liis,
2724 4273 2828 4312 non
2869 4256 3142 4327 qtti'juxta
3179 4254 3412 4313 carttet'n
3457 4258 3632 4310 ambu-
