3732 6308
386 269 490 323 565

1621 268 1854 323 DlDYIill
1894 268 2348 324 ALEXANDRINI

3520 268 3625 321 565

384 386 575 453 quiunt
605 382 759 436 modo
785 394 814 433 ιι
835 378 1013 442 Patre,
1043 380 1202 434 modo
1230 381 1402 449 ipsum
1429 394 1458 434 a
1500 395 1557 434 se
1586 382 1699 451 ipso
1723 422 1738 446 ,
1788 384 1923 437 modi

2055 386 2075 436 5
2105 384 2312 454 Πατὴρ,
2340 375 2469 435 ίιτοτὲ
2497 373 2661 443 alr—.6;
2687 381 2899 443 ἑαυτὸν.
2948 381 3078 433 ποτὲ
3106 381 3166 433 τὸ
3198 382 3349 449 am»
3379 382 3623 451 Πνεῦμα

376 490 407 526 a
444 472 647 542 Spiritu
678 480 900 534 sancto,
942 471 995 525 in
1037 472 1177 526 hunc
1230 473 1467 527 modum;
1500 475 1629 528 Acta

374 567 517 621 Deus
544 564 656 633 (7i)
683 563 962 617 suscitavit
988 564 1144 616 tertia
1189 564 1328 619 die.)
1361 564 1596 619 Joannes
1621 582 1684 619 ex
1713 581 1935 634 persona

375 653 673 710 Salvatoris
717 671 731 704 :
760 668 783 705 ι
806 650 1006 705 Solvite
1039 651 1149 721 (72)
1183 652 1432 721 templum
1462 653 1564 707 hoc
1594 664 1649 707 et
1683 654 1735 706 in
1766 654 1936 707 tribus

374 746 563 801 diebus
596 743 867 798 suscitabo
898 742 1048 796 illud.
1086 741 1204 811 Ipse
1242 752 1418 795 autem
1452 743 1664 797 dicebat
1692 744 1759 796 de
1799 753 1935 798 tem-

373 836 461 906 plo
481 836 721 905 corporis
761 836 881 898 sui;
916 853 934 885 ι
968 843 1024 888 et
1055 849 1238 888 rursus
1271 850 1285 888 :
1323 852 1343 885 ι
1379 832 1490 903 Ego
1521 849 1660 903 pono
1688 835 1795 903 (75)
1816 835 1934 889 ani-

373 942 517 982 mam
544 942 714 981 meam
746 964 763 990 ,
816 935 877 979 ut
906 926 1099 980 iterum
1151 941 1359 979 sumam
1391 940 1534 979 eam.
1588 924 1757 981 Nemo
1800 926 1937 981 tollit

371 1032 490 1072 eam
519 1033 549 1071 a
579 1033 667 1072 me
705 1038 716 1069 :
752 1017 845 1072 sed
874 1032 972 1086 ego
1003 1031 1145 1086 pono
1173 1030 1293 1070 eam
1321 1016 1456 1087 (74).
1483 1016 1809 1072 Potestatem
1845 1017 1936 1071 ha-

370 1109 473 1164 beo
505 1108 731 1178 ponendi
760 1122 875 1162 eam
906 1147 921 1172 ,
969 1116 1024 1161 et
1054 1118 1373 1178 potestatem
1413 1108 1585 1162 habeo
1615 1109 1809 1163 iterum
1842 1124 1934 1163 su-

370 1199 551 1253 mendi
577 1214 719 1253 eam.
774 1218 792 1250 »
845 1197 1035 1253 Petrus
1071 1199 1122 1252 in
1152 1199 1328 1268 prima
1362 1198 1596 1267 Epistula
1654 1218 1668 1253 :
1712 1219 1730 1251 ι
1775 1199 1934 1255 Chri-

369 1299 488 1343 stus
511 1289 626 1359 (75)
652 1288 816 1343 semel
855 1305 952 1357 pro
989 1290 1227 1358 peccatis
1256 1304 1356 1357 pro
1380 1290 1532 1344 nubis
1556 1300 1801 1345 mortuus
1828 1300 1932 1354 est,

363 1378 545 1447 justus
585 1394 680 1448 pro
714 1380 947 1449 injustis,
1010 1389 1070 1432 ut
1102 1395 1200 1435 nos
1219 1378 1441 1435 oﬂ‘erret
1467 1379 1598 1446 Deo,
1633 1381 1927 1436 mortiﬁca-

369 1482 453 1525 tus
474 1472 687 1541 quidem
718 1488 914 1535 carne,
949 1472 1241 1527 vivificatus
1268 1482 1446 1527 autem
1482 1474 1703 1542 Spiritu.
1733 1492 1752 1525 ι

446 1562 529 1615 lli.
573 1563 710 1629 Quia
742 1573 891 1618 creat
923 1564 1155 1634 Spiritus
1185 1575 1400 1618 sanctus
1430 1580 1677 1633 magnam
1716 1570 1931 1619 creatu~

367 1667 480 1706 ram
510 1653 804 1719 hominem,
836 1663 999 1722 atque
1044 1670 1110 1709 ex
1156 1655 1378 1709 mortuis
1422 1670 1544 1710 eum
1586 1657 1830 1720 suscitat,
1878 1666 1932 1709 et

1677 492 1691 526 :
1729 492 1747 525 ι
1791 473 1943 529 Hunc

2052 475 2273 529 οὑτωσί.
2330 476 2395 527 Ai.
2443 473 2705 544 Πράξεις·
2748 491 2765 521 ι
2821 472 3016 525 Τοῦτον
3065 475 3093 525 ὁ
3141 472 3270 535 Θεὸς
3311 475 3510 543 ἤγειρε
3557 476 3623 542 τῇ

2050 568 2208 638 τρίτῃ
2246 566 2445 636 ἡμέραο
2482 584 2499 615 ›
2550 564 2799 633 Ἰωάννης
2836 563 2941 615 ἀπὸ
2978 562 3070 615 τοῦ
3113 564 3394 633 Σωτῆρος·
3455 582 3476 615 ι
3512 564 3623 616 Λύ-

2052 675 2179 710 σατε
2223 657 2314 709 τὸν
2352 656 2476 710 ναὸν
2512 654 2722 718 τοῦτον,
2751 655 2843 707 καὶ
2874 656 2929 706 ἐν
2970 654 3142 725 τρισὶν
3169 654 3401 724 ἡμέραις
3438 654 3622 724 ἐγερῶ

2050 747 2230 799 αὐτόν.
2262 745 2431 809 Αὐτὸς
2466 745 2521 797 δὲ
2552 744 2733 813 ἔλεγεν
2764 746 2890 815 περ).
2928 745 3021 797 τοῦ
3062 743 3188 797 ναοῦ
3225 743 3318 796 τοῦ
3359 744 3621 814 σώματος

2048 836 2213 891 αὐτοῦ
2236 853 2247 865 ³
2291 856 2309 888 ›
2339 838 2431 889 xui
2468 835 2659 890 πάλιν·
2697 855 2715 887 ι
2759 835 2897 903 Ἐγὼ
2922 836 3110 905 τίθημι
3136 836 3233 905 τὴν
3273 836 3455 905 ψυχήν
3491 854 3617 905 μου,

2046 928 2132 979 ἵνα
2158 926 2318 980 πάλιν
2344 926 2491 980 λάϐω
2522 928 2710 995 αὐτήν.
2746 926 2930 988 Οὐδεὶς
2960 928 3101 997 αἴρει
3129 925 3295 996 αὐτὴν
3326 926 3419 977 ἀπ’
3452 925 3616 995 ἐμοῦ,

2043 1017 2153 1070 ἀλλ’
2200 1017 2310 1085 ἐγὼ
2348 1017 2537 1087 τίθημι
2576 1017 2762 1086 αὑτήν.
2825 1016 3097 1081 Ἑξουσίαν
3142 1016 3249 1085 ἔχω
3290 1016 3469 1068 θεῖναι
3515 1018 3618 1068 αὖ·

2041 1108 2159 1179 τὴν,
2208 1109 2301 1160 xui
2346 1106 2591 1169 ἐξουσίαν
2637 1106 2742 1177 ἔχω
2786 1107 2944 1159 πάλιν
2991 1106 3170 1158 λαϐεῖν
3210 1107 3404 1177 αὐτὴν.
3445 1125 3467 1156 ι
3504 1106 3616 1159 Πέ-

2039 1214 2165 1267 τρος
2210 1198 2266 1248 ὲν
2303 1199 2369 1267 τῇ
2413 1196 2603 1267 πρώτῃ
2663 1194 2774 1266 [82
2802 1194 2877 1267 b]
2933 1196 3249 1267 Ἐπιστολῇ’
3302 1215 3321 1247 ι
3370 1197 3614 1267 Χριστὸς

2039 1288 2183 1353 ἅπαξ
2212 1289 2339 1358 περὶ
2368 1288 2650 1358 ἁμαρτιῶν
2689 1287 2827 1359 ὑπὲρ
2868 1287 3024 1358 ἡμῶν
3065 1288 3351 1349 ἀπέθανεν,
3394 1288 3613 1349 δίκαιος

2038 1380 2178 1449 ὑπὲρ
2219 1380 2441 1443 ἀδίκων,
2488 1380 2575 1433 ἵνα
2619 1380 2765 1451 ἡμᾶς
2796 1380 3116 1451 προσαγάγῃ
3140 1380 3215 1449 τῷ
3240 1379 3389 1450 Θεῷ·
3444 1379 3610 1433 θανα-

2033 1469 2227 1533 τωθεὶς
2275 1471 2372 1540 μὲν
2419 1472 2599 1542 σαρκὶ,
2650 1469 3003 1541 ζωοποιηθεὶς
3038 1470 3091 1522 δὲ
3130 1469 3429 1539 Πνεύματι.
3473 1488 3496 1519 ι

2106 1559 2179 1611 Γ¹.
2235 1561 2352 1613 Ὅτι
2394 1561 2713 1630 δημιουργεῖ
2743 1561 2802 1614 τὸ
2847 1561 2986 1631 μέγα
3013 1561 3213 1627 κτίσμα
3247 1560 3337 1612 τὸν
3384 1560 3607 1632 ἄνθρω-

2036 1667 2153 1711 πον,
2195 1652 2287 1703 xui
2334 1652 2395 1703 ὲκ
2430 1652 2637 1722 νεκρῶν
2676 1653 2898 1722 ἐγείρει,
2943 1652 3036 1703 xui
3082 1651 3351 1715 ζωοποιεῖ,
3396 1654 3501 1710 καὶ
3530 1654 3608 1714 εἰς

362 1742 620 1808 viviﬁcat,
652 1753 706 1797 et
734 1744 801 1797 ad
835 1745 1029 1798 caelum
1077 1745 1258 1809 vertit,
1296 1761 1358 1800 ac
1388 1754 1587 1799 terram
1633 1745 1685 1799 in
1727 1746 1923 1799 diluvio

2055 1741 2258 1811 ιὺρανδν
2292 1744 2605 1812 ἐπιστρέφει
2626 1761 2639 1775 ο
2674 1743 2766 1796 xui
2810 1746 3312 1815 συγκαταρρυεῖσαν
3352 1746 3481 1805 ταῖς
3508 1744 3604 1795 ἀν-

363 1834 523 1890 simnl
556 1851 674 1889 cum
700 1837 945 1891 humanis
983 1834 1357 1907 iniquitatibus
1403 1836 1741 1903 defluentem,
1769 1838 1926 1907 183

362 1939 551 1980 rursus
628 1928 928 1991 renovavit,
994 1942 1219 1997 eamque
1262 1929 1455 1982 iterum
1515 1930 1682 1983 indito
1737 1930 1921 1983 calore

362 2013 500 2072 fovit
526 2016 645 2069 sine
679 2017 879 2079 studio,
910 2031 973 2071 ac
1014 2027 1331 2084 Spontanea,
1368 2019 1538 2071 instar
1570 2019 1733 2072 veluti
1775 2029 1929 2072 auto-

362 2115 589 2171 matum,
617 2108 955 2177 operatione,
988 2116 1173 2177 utpote
1200 2110 1290 2177 qui
1322 2124 1475 2177 teque
1500 2118 1715 2163 creator
1740 2120 1841 2173 est,
1872 2120 1928 2163 ut

360 2214 643 2269 supremus
701 2200 789 2256 ille
849 2201 1175 2255 architectus
1207 2201 1314 2270 (76)
1355 2200 1518 2264 Deus,
1557 2200 1648 2269 qui
1688 2202 1925 2255 tellurem

361 2292 531 2362 ipsam
559 2294 712 2348 initio
735 2294 1117 2349 subsistentem
1160 2293 1304 2358 fecit,
1342 2302 1397 2347 et
1434 2308 1553 2347 cum
1593 2308 1700 2361 quo
1744 2307 1925 2362 aequa-

359 2382 464 2437 lem
492 2384 1067 2455 liabetoperationem;
1100 2394 1499 2454 utcognoscere
1528 2384 1680 2438 nobis
1716 2384 1841 2439 licet
1860 2400 1927 2439 ex

359 2476 447 2536 iis.
477 2491 595 2545 quae
629 2478 770 2533 sacri
819 2479 1111 2548 scriptores
1160 2477 1529 2539 declararunt,
1573 2491 1707 2544 quos
1757 2476 1926 2545 subji—

358 2570 461 2624 ciu.
497 2569 596 2624 Job
645 2588 659 2625 ε
697 2588 716 2621 ι
763 2571 993 2639 Spiritus
1024 2569 1169 2641 (77)
1220 2570 1455 2632 divinus,
1508 2567 1599 2639 qui
1652 2567 1778 2621 fecit
1818 2582 1926 2631 me,

356 2660 513 2717 ﬂatus
569 2673 746 2717 autem
800 2663 1213 2731 Onmipotentis,
1267 2662 1357 2731 qui
1412 2663 1569 2716 docet
1616 2675 1717 2714 me.
1757 2677 1777 2712 ι
1827 2658 1930 2713 Da-

357 2753 444 2805 vid
498 2752 550 2806 in
602 2753 809 2821 psalmo
860 2754 1073 2820 quidem
1126 2766 1219 2805 cm
1262 2763 1277 2802 :
1330 2768 1349 2801 ι
1380 2748 1604 2802 Emittes
1639 2746 1751 2817 (78)
1802 2745 1927 2814 Spi-

356 2844 519 2896 ritum
576 2854 744 2905 tunm,
792 2854 847 2896 et
890 2842 1235 2907 creabuntur,
1299 2850 1354 2894 et
1405 2839 1686 2893 renovabis
1736 2838 1925 2889 faciem

360 2941 541 2985 terrae.
568 2951 589 2983 ι
627 2933 679 2987 ld
728 2933 1014 2986 confirmat
1040 2931 1326 3000 Apostolus
1355 2931 1407 2984 in
1458 2928 1689 2983 secunda
1723 2927 1789 2979 ad
1820 2926 1926 2980 Co-

356 3022 588 3076 rinthios
622 3022 851 3092 Epistula
888 3040 900 3075 :
938 3041 956 3074 ι
999 3022 1179 3091 Itaque
1204 3022 1313 3093 (79)
1344 3022 1386 3074 si
1432 3021 1552 3090 quis
1592 3020 1641 3072 in
1688 3018 1925 3079 Christo,

358 3127 494 3167 nova
520 3124 770 3168 creatura
802 3132 815 3167 :
855 3124 1035 3168 vetera
1068 3113 1431 3168 transierunt:
1457 3126 1583 3166 ecce
1615 3125 1751 3164 nova
1785 3109 1924 3162 facta

356 3214 483 3259 sunt
514 3208 714 3259 omnia.
749 3225 767 3257 ι
806 3206 860 3259 In
886 3206 1093 3277 pSalmo
1126 3217 1304 3260 autem
1332 3220 1520 3258 χχχιιι
1557 3222 1576 3256 ι
1617 3201 1789 3257 Verbo
1811 3201 1922 3271 (80)

357 3296 570 3352 Domini
607 3299 727 3352 coeli
756 3299 950 3352 ﬁrmati
984 3307 1127 3362 sunt,
1146 3308 1201 3351 et
1230 3296 1433 3366 Spiritu
1465 3295 1575 3349 oris
1600 3294 1716 3363 ejus
1734 3309 1921 3347 omnes

356 3388 583 3443 virtutes
610 3404 817 3444 eorum.
854 3408 872 3441 ι
902 3389 1029 3455 Quae
1071 3404 1230 3458 porro
1258 3404 1322 3442 ex
1365 3385 1522 3453 hujus
1555 3384 1772 3453 capituli
1802 3398 1922 3437 sen-

357 3482 521 3535 tentia
551 3482 725 3553 colligi
759 3494 997 3552 possunt,
1030 3481 1364 3535 inobservata
1402 3493 1466 3533 ne
1493 3487 1798 3548 prmtereas.
1826 3474 1921 3529 Ni-

355 3571 552 3628 mirum
592 3575 725 3644 ipse,
758 3584 939 3646 utpote
983 3584 1195 3630 creator
1226 3582 1280 3624 et
1312 3574 1481 3626 bonus
1512 3571 1671 3632 Deus,
1700 3583 1922 3622 manens

354 3680 571 3735 semper
619 3666 853 3738 Spiritus
907 3669 1021 3730 Dei.
1090 3666 1332 3722 stabilem
1394 3673 1657 3719 creatura».
1698 3659 1921 3728 largitur

354 3756 672 3824 amicitiam,
727 3768 782 3813 et
836 3756 1291 3814 indissolubilibus
1338 3770 1458 3811 eam
1504 3753 1757 3811 astrinxit
1806 3751 1921 3803 vin-

354 3846 511 3912 culis,
553 3848 871 3916 ﬁrmamque
936 3858 991 3904 et
1038 3850 1416 3905 inconcussam
1464 3846 1666 3918 posuit.
1718 3854 1923 3911 suaque

448 3960 536 4025 71)
581 3961 735 4015 Hunc
771 3962 931 4017 Deus.
961 3965 1079 4017 Act.
1116 3978 1169 4024 χ,
1194 3961 1286 4017 40.
1561 3939 1577 3951 ι

452 4029 762 4099 72)Sglvite.
783 4032 936 4087 .Ioan.
957 4032 1098 4094 ".19
1112 4032 1237 4086 etii
1251 4074 1266 4088 .
1283 4032 1400 4084 Bib.
1420 4034 1621 4094 ἐκεῖνος
1635 4044 1729 4099 pro
1743 4027 1923 4090 αὐτός.

449 4095 537 4157 75)
577 4098 687 4166 Ego
710 4118 862 4167 pono.
898 4100 1053 4154 Joan.
1086 4117 1143 4164 χ,
1182 4102 1247 4155 17
1272 4112 1325 4156 et
1359 4102 1445 4156 18.

452 4169 538 4237 74)
580 4168 727 4223 Pana
757 4186 892 4224 eam.
928 4170 1113 4225 Graeca
1142 4171 1305 4225 editio
1335 4172 1423 4226 hic
1446 4170 1611 4237 addit,
1639 4170 1731 4223 ἀπ’
1756 4170 1924 4239 ὲμαυ-

347 4237 467 4308 τοῦ,
491 4240 554 4308 id
588 4248 669 4308 est
706 4258 723 4288 ι
755 4255 781 4290 a
812 4255 897 4292 me
929 4242 1063 4308 ipso.
1098 4259 1117 4291 ι

424 4305 536 4378 (75)
577 4306 834 4378 Christus.
868 4309 923 4363 In
943 4305 1110 4378 prima
1148 4308 1289 4378 Petri
1318 4325 1401 4372 III,
1437 4310 1523 4365 18.
1557 4310 1749 4371 Voces,
1783 4308 1921 4378 ὑπὲρ

349 4372 529 4448 ἡμῶν,
548 4380 741 4431 onnttit
765 4372 955 4433 Graeca.
977 4380 1156 4434 editio.
1174 4377 1279 4432 Pro
1308 4379 1574 4437 ἀπέθανεν
1597 4372 1920 4448 θιιιΙθιιιᾼριιιζ

2030 1833 2323 1903 θρωπίναις
2368 1835 2618 1905 άνομίαις
2648 1835 2743 1905 τὴν
2785 1836 2888 1906 γῆν
2937 1836 3243 1890 ἀνεκαίνισε
3284 1835 3475 1897 πάλιν,
3511 1838 3605 1889 xui

2028 1924 2285 1993 ἀνέθαλῲε
2320 1926 2379 1977 τὸ
2406 1925 2625 1995 Πνεῦμα
2650 1926 2710 1978 τὸ
2735 1927 2887 1995 άγιον
2915 1926 3037 1980 ἄνευ
3073 1929 3481 1998 πραγματείας,
3514 1928 3606 1981 καὶ

2027 2010 2135 2068 οἷον
2166 2016 2502 2085 αὐτομάτως,
2526 2018 2618 2071 ἆτε
2654 2018 3077 2088 συνδημιουργὸς
3112 2019 3205 2072 xui
3229 2021 3488 2090 ίσουργὸς
3510 2020 3604 2073 τοῦ

2029 2109 2428 2178 ὑποστήσαντος
2458 2109 2623 2178 αὐτὴν
2651 2112 2769 2162 κατ’
2799 2110 2972 2181 ἀρχὰς
3002 2112 3294 2181 ἀρχιτέχνα
3327 2111 3493 2177 Θεοῦ,
3532 2112 3607 2174 ὡς

2028 2202 2226 2269 γνῶναι
2283 2202 2409 2271 ἡμῖν
2450 2202 2679 2269 ἐφίεται,
2727 2202 2786 2266 ἐξ
2819 2196 2892 2256 ὧν
2925 2203 3184 2273 ἐξέφηναν
3220 2198 3397 2257 οὗτοιθ
3447 2204 3601 2258 ’1ώ6’

2034 2312 2051 2344 ι
2086 2292 2305 2363 Πνεῦμα
2340 2292 2499 2359 θεῖον,
2530 2293 2590 2345 τὸ
2616 2294 2847 2364 ποιῆσάν
2879 2310 2976 2365 με·
3011 2296 3146 2365 πνοὴ
3181 2295 3236 2348 δὲ
3286 2295 3605 2367 παντοκρά-

2028 2402 2202 2456 τορος.
2236 2386 2611 2455 ήδιδάσκουσά
2644 2403 2734 2456 με.
2777 2406 2794 2438 ι
2849 2388 3008 2440 Δαυῖδ
3045 2391 3102 2441 ὲν
3138 2388 3234 2459 μὲν
3264 2396 3346 2459 ργ⁹
3374 2388 3603 2457 ψαλμῷ,

2037 2497 2055 2529 ι
2095 2479 2496 2541 Ἐξαποστελείς
2530 2477 2591 2530 τὸ
2629 2478 2850 2548 Πνεῦμά
2897 2497 3009 2543 σου,
3048 2479 3141 2532 xui
3193 2480 3602 2550 κτισθήσονται,

2031 2572 2125 2624 xui.
2154 2573 2483 2633 ἀνακαινιεῖς
2522 2570 2581 2623 τὸ
2616 2571 2900 2641 πρόσωπον
2951 2572 3050 2640 τῆς
3085 2572 3207 2641 γῆς.
3252 2590 3271 2622 ι
3303 2570 3479 2623 Τοῦτο
3516 2569 3603 2639 βε-

2030 2662 2173 2716 ϐαιοῖ
2203 2665 2231 2716 ὁ
2272 2660 2606 2727 Ἀπόστολος.
2638 2663 2863 2734 γράφων
2892 2662 3287 2733 Κορινθίοιςτὸ
3314 2662 3599 2733 δεύτερον

2034 2776 2052 2807 ι
2092 2759 2251 2809 Ὥστε
2296 2757 2347 2809 εἴ
2378 2774 2461 2819 τις
2501 2758 2556 2808 ὲν
2591 2754 2830 2827 Χριστῷ,
2868 2754 3027 2824 καινὴ
3055 2753 3259 2817 κτίσιςο
3294 2754 3363 2806 τά
3397 2755 3601 2823 ἀρχαῖα

2030 2848 2327 2920 παρῆλθεν,
2359 2848 2465 2900 ἰδοὺ
2496 2847 2683 2916 γέγονε
2711 2846 2873 2899 καινὰ
2899 2845 2966 2898 τά
2995 2846 3189 2898 πάντα.
3222 2864 3239 2893 ι
3286 2846 3374 2897 Ἐν
3421 2845 3483 2896 δὲ
3525 2842 3601 2911 λξῖ

2027 2948 2261 3019 ψαλμῷ·
2306 2967 2325 2999 ι
2363 2946 2452 3017 Τῷ
2493 2948 2647 3018 Λόγῳ
2682 2948 2883 3017 Κυρίου
2918 2949 2964 2999 οἱ
3002 2946 3216 3016 οὐρανοὶ
3260 2944 3597 3015 ἐστερεώθη-

1953 3084 1994 3140 C
2034 3071 2151 3116 σαν,
2186 3053 2278 3105 xui
2316 3050 2392 3120 τῷ
2427 3051 2702 3121 Πνεύματι
2730 3049 2822 3102 τοῦ
2852 3048 3113 3119 στόματος
3146 3047 3308 3100 αὑτοῦ
3339 3050 3516 3101 πᾶσαι
3546 3050 3598 3101 αι

2029 3156 2284 3226 δυνάμεις
2344 3153 2538 3207 αὐτῶν.
2597 3173 2614 3205 ι
2674 3152 2757 3222 Μὴ
2827 3152 3187 3223 παραδράμῃς
3244 3152 3312 3204 τά
3374 3153 3598 3205 αὐτόθεν

2030 3246 2320 3301 ἀκούεσθαι
2351 3244 2655 3313 δυνάμεναο
2694 3244 2805 3296 ἀλλ’
2840 3244 2936 3307 ἴδε,
2973 3245 3163 3314 ὅτιπερ
3210 3243 3285 3306 ὡς
3326 3242 3595 3313 δημιουρ-

2028 3349 2123 3417 γὸς
2151 3348 2242 3401 xui
2272 3345 2472 3413 ἀγαθὸς
2502 3345 2634 3409 Θεὸς
2661 3346 2833 3416 μένων
2878 3347 2956 3409 εἰς
2995 3346 3080 3398 ἀεὶ
3122 3346 3181 3398 τὸ
3227 3345 3457 3415 Πνεῦμα
3505 3344 3595 3396 τοῦ

2027 3453 2183 3516 Θεοῦ,
2211 3451 2391 3521 φιλίαν
2416 3452 2639 3522 μόνιμον
2667 3455 2733 3522 τῇ
2769 3453 2941 3505 κτίσει
2984 3456 3224 3523 χορηγεῖ,
3255 3453 3351 3506 xui
3381 3454 3596 3513 ἀλύτοις

2026 3556 2191 3629 αὐτὴν
2228 3556 2444 3626 ἔσφιγξε
2491 3557 2728 3626 δεσμοῖς,
2777 3558 2868 3610 xui
2897 3559 3126 3629 ἧδρασεν
3179 3559 3591 3620 ἀκατάσειστον,

2027 3651 2120 3704 xui
2152 3649 2330 3702 πάντα
2360 3652 2425 3719 τῇ
2461 3648 2652 3701 ἑαυτοῦ
2676 3650 2898 3720 δυνάμει
2926 3650 3165 3721 στηρίξει
3185 3667 3199 3680 ο
3236 3650 3328 3703 xui
3363 3652 3447 3704 ὅτι
3470 3651 3593 3704 ἀθέ-

2030 3742 2179 3814 μιτόν
2209 3744 2321 3794 ἐστι
2352 3741 2554 3811 κτίσμα
2587 3742 2771 3795 καλεῖν
2812 3744 2871 3795 τὸ
2907 3743 3087 3807 κτίζον
3130 3744 3224 3795 xui
3263 3743 3593 3812 ὲνδυναμοῦν

2028 3830 2119 3884 τοῦ
2162 3827 2293 3881 Θεοῦ
2327 3827 2397 3880 τὰ
2437 3830 2725 3899 κτίσματα.
2758 3831 3021 3903 Συνεργδν
3052 3834 3157 3904 γάρ
3188 3835 3278 3885 xui
3309 3834 3591 3904 ὀμοούσιον

2097 3942 2209 4010 (78)
2251 3940 2486 3994 Emittes.
2514 3941 2655 3995 Psal.
2682 3957 2796 4005 cm,
2821 3958 2962 3997 vers.
2987 3944 3046 3997 5t
3083 3944 3193 4012 (seu
3228 3944 3338 4011 50).
3380 3945 3434 3999 ln
3455 3946 3588 3999 libro

2028 4012 2103 4067 De
2157 4012 2247 4077 Sp.
2290 4022 2466 4063 sancto
2520 4028 2665 4063 num.
2709 4014 2798 4075 5‘2,
2851 4013 2938 4066 ubi
3002 4014 3086 4068 hic
3132 4014 3277 4066 locus
3318 4016 3401 4069 bis
3438 4018 3591 4069 atl'er-

2027 4092 2135 4148 tur,
2184 4080 2339 4148 paulo
2378 4080 2534 4132 aliter
2591 4081 2779 4149 legisse
2822 4084 3086 4136 videbitur
3124 4083 3397 4148 Didymus,
3432 4087 3493 4145 :si
3537 4088 3585 4138 in

2023 4150 2409 4217 exeinplarinm
2472 4150 2610 4219 typis
2677 4153 3054 4220 impressorum
3109 4155 3428 4207 auctoritate
3490 4156 3587 4209 sis-

2026 4232 2218 4275 tamus.
2259 4220 2331 4272 Ea
2358 4221 2499 4272 enini
2534 4235 2649 4287 pro,
2700 4240 2717 4271 ι
2749 4225 2983 4283 emittes,
3014 4241 3031 4272 ι
3059 4222 3252 4276 habent
3284 4226 3583 4291 utrobique.

2027 4310 2045 4342 ι
2077 4291 2279 4344 emitte.
2313 4308 2331 4341 ι
2385 4292 2454 4341 At
2493 4291 2661 4343 codex
2712 4301 2893 4345 noster
2955 4306 3055 4345 ms.
3119 4294 3365 4358 quamvis
3413 4296 3585 4359 priore

2022 4361 2139 4413 loco
2180 4360 2371 4412 habeat
2411 4363 2684 4424 mendose,
2744 4373 2799 4413 ut
2865 4376 3003 4426 reor,
3045 4379 3064 4411 ι
3104 4362 3307 4425 emitte,
3340 4381 3358 4412 ›
3402 4364 3451 4415 in
3510 4379 3584 4415 se-

350 4428 629 4501 ,‘.{,'1,’,;be’,'
658 4428 947 4508 ἐπάξω
981 4428 1564 4517 ᾆξ’·ί-ιςέέέιῖέτξέῖζ,
1602 4428 1913 4515 ’ςέδέ-γως,
1950 4428 1993 4482 ι)
2022 4431 2195 4517 catulo
2230 4440 2405 4517 la‘tnen
2444 4429 2623 4517 habet
2673 4449 2691 4480 ς
2726 4431 2960 4517 emittes.
2991 4430 3171 4517 ἔξω
3212 4433 3320 4517 ipsa
3376 4432 3583 4517 υίᾳῃιιι

350 4517 449 4589 int.
478 4517 630 4589 _|egit
685 4529 740 4570 ut
777 4519 1045 4589 Didymus.
1089 4516 1309 4573 Deinmn
1338 4536 1398 4573 ea
1428 4520 1591 4573 editio
1635 4518 1797 4589 habet
1840 4516 1915 4585 τῷ

350 4586 647 4657 Πνεύματι.
674 4592 767 4642 sed
792 4586 1074 4642 articulum
1106 4589 1363 4643 omissum
1395 4590 1481 4644 hic
1520 4604 1645 4657 puto
1690 4604 1717 4641 a
1748 4588 1915 4640 libra-

349 4658 459 4729 rio,
481 4673 546 4729 ex
572 4660 679 4729 his,
715 4674 833 4724 quia:
859 4661 964 4713 dixi
998 4661 1047 4712 in
1075 4667 1184 4711 not.
1223 4660 1291 4729 ad
1322 4675 1441 4729 pag.
1476 4660 1563 4712 12.

421 4726 841 4799 (16)Supremus
894 4732 1229 4799 architectus.
1276 4726 1333 4782 In
1377 4728 1586 4793 Grmco,
1627 4727 1917 4799 ἀρχιτέχνα

348 4795 519 4862 Θεοῦ,
574 4797 725 4866 cujus
788 4800 1094 4863 locutionis,
1151 4797 1563 4867 inﬂexioaisque
1624 4795 1729 4851 vix"
1772 4795 1915 4849 aliud

348 4868 771 4937 mihihactcnus
797 4871 1033 4922 Occurrit
1070 4868 1392 4937 exemplum.
1450 4870 1528 4924 Eo
1584 4878 1760 4921 autem
1804 4884 1918 4919 Ino-

348 4935 419 4990 do
453 4936 650 5010 _Deuin
702 4948 857 4992 vocat
918 4935 1264 5010 ἀρχιτέχναν,
1325 4950 1435 5001 aut,
1495 4942 1537 4993 si
1588 4938 1761 4997 malis,
1820 4938 1917 5010 ἀρ-

346 5006 635 5076 χιτέχνην,
683 5023 801 5078 quo
870 5006 1022 5063 viles
1058 5006 1291 5063 artifices
1354 5010 1603 5063 dicuntur
1665 5008 1918 5078 μικροτέ-

348 5092 472 5145 χναι
498 5091 511 5103 ·
547 5092 653 5144 quo
680 5076 944 5131 Pindarus
978 5081 1116 5146 apud
1149 5078 1493 5132 Plutarchum
1524 5081 1613 5133 lib.
1658 5076 1693 5132 II
1729 5076 1804 5130 De
1829 5093 1919 5128 ita--

347 5156 498 5216 tura,
525 5156 576 5197 et
629 5147 768 5216 apud
805 5147 1135 5202 Clementem
1180 5148 1598 5203 Alexandrinum
1643 5150 1739 5206 ait.
1794 5148 1916 5216 ἀρι-

348 5214 606 5288 στοτέχνα
634 5215 814 5288 Πάτερ
835 5233 848 5244 ·
878 5232 983 5283 quo
1029 5218 1152 5271 alibi
1216 5217 1430 5287 legitur,
1477 5221 1506 5272 ὁ
1535 5214 1917 5288 ἀριστοτέχνας

347 5283 560 5352 Πατήρ.
621 5284 744 5337 alibi
784 5283 1377 5357 ’νοιογάριστοτέχνῆςο
1418 5303 1524 5356 quo
1574 5283 1711 5357 apud
1771 5283 1917 5340 Aita-

345 5364 621 5429 creontem
658 5355 895 5429 nonnulli
931 5356 1111 5426 legunt
1148 5355 1469 5429 καλλιτεχνα
1511 5355 1797 5429 τόρευσον,
1824 5372 1917 5429 pro

345 5422 486 5494 καλὴ
518 5422 682 5491 τέχνα
717 5422 1006 5493 τόρευσονῖ
1042 5442 1148 5492 quo
1190 5422 1401 5480 demum
1443 5430 1509 5481 ab
1543 5422 1838 5494 Epiphanio
1866 5427 1919 5476 in

345 5494 793 5568 Auchoratocap.
814 5495 905 5559 28,
934 5494 1100 5550 Filius
1149 5507 1367 5568 vocatur
1404 5501 1431 5551 ὁ
1461 5499 1783 5568 ἀρχ·.τέχνης
1813 5495 1918 5548 Λό-

345 5579 464 5630 γος.
500 5563 551 5615 id
590 5570 671 5617 est
701 5582 720 5612 ι
755 5579 1035 5633 supremus
1057 5566 1246 5618 artifex
1284 5563 1597 5622 Verbunifu
1653 5563 1683 5568 "
1742 5563 1749 5566 ⁷

414 5632 525 5691 (77)
566 5632 816 5691 Spiritus.
848 5633 949 5689 Job
992 5652 1186 5691 χχχιιι.
1223 5636 1277 5691 4.
1313 5637 1441 5691 Vide
1462 5649 1572 5691 not.
1602 5637 1689 5691 Si.
1715 5652 1833 5691 uae.
1866 5634 1895 5684 7

414 5634 525 5702 (77)
566 5634 816 5693 Spiritus.
848 5634 949 5689 Job
992 5652 1186 5703 χχχιιι,
1211 5636 1277 5709 ,4.
1313 5637 1441 5695 Vide
1462 5649 1572 5693 not.
1602 5637 1689 5703 Si,
1712 5652 1833 5707 pagx
1866 5634 1916 5699 ⁷)

344 5710 397 5762 τι
427 5713 536 5759 not.
562 5701 652 5771 25,
682 5705 905 5776 pag.57.

2020 4501 2183 4552 verba
2219 4496 2409 4551 aﬁ‘erre
2443 4496 2630 4551 inutile
2652 4515 2753 4552 non
2781 4502 2906 4553 erit.
2941 4519 2959 4551 ι
2989 4500 3053 4553 Ει
3078 4501 3127 4552 in
3158 4496 3363 4569 psalmo
3392 4503 3459 4554 ad
3488 4496 3587 4555 Du-

2020 4572 2223 4623 Ininum
2255 4570 2451 4620 dicitur
2485 4584 2499 4619 :
2538 4588 2555 4617 ι
2592 4569 2816 4623 Auferes
2844 4573 2911 4623 ab
2940 4572 3018 4624 eis
3042 4572 3295 4637 Spiritum
3329 4581 3503 4633 tuum,
3535 4582 3586 4625 et

2023 4659 2041 4689 ι
2080 4638 2347 4700 deficient,
2372 4638 2495 4691 etin
2533 4647 2728 4691 terrain
2764 4654 2912 4692 suain
2958 4648 3291 4695 revertentur
3336 4660 3348 4694 :
3398 4646 3583 4695 emitte

2022 4728 2039 4759 ι
2085 4708 2339 4776 Spiritum
2375 4718 2539 4776 tuum,
2572 4716 2626 4760 et
2658 4712 3000 4773 creabuntnr,
3030 4710 3581 4765 etrenovahisfaciem

2023 4798 2041 4829 ι
2082 4775 2256 4833 terrae.
2292 4795 2311 4828 ι
2343 4775 2453 4830 Nec
2484 4779 2671 4829 mirmn
2722 4777 2764 4830 si
2800 4778 3057 4833 Dominici
3098 4790 3298 4830 tantum
3341 4785 3583 4847 corporis

2023 4850 2251 4916 Spiritus
2278 4858 2498 4899 sanctus
2530 4848 2775 4900 conditor
2800 4848 2889 4908 sit,
2923 4864 3041 4901 cum
3069 4848 3209 4901 Patri
3236 4848 3478 4917 Filioque
3500 4869 3581 4905 sn-

2019 4920 2213 4977 ciatus,
2249 4917 2437 4987 eadem
2472 4927 2732 4987 potestate
2762 4919 3245 4981 creaveritomnia,
3274 4937 3391 4987 quae
3424 4920 3581 4973 Pater

2020 4988 2243 5049 creavit,
2270 4994 2322 5039 et
2364 4985 2527 5039 Filius
2560 5005 2571 5037 :
2614 5004 2630 5035 ι
2666 4986 2857 5039 Emitte
2892 5006 2910 5039 ›
2946 4992 3109 5050 enim,
3136 4988 3231 5051 ait,
3269 4985 3575 5054 (Spiritum

2026 5076 2043 5107 ι
2090 5068 2256 5120 ιυιιιιι,
2310 5065 2363 5109 et
2392 5058 2734 5108 creabtmtnr.
2778 5055 2896 5110 rita
2951 5058 3002 5110 in
3056 5060 3211 5124 editis
3250 5059 3399 5112 libris
3434 5076 3445 5109 :
3488 5062 3575 5113 sed

2020 5139 2289 5194 postrema
2322 5127 2433 5178 huic
2465 5128 2661 5179 rectius
2713 5139 2778 5178 ex
2825 5138 2973 5193 parte
3011 5130 3222 5191 saltem,
3261 5136 3317 5181 ut
3348 5130 3572 5188 videtur,

2020 5202 2070 5248 in
2120 5209 2183 5247 eo
2223 5210 2378 5262 quem
2410 5196 2516 5247 dixi
2548 5198 2774 5249 codice:
2814 5214 2833 5246 ι
2872 5195 2980 5250 Nec
3004 5199 3191 5250 mirum
3222 5198 3265 5251 si
3318 5198 3572 5250 Domittict

2023 5274 2227 5317 tantum
2270 5268 2512 5331 corporis
2543 5265 2775 5333 Spiritus
2809 5276 3025 5321 sanctus
3051 5269 3314 5331 conditor,
3352 5269 3421 5321 sit
3454 5283 3571 5320 cum

2020 5335 2177 5389 l’atre
2230 5334 2473 5402 Filioque
2526 5336 2758 5387 sociatus
2797 5352 2810 5385 :
2848 5351 2967 5389 Clllll
2995 5339 3180 5390 eadem
3218 5348 3361 5390 creet
3398 5338 3570 5388 omnia

2020 5419 2139 5472 qua:
2173 5404 2330 5457 Pater
2356 5407 2577 5470 creavit,
2608 5414 2661 5457 et
2706 5403 2887 5459 Filius.
2931 5424 2948 5455 ι
2977 5405 3199 5461 Emittes
3232 5425 3251 5459 υ
3283 5407 3451 5474 enim,
3478 5408 3568 5468 ait,

2026 5492 2044 5525 ι
2074 5475 2329 5540 Spiritum
2355 5486 2523 5533 tuum,
2569 5476 2983 5528 etcrcabuntur.
3029 5494 3048 5526 ι

2092 5544 2202 5611 (79)
2244 5544 2447 5612 Itaque.
2484 5543 2520 5595 ΙΙ
2554 5547 2618 5596 nil
2651 5544 2776 5597 Cur.
2813 5558 2861 5608 v,
2895 5544 2979 5597 17.

2094 5614 2204 5683 (80)
2258 5611 2436 5668 Verbo.
2466 5614 2602 5669 l’sal.
2637 5629 2809 5682 χχχιι,
2847 5629 2983 5668 vers.
3012 5614 3063 5668 6.
