3732 6342
126 336 217 394 553

1115 334 1203 388 DE
1243 335 1618 392 'l‘RlNlTATE
1657 338 1874 394 LIBER.
1899 339 2069 394 SECU
2082 339 2211 394 ΜΠ]
2224 339 2281 395 S.

3226 348 3331 403 566

127 452 240 504 αὐτὸ
261 450 331 521 τῷ
363 449 497 520 Θεῷ,
522 450 608 503 ἅτε
635 449 858 520 Πνεῦμα
883 447 1044 503 αὐτοῦ
1085 448 1178 503 καὶ
1205 451 1479 514 δάκτυλον,
1508 452 1581 514 ὡς
1608 453 1662 501 ἐν

1839 451 1936 505 sius
1972 454 2210 520 potentia
2253 455 2410 507 rebus
2443 452 2694 507 omnibus
2727 455 2914 510 tribuit
2939 457 3280 512 stabilitatem
3311 479 3329 517 :

127 543 190 610 τῷ
214 540 399 611 πρώτῳ
429 541 634 610 ἐδείχθη
665 540 873 612 βιϐλίῳ,
1012 541 1065 612 ιι]
1093 543 1366 611 μυστικῶς
1389 543 1666 612 παριστῶν

127 636 175 685 ὲν
199 640 241 702 η’
263 631 450 702 φαλμῷ
484 633 841 702 προφητεύει·
879 650 898 682 ι
934 633 1054 685 Ὅτι
1099 631 1299 702 ὄψομαι
1348 634 1473 694 τοὺς
1505 633 1665 703 ούρα-

125 725 248 786 νοὸς,
276 722 408 792 ἔργα
436 722 544 775 τῶν
572 723 848 776 δακτύλων
880 741 994 777 σου.
1034 742 1051 774 ι
1089 723 1197 776 Καὶ
1244 723 1483 792 Μωῦσῆς
1513 723 1570 775 δὲ
1610 726 1665 776 ὲν

125 819 183 883 τῇ
205 813 421 875 Γενέσει,
449 813 558 866 ἀπὸ
583 811 675 864 τοῦ
715 813 850 866 Θεοῦ
880 813 972 866 καὶ
1000 813 1231 884 Πατρὸς,
1264 811 1398 883 πρὸς
1421 811 1512 864 τὸν
1543 813 1666 865 Υἱὸν

126 905 274 956 καὶτὸ
303 905 453 973 ἅγιον
478 905 640 959 αὐτοῦ
676 904 901 976 Πνεῦμά
931 922 1092 973 φηςιν
1118 919 1131 932 °
1173 923 1191 954 ι
1227 903 1544 974 Ποιήσωμεν
1577 905 1668 958 ἄν-

127 996 310 1065 Θρωπον
343 996 461 1046 κατ’
491 995 676 1048 εἰκόνα
705 995 800 1047 καὶ
829 995 1088 1064 ὁμοίωσιν
1116 993 1406 1063 ἡμετέραν,
1439 993 1530 1045 καὶ
1565 994 1665 1064 ἁρ-

125 1087 337 1153 χὲτωσαν
363 1087 472 1138 τῶν
507 1088 601 1140 ἐπὶ
623 1088 722 1159 τῆς
749 1088 870 1158 γῆς.
913 1105 931 1137 ι
973 1086 1047 1138 Ού
1077 1083 1184 1156 γὰρ
1210 1083 1493 1153 ἀγγέλους,
1517 1083 1550 1154 ἢ
1577 1084 1668 1138 ἄλ-

123 1179 178 1231 λα
202 1179 470 1249 πνεύματα
515 1179 674 1232 ἔλαϐε
721 1177 1194 1248 συγχειρουργοὺς,
1219 1175 1250 1246 ἦ
1281 1173 1618 1245 γνωμοδότας
1640 1177 1668 1227 6

124 1271 261 1332 656;°
286 1271 468 1342 ἐπειδὴ
499 1273 528 1325 6
556 1270 742 1333 δοῦλος
775 1271 875 1323 ούκ
899 1263 1056 1333 οἶδεν,
1091 1267 1143 1318 τί
1172 1267 1317 1318 ποιεῖ
1345 1264 1508 1319 αὐτοῦ
1536 1267 1564 1318 6
1590 1265 1670 1318 δε-

126 1361 315 1430 σπότης.
374 1362 510 1414 Οὐδὲ
555 1359 866 1432 εὑρίσκεται
929 1357 1144 1411 πώποτε
1193 1357 1272 1418 είς
1315 1353 1668 1425 δημιουργίαν

127 1452 535 1525 συμπαραλαϐὼν
597 1453 802 1522 κτίσμα
851 1449 1016 1521 (καθὰ
1068 1445 1230 1500 Δαυῒδ
1279 1445 1468 1517 ψάλλει
1503 1446 1560 1497 ὲν
1588 1443 1666 1514 λβ¹

122 1545 316 1616 (ξαλμῷο
354 1563 373 1596 ι
422 1546 482 1598 '0
521 1545 735 1608 πλάσας
778 1541 921 1597 κατὰ
971 1542 1136 1612 μόνας
1176 1538 1275 1602 τὰς
1314 1538 1538 1609 καρδίας
1569 1537 1667 1589 αύ-

122 1636 238 1688 τῶν·
268 1656 285 1689 ι
318 1638 408 1689 καὶ
427 1638 487 1689 ὲην
520 1637 636 1709 ρλη’
655 1653 669 1667 ο
708 1653 727 1686 ι
762 1635 874 1688 Οὐκ
899 1631 1103 1704 ἐκρύϐη
1135 1631 1194 1684 τὸ
1221 1629 1408 1684 ὀστοῦν
1443 1647 1541 1700 μου
1563 1628 1670 1682 ἀπὸ

125 1727 221 1806 σοῦ,
262 1727 288 1781 ὃ
324 1728 589 1799 ἐποίησας
620 1729 678 1781 ἐν
709 1728 914 1798 κρυφῇ.
965 1743 982 1776 ι
1025 1725 1134 1777 Καὶ
1180 1723 1255 1785 ὡς
1287 1720 1496 1784 Παῦλος
1538 1721 1669 1773 Ῥω-

124 1797 274 1886 μαίοις
304 1791 536 1890 γράψει’
571 1840 589 1870 ε
626 1819 722 1882 Τίς
917 1817 1056 1886 ἔγνω
1092 1815 1216 1868 νοῦν
1249 1813 1483 1885 κυρίους
1524 1813 1556 1882 ἢ
1585 1811 1666 1874 τίς
1699 1791 1739 1846 Β

121 1909 387 1980 σόμὸουλος
419 1909 590 1964 αὐτοῦ
622 1910 868 1978 ὲγένετο;
903 1929 920 1960 ι
953 1907 1098 1961 τοῦτ’
1120 1906 1284 1970 ἔστιν,
1312 1904 1413 1974 τῆς
1439 1902 1666 1964 κτίσεως

122 2003 281 2066 οὐδείς.
313 2004 518 2066 mm;
551 2001 662 2074 γὰρ
686 2001 806 2072 ἔχον
833 2001 894 2055 τὸ
930 2018 948 2051 ι
979 2000 1062 2063 τίς
1105 2016 1124 2049 ι
1153 1997 1309 2050 τοῦτο
1333 1994 1662 2067 προφαίνει).

124 2093 299 2159 Ἕδειξε
347 2095 402 2146 δὲ
459 2093 542 2166 τῷ
601 2094 699 2164 μὲν
763 2093 837 2164 μὴ
891 2093 1084 2155 εἰπεῖν,
1149 2091 1439 2158 Ποιήσατε,
1507 2086 1664 2150 ἀλλὰ,

128 2204 142 2234 ι
172 2185 490 2255 Ποιήσωμεν,
542 2205 564 2236 ι
608 2184 684 2248 ὡς
724 2184 826 2236 ούκ
857 2183 1003 2235 ἔστιν
1037 2180 1306 2252 ὑπουργὸς
1342 2181 1370 2232 6
1397 2178 1544 2241 Υἱὸς,
1574 2177 1668 2232 καὶ

123 2275 167 2326 16
215 2277 354 2344 ἅγιον
410 2276 666 2346 Πνεῦμα,
721 2273 856 2328 ἀλλὰ
902 2273 1182 2343 δυνάμεως
1242 2270 1335 2324 καὶ
1398 2269 1669 2339 θελήσεως

127 2369 260 2434 μιᾶς·
293 2367 364 2438 τῷ
399 2368 456 2421 δὲ
494 2369 823 2435 ἐπαγαγεῖν,
872 2385 890 2417 ι
925 2366 1044 2419 κατ’
1070 2365 1254 2419 είκόνα
1284 2366 1376 2418 καὶ
1408 2363 1666 2434 ὁμοίωσιν

124 2457 376 2528 ἡμετέραν,
417 2479 434 2508 ι
467 2459 547 2522 ὡς
588 2458 683 2528 μία
723 2457 870 2510 ἐστὶν
902 2457 1059 2510 οὐσία
1092 2459 1157 2528 τῇ
1193 2456 1382 2528 Τριάδι
1406 2470 1419 2485 ⁸
1468 2455 1560 2508 καὶ
1593 2453 1667 2516 ὡς

125 2547 171 2597 οὲ
200 2547 317 2617 πρὸς
345 2549 616 2616 ἀγγέλους
659 2549 872 2618 εἴρηται
919 2547 1093 2611 τοῦτο,
1140 2549 1252 2610 τοῖς
1292 2544 1533 2618 ἀπείρως
1576 2545 1670 2598 καὶ

124 2639 484 2701 ἀσυνεικὰστως
515 2642 579 2692 ὲν
609 2640 746 2709 μείω
772 2639 869 2710 τὴν
902 2639 1084 2691 εἰκόνα
1115 2639 1205 2690 καὶ
1227 2639 1480 2708 ὁμοίωσιν
1513 2635 1667 2707 ἔχου-

129 2745 192 2782 σιν
213 2731 272 2799 (εἰ
303 2730 587 2784 ἀκίνδυνον
625 2731 804 2794 τοῦτο,
861 2731 935 2794 ὼς
981 2730 1286 2802 ἄνθρωπον,
1334 2729 1526 2800 εἰπεῖν)
1572 2729 1670 2799 τῆς

128 2822 349 2886 ἁνειδέου,
395 2825 490 2876 καὶ
537 2823 973 2894 ἀσχηματίστου,
1021 2824 1114 2875 καὶ
1149 2824 1386 2894 ἀρρήτου
1421 2821 1668 2893 Τριάδος.

128 2912 198 2965 Διὸ
231 2916 491 2986 ἐπήγαγεν
529 2920 558 2970 6
598 2917 760 2979 αὐτὸς
797 2917 1181 2987 κοσμογράφος
1203 2933 1216 2946 ⁸
1260 2936 1277 2967 ι
1324 2917 1432 2969 Καὶ
1483 2915 1668 2986 ἐποίη-

130 3018 200 3053 σεν
222 3007 247 3056 ὁ
270 3005 392 3067 Θεὸς
418 3006 508 3059 τὸν
536 3003 827 3074 ἄνθρωπον
848 3021 860 3032 ·
886 3006 1006 3057 κατ’
1032 3003 1214 3056 εἰκόνα
1243 3001 1377 3054 Θεοῦ
1416 3002 1669 3070 ἐποίησεν

128 3092 258 3146 αὐτόν
275 3112 287 3124 ⁸
311 3095 469 3164 ἄρσεν
492 3097 588 3149 καὶ
621 3096 755 3166 Οῆλυ
783 3095 1034 3166 ἐποίησεν
1067 3093 1262 3156 αύτούς
1283 3111 1295 3123 ·
1324 3093 1417 3145 καὶ
1442 3092 1666 3163 εὐλόγη-

129 3199 200 3234 σεν
244 3186 464 3250 αὐτούς’
513 3207 532 3239 ι
577 3187 674 3240 καὶ
705 3185 898 3239 πάλιν·
946 3205 963 3236 ι
1010 3185 1147 3238 Ἰδεν
1200 3188 1228 3238 ὁ
1260 3185 1411 3248 Θεὸς,
1449 3187 1529 3238 ὅτι
1567 3203 1666 3238 κα·-

126 3273 215 3326 λόν·
248 3295 265 3326 ι
304 3279 358 3330 ὲν
393 3272 476 3340 οἷς
507 3281 695 3349 ῥητοῖς
735 3274 889 3341 αὖθις
917 3279 1016 3348 τῆς
1043 3277 1356 3341 αὐτοτελοῦς
1404 3278 1496 3330 καὶ
1521 3294 1669 3345 γενε-

129 3372 343 3440 σιουργοῦ
383 3371 617 3442 Τριάδος
644 3372 705 3423 16
731 3371 955 3444 τέλειον,
983 3373 1076 3423 καὶ
1111 3371 1399 3441 σύμφωνον
1419 3413 1432 3436 ,
1460 3372 1554 3423 καὶ
1581 3388 1669 3423 κο·

129 3462 372 3529 σμητικὸν,
404 3463 499 3516 καὶ
523 3463 733 3516 ἐπίπαν
761 3463 988 3533 ἄφθονον
1020 3463 1340 3533 σημαίνεται
1372 3462 1664 3532 μυστικῶς.

136 3550 319 3624 Ἐπειδὴ
349 3555 520 3608 ταῦτα
545 3553 721 3626 [83'b]
757 3553 999 3624 θεάτρων
1023 3554 1119 3623 μὲν
1154 3554 1246 3605 καὶ
1277 3552 1514 3624 πλήθους
1546 3554 1668 3618 ἄξια

127 3641 205 3711 οὐχ
225 3645 452 3714 ἡγήσατο
492 3643 640 3698 εἷναι
670 3646 698 3696 6
726 3646 989 3714 Μωῦσῆς,
1018 3646 1180 3715 ἠτουν
1219 3647 1246 3698 ὁ
1275 3646 1546 3716 ὲνηχήσας
1574 3647 1669 3698 αύ-

127 3737 188 3805 τῷ
213 3739 357 3802 Θεός·
379 3741 654 3794 τοσούτων
684 3740 758 3804 δὲ,
785 3717 909 3793 ὃῖον
941 3739 1014 3810 μὴ
1049 3743 1378 3810 παρανομεῖν
1419 3741 1474 3804 ἐς
1499 3739 1670 3793 ταῦτα

127 3825 331 3895 ἔμελλον.
378 3851 396 3884 ι
419 3834 678 3904 Ἐποίησε
709 3852 728 3884 ›
770 3833 878 3902 γὰρ
906 3852 923 3884 ι
948 3834 976 3885 6
1023 3831 1178 3894 Θεὸς,
1227 3851 1245 3883 ι
1281 3830 1424 3884 τοῦτ’
1467 3831 1611 3885 ἔστιν
1642 3834 1670 3884 6

129 3917 247 3984 Υἱὸς,
273 3923 388 3976 «τὸν
409 3925 701 3996 ἄνθρωπον
731 3924 849 3977 κατ’
871 3923 1055 3975 εἰκόνα
1093 3923 1248 3983 Θεοῦ,
1295 3943 1313 3974 ι
1351 3921 1494 3976 τοῦτ’
1525 3923 1668 3975 ἔστιν

127 4012 202 4063 τοῦ
223 4014 438 4086 Πατρὸς,
467 4037 484 4068 ι
519 4017 780 4086 ἐποίησεν
804 4016 984 4079 αὑτὸν,
1015 4016 1109 4071 καὶ
1132 4013 1239 4068 ἴδεν
1259 4016 1287 4068 6
1315 4014 1465 4078 Θεὸς,
1493 4032 1509 4065 ι
1544 4012 1668 4067 τοῦτ

131 4099 250 4156 ἐςτιν
284 4107 339 4160 τὸ
381 4109 644 4180 Πνεῦμα,
685 4128 703 4160 ι
744 4109 824 4161 ὅτι
858 4107 1050 4171 καλὸν,
1085 4108 1178 4160 καὶ
1230 4107 1521 4177 εὐλόγησεν
1571 4107 1669 4158 αύ-

129 4198 247 4262 τούς,
281 4219 297 4250 ι
326 4201 466 4254 τοῦτ’
498 4202 650 4254 ἐστιν
686 4201 936 4271 ἡγίασεν.
977 4200 1049 4252 Τὸ
1083 4200 1162 4263 δὲ,
1201 4217 1220 4250 ι
1255 4201 1374 4252 κατ’
1401 4198 1604 4262 εἰκόνα,
1647 4218 1664 4248 ι

129 4289 187 4354 ὠς
211 4295 320 4363 ἐμοὶ
353 4295 518 4357 δοκεῖ,
559 4293 802 4362 νοητέον,
830 4294 911 4346 ὅτι
955 4294 1019 4345 ὲκ
1056 4292 1150 4344 τοῦ
1191 4289 1375 4344 θεῖκοῦ
1421 4291 1671 4361 φυσήμα-

129 4396 200 4443 'ru;
226 4382 278 4435 16
317 4384 538 4454 Πνεῦμα
596 4383 658 4435 τὸ
705 4381 970 4436 ἀθάνατον
1003 4379 1220 4450 ἔχομεν,
1272 4380 1367 4432 καὶ
1426 4379 1548 4432 νοῦν
1586 4380 1671 4432 ἀεὶ

1768 544 1916 597 nefas
1973 559 2098 598 vero
2153 554 2236 599 est
2293 554 2594 599 creaturam
2643 545 2787 598 illum
2837 562 3052 612 vocare,
3100 550 3188 617 qui
3238 550 3328 604 Dei

1767 646 2047 690 creaturas
2080 645 2250 698 creat,
2291 645 2346 688 et
2401 636 2504 688 vim
2552 635 2683 703 ipsis
2716 651 2930 692 omnem
2975 640 3277 706 impertitur
3314 659 3328 694 :

1767 727 1941 795 Ipsum
2004 726 2149 779 enim
2196 726 2357 780 simul
2404 741 2526 780 cum
2561 726 2669 781 Deo
2707 731 2944 798 operari,
2980 741 3033 784 et
3072 731 3182 784 Deo
3231 731 3330 800 ipsi

1767 815 2279 870 consubstantialem
2325 831 2464 882 esse,
2508 825 2691 887 utpote
2727 819 2820 888 qui
2869 819 3102 889 Spiritus
3140 822 3331 890 ipsius,

1766 920 1831 959 ac
1865 905 2074 977 Digitus
2130 916 2230 970 est,
2292 916 2351 960 ut
2402 907 2676 977 injprimo
2735 907 2871 963 libro
2911 910 3022 980 (8|)
3055 921 3329 965 ostensum

1768 995 1891 1060 fuit,
1923 998 2148 1067 mystice
2187 998 2455 1059 indicans,
2485 999 2945 1070 comprobansque
2977 1002 3030 1055 in
3065 1017 3156 1056 νιιι
3191 1002 3332 1071 psal—

1769 1100 1856 1139 mo
1882 1086 1962 1141 sic
1989 1087 2272 1155 prophetat
2304 1087 2468 1142 David
2493 1105 2509 1142 :
2535 1107 2552 1139 ι
2579 1087 2840 1154 Quoniam
2857 1088 2966 1159 (82)
2999 1091 3190 1146 videbo
3220 1105 3331 1146 cce—

1769 1177 1869 1243 los,
1903 1191 2066 1248 Opera
2097 1178 2384 1248 digitorum
2433 1188 2667 1234 tuorum.
2703 1199 2722 1232 ›
2761 1180 2932 1236 Moses
2973 1197 3105 1236 vero
3132 1183 3184 1236 in
3223 1181 3330 1237 Ge-

1770 1270 1884 1323 nesi
1909 1284 1973 1324 ex
2006 1282 2233 1338 persona
2262 1268 2354 1322 Dei
2392 1279 2445 1324 et
2473 1269 2647 1324 Patris
2680 1270 2897 1336 Filium,
2931 1272 3096 1343 184,
3113 1281 3168 1326 ει
3210 1287 3334 1326 san-

1769 1371 1914 1415 ctum
1949 1360 2065 1427 ejus
2097 1361 2354 1430 Spiritum
2380 1361 2459 1416 sic
2489 1361 2779 1432 alloquitur
2806 1380 2820 1417 :
2855 1381 2873 1414 ι
2907 1363 3192 1418 Faciamus
3223 1363 3330 1432 (85)

1772 1450 2042 1504 hominem
2065 1449 2217 1518 juxta
2244 1450 2526 1520 imaginem
2555 1461 2608 1504 et
2631 1451 3036 1508 similitudinem
3069 1464 3330 1515 nostram,

1769 1551 1823 1596 et
1851 1541 2190 1594 dominentur
2211 1540 2265 1594 in
2297 1541 2406 1606 illa,
2431 1557 2550 1610 qua:
2571 1553 2700 1598 sunt
2734 1544 2787 1597 in
2819 1552 2979 1598 terra.
3009 1563 3027 1596 ι
3063 1543 3331 1599 Necenim

1769 1645 2166 1700 c00peratores,
2201 1642 2294 1686 aut
2343 1635 2680 1690 consiliarios
2726 1637 2956 1706 sumpsit
3002 1637 3140 1690 Deus
3173 1652 3336 1706 ange-

1771 1723 1871 1788 los,
1917 1724 1998 1778 vel
2040 1724 2176 1778 alios
2203 1725 2425 1793 spiritus
2471 1747 2484 1782 :
2519 1728 2772 1796 quoniam
2814 1741 3004 1782 servus
3029 1742 3132 1781 non
3167 1729 3334 1793 novit,

1769 1815 1897 1882 quid
1929 1815 2090 1869 faciat
2145 1817 2392 1872 dominus
2428 1819 2588 1888 ejus;
2630 1834 2801 1887 neque
2853 1818 3183 1873 inveniemus
3213 1834 3333 1872 eum

1768 1921 2000 1974 unquam
2053 1909 2118 1962 ad
2167 1910 2495 1963 creationem
2555 1910 2756 1963 sociam
2813 1909 2912 1965 sibi
2977 1911 3334 1979 assumpsisse

1767 2010 2069 2053 creaturam
2119 1999 2294 2070 (sicut
2357 1999 2516 2054 David
2561 2001 2739 2068 psallit
2785 2001 2836 2053 in
2896 2016 3041 2053 χχχιι
3085 2001 3332 2066 psalmo:
3388 2009 3404 2027 '

1773 2108 1791 2139 ι
1844 2090 1943 2155 Qui
1987 2089 2267 2162 ﬁnxit(84)
2310 2090 2619 2161 singillatim
2678 2091 2836 2145 corda
2886 2105 3147 2145 eorum.)
3187 2091 3251 2144 Et
3284 2093 3365 2144 in.

1768 2199 2006 2239 cxxxvut
2037 2205 2050 2239 :
2087 2205 2104 2237 ι
2138 2185 2252 2240 Νοιι
2282 2195 2362 2240 est
2381 2185 2493 2255 (85)
2531 2186 2852 2240 occultatum
2893 2200 2955 2240 os
2993 2200 3166 2239 meum
3198 2199 3227 2236 a
3262 2193 3334 2243 te,

1769 2277 1910 2343 quod
1948 2274 2121 2329 l’ccisti
2150 2277 2204 2329 in
2239 2277 2491 2343 occulto;
2527 2295 2544 2328 ι
2575 2285 2628 2329 ει
2656 2276 2802 2338 sicut,
2825 2274 3019 2330 Paulos
3046 2277 3110 2328 a-I
3142 2274 3337 2328 Itonia-

1770 2383 1867 2422 nos
1895 2368 2126 2422 scribit:
2163 2387 2180 2418 ι
2211 2367 2342 2434 Quis
2387 2369 2528 2421 enim
2575 2366 2687 2437 (86)
2746 2367 2892 2420 novit
2945 2375 3174 2420 mentem
3233 2365 3335 2418 Do-

1771 2460 1924 2522 mini,
1963 2468 2056 2513 aut
2089 2461 2207 2529 quis
2233 2462 2571 2516 consiliarius
2603 2463 2718 2530 ejus
2753 2461 2879 2514 fuit?
2911 2479 2926 2510 ι
2971 2460 3027 2513 Id
3056 2468 3156 2521 est,
3195 2459 3334 2511 nulla

1770 2565 1833 2604 ex
1879 2553 2164 2606 creaturis.
2203 2551 2330 2604 Illud
2374 2553 2540 2617 enim,
2583 2571 2602 2604 ι
2641 2551 2922 2622 Qnis(87),
2953 2571 2971 2604 ι
3020 2551 3125 2606 late
3166 2563 3333 2619 patet,

1771 2652 1930 2711 atque
1964 2644 2065 2697 lwc
2108 2642 2416 2712 signiﬁcat).
2462 2643 2697 2697 Dicendo
2758 2655 2935 2696 autent
2984 2659 3088 2696 non
3124 2643 3334 2704 Facite,

1771 2734 1863 2788 sed
1898 2750 1916 2783 ι
1953 2732 2254 2797 Faciamus,
2283 2752 2301 2784 ι
2336 2735 2572 2788 ostendit
2598 2734 2898 2787 ministrum
2940 2748 3043 2787 non
3089 2751 3212 2788 esse
3255 2733 3338 2788 Fi-

1772 2823 1925 2887 lium,
1967 2838 2065 2878 nec
2095 2823 2357 2892 Spiritum
2409 2836 2676 2888 sanciunt,
2724 2825 2817 2878 sed
2864 2823 3020 2878 unius
3059 2839 3181 2877 cum
3220 2825 3334 2891 ipso

1771 2914 1881 2969 Deo
1927 2916 2179 2984 potentiae
2222 2925 2279 2970 et
2311 2915 2604 2969 voluntatis
2640 2933 2654 2968 :
2701 2914 3080 2981 subjungendo.
3117 2923 3334 2978 autem,

1777 3025 1795 3057 ι
1827 3007 2121 3062 secundum
2149 3006 2462 3075 imaginem,
2499 3016 2553 3058 et
2598 3003 3003 3058 similitudinem
3028 3009 3289 3066 nostram,
3309 3019 3332 3054 ι

1773 3115 1933 3154 unam
1981 3113 2100 3153 esse
2140 3097 2428 3153 essentiam
2473 3095 2757 3162 Trinitati;
2791 3107 2846 3148 et
2889 3094 3003 3148 haec
3029 3094 3094 3147 ad
3122 3093 3338 3160 angelos

1773 3193 1914 3247 dicta
1952 3208 2056 3246 non
2107 3205 2228 3246 esse
2272 3190 2505 3245 ostendit
2541 3189 2628 3253 iis,
2676 3187 2767 3258 qui
2798 3187 3064 3256 imperite,
3094 3193 3148 3240 et
3175 3185 3340 3240 stulte

1769 3283 1920 3352 parvi
1967 3280 2195 3345 faciunt,
2246 3290 2303 3335 et
2346 3276 2798 3346 imminuunt(88)
2828 3277 2894 3348 (si
2925 3275 3025 3330 hoc
3051 3276 3168 3328 sine
3199 3275 3340 3342 peri-

1769 3374 1890 3428 culo
1919 3372 2122 3427 homini
2151 3372 2327 3426 dicere
2355 3371 2500 3438 licet)
2525 3369 2807 3439 imaginem
2834 3382 2896 3420 ac
2928 3364 3336 3421 similitudinem

1769 3462 1940 3518 lorma
1983 3463 2250 3528 carentis,
2297 3475 2351 3516 et.
2409 3461 2591 3532 ﬁgurae
2649 3462 2916 3530 expertis,
2951 3468 3006 3514 et
3058 3456 3338 3510 ineﬁ‘abilis

1769 3551 2070 3608 Trinitatis.
2119 3553 2321 3608 Idcirco
2365 3552 2643 3622 subjunxit
2689 3551 2830 3604 idem
2872 3549 3333 3616 cosmographus:

1775 3661 1794 3696 ι
1826 3645 1892 3699 Ει
1937 3644 2065 3698 fecit
2097 3643 2206 3714 (89)
2245 3642 2386 3696 Deus
2421 3642 2690 3696 hominem
2725 3660 2739 3695 :
2792 3642 2858 3694 ad
2906 3641 3189 3710 imaginem
3243 3637 3336 3691 Dei

1771 3734 1900 3788 fecit
1934 3732 2082 3789 illum
2115 3751 2130 3788 :
2171 3732 2465 3788 masculum
2501 3742 2554 3785 et
2583 3732 2835 3788 feminam
2865 3730 2987 3783 fecit
3019 3744 3131 3792 eos,
3161 3738 3214 3781 et
3241 3727 3337 3780 be-

1770 3827 1975 3881 nedixit
2013 3840 2137 3891 eos;
2194 3843 2215 3879 ι
2265 3834 2319 3880 et
2361 3841 2546 3879 rursus
2590 3843 2604 3878 :
2642 3843 2659 3876 ι
2695 3821 2964 3893 Vidit(90)
3018 3820 3158 3874 Deus
3196 3820 3337 3889 quod

1770 3926 1913 3973 esset
1953 3919 2172 3972 bonum.
2215 3935 2234 3968 ›
2280 3917 2486 3982 Quibus
2538 3917 2590 3970 in
2650 3915 2828 3969 verbis
2881 3914 3107 3984 mystice
3152 3925 3340 3965 rursus

1770 4009 2048 4080 perfectio,
2087 4019 2142 4064 et
2190 4009 2499 4074 concordia,
2552 4017 2605 4063 et
2657 4007 2954 4062 exornandi
2997 4003 3242 4069 scientia,
3285 4011 3342 4056 et

1769 4103 2077 4158 omnimoda
2105 4102 2397 4157 liberalitas
2426 4100 2759 4172 signiﬁcatur
2799 4099 2960 4164 illius,
2991 4113 3107 4167 quis
3153 4111 3250 4166 per
3280 4112 3341 4150 se

1773 4198 1884 4265 ipsa
1941 4194 2178 4264 perfecta
2223 4203 2325 4255 est.
2385 4202 2439 4248 et
2497 4190 2828 4262 productrix,
2876 4187 3175 4243 Trinitatis.
3231 4185 3340 4240 Nec

1770 4292 1913 4345 enim
1942 4289 2133 4355 Moses,
2158 4299 2248 4342 aut
2289 4289 2450 4351 Deus,
2473 4303 2578 4356 quo
2606 4287 2650 4340 is
2679 4284 2895 4338 alﬁante
2921 4284 3159 4352 scripsit,
3187 4281 3342 4334 thea-

1776 4383 1873 4436 tris
1911 4381 2097 4446 veluti,
2129 4396 2192 4436 ac
2223 4381 2552 4434 multitudini
2604 4380 2718 4432 haec
2758 4377 3068 4445 exponenda
3106 4371 3336 4438 censuit,

136 4470 330 4540 θέοντα,
374 4476 468 4529 καὶ
521 4473 904 4545 κυϐερνῶντα,
976 4472 1061 4541 ἐφ’
1113 4471 1143 4524 ὃ
1175 4471 1311 4542 χρὴ,
1361 4472 1454 4525 καὶ
1516 4471 1666 4539 λόγον

1839 4475 1868 4527 d
1909 4473 2013 4528 illis
2037 4474 2285 4527 omnibus
2317 4482 2549 4534 tantum,
2596 4471 2684 4540 qui
2710 4469 2820 4539 (9|)
2855 4483 2916 4521 ca
2955 4466 3201 4521 violaturi
3232 4480 3338 4520 non

135 4570 266 4629 αυτὸν
285 4566 586 4636 ἀρέσκοντα
633 4564 712 4635 τῷ
741 4562 1018 4628 δεδωκότι,
1071 4564 1165 4616 καὶ
1215 4561 1512 4632 δυνάμενον
1573 4563 1666 4614 σὺν

133 4651 280 4706 πίστει
325 4656 670 4725 τεκνογονίας
709 4655 881 4709 αἴτιον
922 4653 1187 4724 γενεσθαιυ
1224 4652 1319 4706 καὶ
1360 4652 1525 4723 Cum“
1575 4653 1665 4706 καὶ

133 4745 617 4818 πκρῶνιέγέρσεως,
647 4749 740 4801 καὶ
772 4748 941 4818 ὀρέων
975 4747 1314 4818 μεταθέσεως
1339 4763 1352 4776 ·
1382 4745 1516 4816 πρὸς
1548 4746 1667 4798 τού-

132 4848 242 4900 τοις,
269 4838 343 4892 ὅτι
377 4841 784 4912 μετειλήφαμεν
823 4841 916 4893 καὶ
967 4839 1068 4908 τῆς
1108 4839 1273 4892 αὐτοῦ
1312 4838 1662 4908 ἀγαθότητος.

139 5075 151 5087 ι
190 5011 285 5083 (8|)
319 5014 379 5068 In
403 5018 571 5083 primo
605 5017 758 5070 libro.
795 5016 849 5070 ln
883 5017 946 5072 iis
983 5033 1174 5086 nempe
1207 5017 1491 5083 capitibus,
1544 5032 1662 5082 qua:

139 5086 433 5142 interierunt.
488 5087 756 5140 Czeterum
798 5088 850 5140 in
884 5088 1020 5140 libro
1048 5092 1208 5141 etiam
1251 5089 1321 5141 De
1362 5087 1454 5149 Sp.
1483 5098 1663 5139 sancto

141 5160 260 5228 ξιιεῐιΓ
290 5153 354 5206 20
389 5155 558 5210 l'nsius
586 5158 841 5222 ostendit,
879 5175 897 5208 ι
930 5159 1152 5228 digitum
1202 5159 1295 5213 Dei
1344 5177 1362 5210 ι
1399 5158 1663 5212 nominari

143 5213 356 5284 Spiritum
384 5239 648 5279 Sanctum.

217 5289 292 5358 82)
328 5292 598 5355 Quoniam.
632 5296 772 5350 Psal.
804 5311 919 5357 Vttt,
952 5313 1089 5353 vers.
1112 5297 1168 5351 4.

166 5422 178 5434 .
199 5359 292 5438 (θῇ)
325 5359 618 5438 Faciamus.
643 5367 778 5438 Gen:
804 5381 845 5438 ι,
873 5366 963 5421 26.
987 5367 1318 5438 Postremam
1353 5376 1528 5424 tamen
1551 5385 1667 5424 ver-

143 5428 486 5506 ftculipartem
519 5436 724 5506 breviat
754 5435 1027 5506 Didymus.
1068 5438 1206 5506 Lege
1241 5437 1554 5492 Tertulliani
1597 5441 1664 5493 li-

145 5491 271 5549 brum
298 5491 525 5557 adversus
559 5491 976 5573 Praxeatnkztp.
1014 5507 1102 5570 1'2,
1144 5491 1232 5561 {ibi
1277 5491 1664 5564 sittttleswal'fet't

145 5573 588 5629 argumentationes
607 5591 672 5630 ex
707 5577 787 5628 his
813 5575 1084 5630 Geneseos
1106 5577 1258 5631 locis.

335 5638 618 5708 Qui/iuit.
653 5645 794 5699 Psal.
830 5661 1000 5706 κχῖιι,
1037 5662 1175 5700 Vch.
1220 5648 1305 5701 15.

324 5704 558 5788 Ilotae“.
583 5713 719 5788 Psal.
757 5704 1016 5788 cxxxvut,
1047 5732 1188 5772 vers.
1222 5719 1284 5771 14
1309 5717 1425 5786 (seu
1466 5719 1572 5788 l5).

207 5771 298 5844 (86)
334 5775 452 5842 Qui:
477 5785 626 5840 enim.
652 5784 809 5840 Rom.
841 5800 912 5851 XI,
947 5771 1034 5839 5‘.

1773 4576 1974 4622 essent.
1999 4585 2017 4618 ι
2045 4567 2195 4621 Fecit
2231 4585 2248 4618 ι
2273 4567 2414 4621 enim
2439 4584 2456 4616 ι
2494 4562 2657 4632 Deus,
2681 4582 2697 4614 ι
2731 4564 2878 4617 idest
2903 4559 3090 4621 Filius,
3122 4577 3140 4608 ι
3165 4559 3335 4610 homi-

1774 4673 1895 4711 nem
1941 4672 1957 4710 :
2000 4659 2064 4712 ad
2119 4658 2403 4729 imaginem
2474 4657 2584 4720 Dei,
2625 4675 2642 4708 ι
2693 4655 2744 4708 id
2773 4663 2875 4718 est,
2921 4651 3118 4717 Patris,
3160 4669 3178 4700 ι
3213 4649 3341 4702 fecit

1774 4748 1940 4802 illum.
1973 4766 1992 4800 ι
2027 4747 2094 4803 Ει
2130 4750 2264 4802 vidit
2316 4749 2478 4812 Deus,
2527 4765 2548 4799 ι
2603 4746 2656 4800 id
2691 4756 2775 4800 est
2815 4745 3048 4814 Spiritus
3094 4750 3335 4803 sanctus.

1780 4859 1798 4890 ι
1835 4841 1973 4909 quod
2003 4849 2146 4894 esset
2170 4840 2391 4902 bomnn,
2421 4849 2475 4893 et
2510 4839 2782 4894 benedixit
2820 4852 2932 4906 eos,
2977 4857 2994 4888 ι
3031 4835 3084 4890 id
3107 4844 3188 4888 est
3221 4849 3338 4888 San-

1839 5018 1952 5089 (87)
1995 5019 2143 5083 Quis.
2179 5017 2492 5082 Huiusmodi
2557 5015 2953 5089 adnotationem
3005 5013 3336 5089 non-semcl

1768 5105 1820 5141 ιιι
1847 5081 2098 5160 'lti'dyino
2144 5081 2484 5160 olfendimus,
2551 5097 2609 5140 nt
2636 5085 2916 5160 inperitis
2961 5097 3092 5160 .pag.
3121 5081 3258 5160 :26,_
3283 5096 3336 5136 ει

1768 5161 1821 5212 in
1872 5153 1992 5214 lib:
2020 5160 2091 5213 De
2131 5157 2225 5226 Sp.
2250 5169 2425 5210 sancto
2446 5173 2597 5210 num.
2629 5155 2714 5220 15,
2755 5155 2842 5207 ubi
2877 5153 3099 5220 legimus
3136 5171 3155 5226 :_
3185 5154 3330 5206 illoc

1767 5229 1907 5282 enim
1937 5232 2076 5297 quod
2108 5223 2200 5282 ait.
2235 5247 2254 5279 ι
2300 5228 2396 5280 Cui
2428 5229 2760 5297 angelorum,
2791 5242 2811 5275 ι
2857 5238 3008 5293 teque
3043 5223 3335 5293 acciperet,

1769 5313 1833 5351 ac
1867 5301 1907 5351 si
1931 5296 2151 5362 diceret,
2179 5297 2339 5350 Nulli.
2380 5316 2398 5349 ι
2435 5296 2645 5350 Etalibi
2674 5296 2855 5350 etiam.

1839 5369 1950 5438 (88)
1988 5373 2330 5422 hmm'nuunt.
2389 5367 2632 5438 Notanda
2686 5366 2880 5420 locutio
2912 5364 3034 5430 ista,
3085 5365 3142 5415 ἐν
3198 5381 3334 5434 μειω

1769 5437 1972 5507 ἔχουσι,
2004 5441 2054 5492 id
2091 5449 2172 5492 est
2209 5437 2596 5508 μειονεκτοῦσι.

1840 5510 1950 5576 (89)
1992 5508 2055 5561 Ει
2089 5507 2230 5575 fecit.
2263 5507 2396 5561 Gen.
2427 5525 2463 5566 ι,
2490 5509 2557 5560 27
2583 5517 2636 5561 et
2662 5507 2752 5561 9.8.

1844 5571 1950 5644 ιθυι
2003 5571 2160 5631 Vidit.
2189 5578 2326 5632 Gen.
2364 5595 2400 5639 ι.
2439 5579 2524 5632 l8.
2549 5577 2732 5632 Graeca
2764 5577 2874 5640 ed.,
2913 5571 3073 5627 εἶδεν.

1841 5642 1949 5717 (9|)
1993 5650 2113 5714 Qui.
2145 5647 2200 5701 ln
2243 5649 2447 5712 codice,
2491 5649 2633 5701 ὅσον.
2677 5647 2852 5703 Malim
2893 5646 3024 5699 ὅσοι.
3066 5642 3176 5698 Nisi
3211 5642 3333 5714 quis

1769 5720 1916 5774 malit
1944 5720 2118 5790 legere
2144 5735 2156 5770 :
2189 5717 2438 5773 τοσοῦτον
2471 5719 2526 5772 δὲ
2555 5720 2692 5772 ὅσον.
