3732 6310
111 325 200 381 569

113 437 633 509 σδμμνημονεύεσθαι
681 438 830 501 αὐτὸ,
887 439 960 502 ὡς
1013 439 1103 492 τὸν
1153 441 1469 494 Ἀπόστολον
1526 443 1653 512 περὶ
1685 447 1729 501 Α

1103 325 1190 380 DE
1227 326 1602 383 TRINITATE
1639 325 1844 382 LIBER
1883 315 2263 388 secufvous.

3212 325 3314 380 570

1759 447 1969 499 ciebat?
1993 444 2448 513 Quemadmodum
2477 441 2619 496 enim
2653 455 2717 494 ex
2746 455 2810 493 eo
2856 437 2994 508 quod
3035 436 3315 506 Scriptura

110 532 200 584 τῶν
221 531 280 582 ἐκ
302 529 717 597 παλιγγενεσίας
739 530 940 601 ἀρτίων
963 530 1232 598 γενέσθαι,
1261 531 1355 584 καὶ
1381 531 1474 584 τοῦ
1506 530 1656 600 παρά

1910 539 1978 592 lio
1999 540 2138 592 dicat
2167 537 2218 590 in
2244 533 2360 588 Jobi
2391 534 2544 596 libro,
2579 551 2596 583 ι
2630 531 2727 597 Qui
2764 530 3001 583 extendit
3027 528 3100 598 (l)
3124 532 3316 581 coelum

110 623 265 675 πάντα
297 620 558 690 μεγίστου
586 620 1001 692 κατορθώματος
1024 621 1324 674 ἀπολαῦσαι
1353 621 1660 692 προσδοκω-

1761 630 1929 691 solus,
1970 647 1988 680 3
2035 644 2063 680 a
2110 626 2382 680 creatione
2427 638 2530 676 non
2569 621 2806 674 excludit
2844 619 3014 680 ἰιιιιιιι,
3055 636 3073 668 ι
3109 632 3175 670 ex
3211 633 3318 686 quo

113 712 283 783 μένων,
311 712 621 778 ἀναφωνεῖν
639 726 652 739 ·
690 729 708 763 ι
742 709 930 774 Ὅπως
955 711 1180 779 γένησθε
1204 713 1322 763 κατ’
1352 711 1532 762 εἰκόνα
1563 710 1656 763 τοῦ

1911 736 1961 783 a,
1993 727 2046 771 et
2081 717 2134 769 in
2186 729 2289 783 quo
2333 713 2509 764 omnia
2543 729 2559 761 3
2595 709 2888 763 constituta
2937 716 3082 769 sunt,
3131 720 3320 774 nempe

114 805 367 864 κτίσαντος
392 803 541 872 ὑμᾶς
567 819 581 832 ·
617 821 634 853 ι
681 802 1040 875 προφητεύειν
1071 801 1126 854 δέ
1165 802 1257 852 καὶ
1293 801 1383 853 τὸν
1412 799 1571 852 Δαυῒδ
1605 801 1661 852 ἐν

1909 827 1974 863 :m
2001 809 2258 876 (alioquin
2290 803 2556 874 quomodo
2590 803 2701 856 inec
2740 801 2846 869 jam
2885 814 3007 851 vera
3047 813 3165 851 esse
3197 814 3321 866 pns-

114 901 182 966 ρα¹
213 891 432 963 ψαλμῴο
475 911 495 944 ‹
542 893 686 955 Aab;
735 895 763 946 6
813 891 1124 962 κτιζόμενος
1179 891 1379 945 αἰνέσει
1423 890 1512 943 τὸν
1553 889 1662 943 Κύ-

115 1004 231 1055 ριον.
264 1004 280 1035 ι
313 986 373 1037 Εί
421 984 562 1056 μηδέ
614 983 891 1038 κοινωνίαν
941 983 1147 1045 οὐσίας,
1193 984 1286 1035 καὶ
1330 982 1662 1053 κυριότητος,

116 1079 194 1129 xal
223 1076 496 1146 ἐνεργείας
526 1071 675 1145 εἶχεν
714 1076 849 1146 πρὸς
883 1075 974 1127 τὸν
1005 1074 1219 1145 Πατέρα
1263 1075 1356 1126 καὶ
1387 1073 1520 1145 πρὸς
1554 1073 1663 1135 τὸν,

122 1188 136 1218 ι
171 1171 237 1221 Δι’
266 1165 324 1221 οὗ
344 1166 412 1220 τά
447 1168 632 1220 πάντα
662 1167 897 1234 ἐγένετο,
937 1185 954 1217 3
991 1165 1138 1226 Tl’w,
1172 1165 1269 1217 οὐκ
1300 1163 1364 1218 ἂν
1397 1157 1666 1217 ἀνεκαίνι-

117 1259 167 1320 ζε
220 1259 304 1310 καὶ
373 1257 599 1326 ηγίαζε.
643 1258 732 1309 Διὸ
777 1257 874 1309 σὺν
925 1254 1003 1326 τῷ
1041 1255 1290 1325 παναγίῳ
1332 1253 1605 1324 Πνεῦματι
1641 1256 1669 1306 6

120 1352 344 1422 Χριστὸς,
381 1350 525 1420 μετὰ
551 1350 651 1421 τὴν
689 1349 997 1413 ἀνάστασιν,
1029 1348 1118 1401 τὸν
1148 1347 1417 1419 φθαρέντα
1444 1350 1508 1418 τῇ
1532 1364 1670 1417 παρ-

118 1444 234 1512 ακοῇ
262 1441 549 1510 ἄνθρωπον
580 1440 880 1505 ἀνακτίζων
918 1439 1011 1493 καὶ
1046 1438 1304 1506 ἁγιάζων,
1329 1437 1560 1507 ἐνεφύσα
1593 1439 1671 1501 είς

120 1532 179 1583 si
220 1530 477 1600 πρόσωπα
529 1530 642 1584 τῶν
698 1527 970 1599 μαθητῶν,
1012 1529 1105 1582 καὶ
1141 1529 1358 1596 ἔλεγεν·
1397 1549 1414 1580 ι
1463 1527 1671 1580 Λάὁετε

122 1621 318 1691 Πνεῦμα
339 1620 496 1690 ἀγιον
521 1640 536 1654 ’
579 1642 597 1674 3
626 1622 846 1691 πληρῶν
865 1621 957 1674 τοῦ
985 1621 1180 1690 Ναοὺμ
1201 1619 1554 1691 προφητείαν,
1575 1619 1672 1689 τὴν

125 1715 212 1767 ὑπὸ
244 1715 611 1784 ἀκατασχέτου
653 1714 839 1775 πόθου,
874 1713 965 1766 τοῦ
995 1713 1127 1784 πρὸς
1161 1712 1222 1765 τὺ
1247 1713 1478 1782 ἄμετρον
1512 1709 1672 1763 καλὸν

123 1805 565 1875 τοῦπράγματος,
599 1805 661 1858 τὺ
684 1803 1040 1874 γενησόμενον
1069 1804 1144 1866 ὡς
1168 1802 1268 1873 ἤδη
1308 1801 1672 1872 πραττόμενον
1705 1790 1745 1844 Β

126 1895 457 1965 διηγουμένην
483 1910 496 1922 ·
539 1912 560 1946 ι
608 1894 798 1964 Ἀνέϐη
829 1895 893 1946 ἐκ
919 1893 1019 1962 τῆς
1046 1893 1150 1962 γῆς
1178 1895 1206 1945 6
1233 1891 1487 1962 ἐμφυσῶν
1516 1892 1594 1953 εἰς
1617 1890 1676 1942 τὸ

129 1987 387 2055 πρόσωπόν
437 2002 558 2051 σου,
612 1987 707 2041 καὶ
744 1985 1126 2056 ἐξαιρούμενός
1166 2001 1223 2037 σε
1266 1986 1330 2037 ὲκ
1364 1983 1611 2052 θλίψεως.
1652 2001 1670 2034 ι

130 2079 233 2129 Ὀτι
279 2077 333 2129 δὲ
384 2077 572 2130 κτίσαι
627 2077 773 2130 ἐστὶν
819 2077 913 2129 καὶ
965 2075 1056 2147 [⁸4
1087 2074 1138 2146 ὁ]
1175 2073 1235 2127 τδ
1270 2074 1511 2142 ἀγάπη
1541 2074 1678 2144 ὅπερ

133 2168 281 2218 ποιεῖν
333 2169 546 2235 πέφυκε
608 2165 669 2219 τὸ
698 2165 873 2218 θεῖκὸν
914 2163 1156 2234 Πνεῦμα,
1199 2163 1361 2216 Δαυῒδ
1393 2165 1675 2234 μαρτυρεῖ,

130 2254 344 2325 ψίλλων·
393 2277 411 2308 ι
452 2256 699 2327 Καρδίαν
764 2253 1009 2326 καθαρὰν
1075 2253 1256 2307 κτίσον
1321 2255 1377 2306 ἐν
1435 2254 1592 2324 ἐμοὶ,
1654 2254 1683 2306 6

135 2345 273 2407 Θιᾶς·
312 2366 331 2398 3
365 2347 509 2398 τοῦτ’
541 2346 712 2410 ἔστιν,
746 2344 990 2413 Ἀγίασόν
1022 2361 1109 2415 με,
1136 2344 1200 2397 ἵν’
1223 2343 1680 2414 ἀνακαινισθείην,

136 2437 476 2508 καταφθαρεὶς
513 2441 582 2509 τῇ
633 2438 906 2508 ἁμαρτίᾳ·
948 2437 1068 2490 ἐπεὶ
1101 2436 1217 2499 πῶς
1243 2435 1310 2489 ἂν
1341 2435 1488 2505 αὐτῷ
1525 2436 1684 2507 ἑτέρα

137 2527 331 2597 ἐκτίσθη
360 2529 592 2598 καρδία;
625 2529 936 2600 Συμφράζει
963 2545 1022 2581 τε
1049 2529 1220 2601 τούτῳ
1243 2545 1257 2558 ο
1290 2548 1307 2580 ι
1337 2529 1444 2583 Καὶ
1464 2529 1686 2599 Πνεῦμα

140 2617 270 2681 εὺθές
297 2621 606 2687 ἐγκαίνισον
652 2623 709 2674 ἐν
757 2623 866 2684 τοῖς
917 2621 1167 2689 ἐγκάτοις
1201 2637 1331 2692 μουο
1369 2639 1388 2671 3
1419 2621 1538 2673 ἀντὶ
1569 2618 1684 2686 τοῦ,

144 2708 203 2759 Τὸ
241 2712 406 2764 πάντα
456 2711 772 2784 ὑπερφέρον
821 2712 1113 2784 σεϐάσμιόν
1170 2728 1263 2764 σου
1320 2711 1545 2782 Πνεῦμα
1586 2728 1688 2764 ιτα⁹

144 2800 322 2868 ρᾶσχου
357 2819 466 2872 μοι.
503 2804 644 2867 Ἵνα,
675 2803 858 2874 φησὶν,
884 2802 960 2874 τῷ
987 2802 1242 2873 ἁγιασμῷ
1269 2801 1430 2855 αὑτοῦ
1455 2799 1690 2871 καθαρὸς

148 2891 432 2960 ἀναφανεὶς,
466 2894 720 2963 γένωμαι
761 2895 885 2958 ναὸς
939 2894 1102 2948 αὑτοῦ
1141 2893 1308 2960 ἄξιος·
1358 2894 1448 2946 Ἐκ
1489 2893 1598 2961 γὰρ
1629 2892 1692 2963 δὴ

149 2981 292 3052 μόνης
316 2983 409 3054 τῆς
430 2983 598 3037 αὑτοῦ
628 2985 720 3037 καὶ
743 2985 834 3037 τοῦ
857 2985 983 3037 Υίοῦ
1009 3002 1101 3038 σου
1125 2985 1464 3046 ἐπιστασίας,
1487 2984 1578 3035 καὶ
1600 2983 1695 3035 αὐ-

149 3073 240 3135 τὴς,
269 3074 527 3139 Δέσποτα,
565 3077 949 3149 κατασημαίνῃ
979 3079 1132 3147 ἡμῖν,
1178 3077 1272 3129 καὶ
1316 3076 1527 3129 πάντων
1562 3074 1692 3138 ἄκος

149 3164 384 3235 δεχόμεθα
405 3169 618 3232 κακῶν,
655 3169 747 3221 καὶ
768 3170 823 3221 ἐν
848 3168 1054 3221 ἐλπίσιν
1086 3167 1327 3238 βεϐαίαις
1350 3164 1545 3228 παντὸς
1567 3167 1697 3217 αἰω-
1723 3154 1764 3210 C

153 3254 247 3306 νὶου
275 3257 528 3327 γινόμεθα
557 3257 784 3326 ἀγαθοῦ.
823 3258 1093 3328 Ἐμφανὲς
1115 3257 1222 3326 γὰρ
1252 3257 1400 3326 ἡμῖν,
1423 3256 1504 3308 ὅτι
1537 3253 1696 3308 Δαυῒδ

154 3347 265 3399 am
292 3348 488 3413 ἐξαιτεῖ
526 3349 937 3419 ἐγκαινισθῆναι
989 3350 1137 3420 αὐτῷ
1160 3366 1172 3379 ·
1205 3350 1325 3402 ἐπεὶ
1375 3348 1493 3412 πῶς
1526 3347 1591 3401 ἀν
1637 3349 1698 3401 τὸ

157 3432 240 3503 ἥδη
272 3435 327 3488 ὃν
359 3438 507 3508 αὐτῷ
548 3437 793 3509 Πνεῦμα,
825 3439 900 3502 ὡς
940 3439 1065 3510 ἀρτι
1099 3441 1184 3492 ἐπ’
1213 3439 1372 3492 αὑτὸν
1409 3439 1699 3510 ἐρχόμενον

160 3527 518 3595 ἐνεκαινίζετο;
563 3530 724 3599 Ἀλλὰ
771 3531 864 3582 καὶ
908 3530 1088 3600 μεῖζον
1144 3531 1237 3583 καὶ
1281 3531 1700 3601 ἀναγκαιότερον

159 3616 210 3667 τὸ
234 3620 453 3687 ἁγιάσαι·
469 3622 566 3675 τοῦ
606 3621 1006 3692 δημιουργήσαι
1037 3622 1206 3675 εἰδυῖα
1250 3625 1282 3694 ἡ
1331 3621 1541 3693 Γραφὴ,
1578 3622 1704 3692 περὶ

163 3708 239 3760 τοῦ
265 3712 620 3778 ἀπολέσαντος
648 3714 737 3766 τὸν
769 3713 1038 3784 ἀγιασμδν
1065 3714 1294 3768 ἐλεεινοῦ
1337 3714 1504 3767 Ἰούδα
1533 3709 1703 3766 εἶπεν·

170 3816 185 3847 ι
217 3801 376 3856 Καλδν
405 3801 472 3876 ἦν
495 3805 671 3874 αὐτῷ,
701 3806 748 3856 εί
783 3803 883 3856 οὐκ
907 3803 1167 3874 ἐγεννήθη
1197 3805 1224 3856 6
1249 3803 1530 3874 ἄνθρωπος
1562 3803 1706 3854 ἐκεῖη

169 3910 268 3955 νος.
306 3914 322 3946 ι
375 3897 630 3967 Ἐπειδὴ,
693 3895 882 3964 φησὶν,
941 3895 1192 3948 ἁπάντων
1253 3890 1709 3962 ἀσυμφορώτατον

169 3985 369 4056 ἔπραξε,
397 3991 490 4044 καὶ
522 3990 616 4042 τὸν
652 3989 924 4060 Δεσπότην
956 3988 1072 4042 ἀντ’
1097 3987 1306 4052 οὐδενὸς
1339 3986 1506 4041 κακοῦ
1532 3985 1713 4038 ἀπέδο-

170 4094 238 4141 το,
287 4081 373 4133 καὶ
410 4081 508 4152 τὴν
539 4080 687 4151 ζωὴν
723 4080 998 4152 ἀργυρίων
1037 4079 1322 4148 ἠλλάξατο.
1363 4078 1472 4132 Kal
1521 4077 1584 4148 δὴ
1621 4077 1714 4130 καὶ

171 4175 282 4241 περὶ
313 4173 404 4244 τῆς
442 4176 500 4227 ἐν
535 4177 601 4244 τῇ
635 4175 858 4246 ἀρρήτῳ
885 4172 1162 4242 οἰκονομίᾳ
1193 4170 1441 4241 ὼυλικῆς
1481 4169 1713 4241 μορφῆς,

174 4264 284 4331 περὶ
317 4260 381 4335 ἧς
427 4266 576 4334 λέγει
640 4264 891 4336 Ἰωάννης
921 4264 1021 4334 μέν
1043 4279 1056 4293 ·
1087 4281 1104 4314 r
1135 4263 1243 4315 Kal
1283 4263 1311 4316 6
1344 4262 1514 4329 Λόγος
1580 4258 1716 4330 σὰρξ

176 4353 363 4418 ἐγένετο
385 4373 398 4386 ·
429 4378 448 4409 3
488 4355 701 4418 Παῦλος
736 4355 820 4409 δέ·
862 4374 881 4407 ι
923 4355 1142 4408 Ἐαυτὺν
1189 4355 1472 4416 ἐκένωσεν,
1505 4351 1718 4422 μορφὴν

1764 902 1994 970 sent?);
2027 901 2096 952 ita
2147 913 2317 964 neque
2374 896 2452 949 fas
2504 903 2587 947 est
2625 893 2880 960 Spiritum
2934 888 3231 958 sapientiae,
3270 896 3324 940 et

1767 994 1999 1054 virtutis,
2025 1000 2078 1044 et
2104 988 2427 1049 sanCtitatis,
2468 985 2724 1052 Spiritum
2755 982 2963 1036 scilicet
2999 979 3110 1044 Dei,
3139 978 3324 1034 exclu-

1768 1087 1894 1139 dere
1931 1085 1996 1136 ab
2032 1097 2095 1134 eo
2123 1090 2179 1134 ut
2203 1078 2359 1132 simul
2386 1094 2504 1132 cum
2542 1077 2646 1130 Deo
2679 1085 2893 1130 creator
2932 1075 3024 1127 sit.
3068 1073 3323 1138 Quantam

1766 1191 1894 1231 vero
1917 1177 1981 1228 ad
2017 1176 2116 1228 hoc
2148 1171 2474 1242 probandum
2511 1169 2715 1222 ﬁrmior
2744 1167 3129 1221 demonstratio
3167 1179 3327 1218 exco-

1768 1267 1923 1338 gitari
1958 1274 2154 1335 potest,
2185 1279 2340 1331 quant
2380 1261 2520 1330 quod
2563 1259 2803 1329 quotidie
2825 1256 2900 1328 (2)
2927 1267 3179 1326 operatur
3201 1253 3326 1324 Spi-

1772 1363 1904 1415 ritus
1938 1359 2052 1422 Dei,
2084 1360 2208 1411 dum
2232 1357 2284 1409 in
2313 1355 2578 1422 baptismo
2611 1360 2851 1416 renovat,
2892 1359 2947 1402 et
3004 1345 3324 1408 sanctiﬁcat,

1771 1464 1823 1510 et
1849 1452 1910 1505 ad
1938 1449 2388 1518 prarstantiorem,
2419 1459 2481 1499 ac
2513 1444 2740 1512 primam
2777 1441 2896 1494 vitae
2923 1439 3146 1493 fortnam
3175 1449 3328 1491 revo-

1771 1553 1860 1598 cat
1886 1541 2002 1614 (3)?
2037 1539 2091 1594 ld
2125 1540 2266 1593 enim
2318 1537 2405 1589 illa
2444 1535 2604 1588 etiam
2648 1530 2872 1586 formula
2902 1529 3188 1599 significat,
3225 1539 3331 1594 qua

1775 1632 1886 1700 ipse
1917 1645 2021 1685 una
2053 1645 2172 1682 cum
2211 1627 2368 1681 Patre
2399 1638 2450 1680 et
2472 1624 2607 1678 Filio
2633 1623 2684 1677 in
2715 1622 2980 1690 baptismo
3009 1631 3335 1683 commemo-

1774 1734 1965 1780 ratur:
1997 1721 2130 1775 adeo
2181 1729 2237 1773 ut
2280 1715 2567 1787 Apostolus
2596 1715 2662 1768 de
2710 1712 2795 1776 iis,
2827 1711 2915 1778 qui
2943 1726 3006 1763 ex
3044 1723 3333 1776 regenera-

1777 1817 1919 1871 tione
1963 1812 2175 1882 integri,
2210 1826 2272 1864 ac
2297 1808 2514 1879 perfecti
2543 1805 2677 1866 ﬁeri,
2709 1813 2783 1865 et,
2807 1801 3068 1856 donorum
3094 1798 3332 1853 onmium

1777 1907 2034 1972 maximo,
2080 1902 2535 1972 redintegratione
2583 1900 2686 1954 frui
2729 1905 2970 1968 sperant,
3020 1894 3334 1948 exclamet:

1781 2019 1799 2052 ι
1830 1999 1901 2056 Ut
1927 2000 2044 2053 sitis
2067 1998 2139 2068 (1)
2172 1996 2461 2051 secundum
2501 1993 2784 2062 imaginem
2829 1989 2962 2055 ejus,
3002 1989 3090 2058 qui
3134 1983 3342 2041 creavit

1779 2105 1904 2156 vos;
1941 2111 1958 2142 3
1999 2087 2166 2142 David
2191 2096 2366 2142 autem
2405 2099 2616 2153 quoque
2656 2084 2708 2136 in
2752 2097 2801 2136 Ct
2844 2080 3047 2151 psalmo
3093 2079 3172 2132 sic
3215 2091 3342 2146 pro-

1780 2184 1968 2250 phetct
2003 2194 2019 2233 :
2059 2199 2076 2230 ι
2103 2178 2334 2246 Populus
2369 2177 2444 2248 (5)
2473 2175 2562 2244 qui
2608 2186 2842 2237 creatur,
2875 2169 3113 2226 laudabit
3162 2165 3344 2221 Domi-

1781 2291 1932 2329 num.
1977 2292 1996 2324 3
2041 2272 2149 2326 Nisi
2190 2284 2525 2324 communem
2555 2265 2778 2321 haberet
2821 2262 3130 2323 essentiam,
3155 2267 3210 2314 et
3244 2257 3344 2311 do-

1785 2365 2153 2430 minationem,
2188 2372 2242 2416 et
2265 2360 2629 2430 Operatiouem
2658 2373 2778 2411 cum
2813 2355 2991 2418 Patre,
3021 2362 3072 2406 et
3102 2366 3222 2404 cum
3255 2363 3342 2410 eo,

1784 2473 1880 2528 per
1908 2470 2065 2526 quem
2096 2453 2273 2506 omnia
2316 2453 2450 2504 facta
2499 2456 2646 2511 sunt,
2685 2460 2873 2514 nempe
2906 2442 3078 2506 Filio;
3114 2455 3219 2494 non
3263 2454 3347 2492 re-

1788 2557 2030 2614 novaret,
2061 2562 2156 2601 nec
2186 2543 2568 2600 sanctiﬁcaret.
2609 2539 2812 2594 ldcirco
2849 2545 2964 2606 post
2992 2530 3349 2588 resurrectio-

1790 2673 1911 2714 nem
1927 2653 2171 2711 Christus
2197 2657 2504 2716 corruptum
2525 2660 2618 2714 per
2636 2639 3046 2698 inobedientiam
3079 2634 3346 2691 hominem

1792 2779 1898 2818 una
1925 2776 2045 2815 cum
2079 2755 2416 2826 sanctissimo
2451 2751 2650 2820 Spiritu
2683 2755 3108 2809 rursus_creans,
3139 2749 3195 2796 et
3221 2752 3350 2793 sau-

1793 2855 2054 2914 ctiﬁcans,
2093 2847 2380 2904 iusuﬂlavit
2412 2845 2464 2899 in
2501 2843 2668 2897 facies
2699 2836 3121 2906 discipulorum,
3173 2840 3228 2886 et
3257 2829 3352 2893 ait,

1801 2967 1821 3001 ι
1855 2945 2092 3015 Accipite
2117 2943 2191 3015 (6)
2225 2939 2486 3010 Spiritum
2519 2945 2789 2996 sanctum,
2825 2949 2845 2982 3
2883 2928 3112 2997 impleus
3141 2925 3242 2978 hac
3265 2939 3354 2976 ra-

1797 3042 1942 3094 tione
1982 3035 2209 3089 Nahumi
2249 3027 2607 3099 prophetiam,
2657 3035 2778 3093 quae
2835 3020 2904 3074 ob
2959 3016 3246 3071 vehemens
3293 3025 3358 3064 ac

1799 3132 1997 3188 elfrene
2026 3125 2370 3184 desiderium,
2394 3135 2501 3190 quo
2523 3120 2575 3171 in
2608 3117 2924 3170 immensam
2958 3109 3032 3164 rei
3063 3103 3359 3177 pulchritu-

1796 3226 1974 3281 dinem
2014 3218 2283 3274 ferebatur
2323 3213 2604 3283 propheta,
2647 3217 2704 3260 ut
2750 3206 2862 3276 jam
2907 3201 3105 3256 factum
3141 3201 3358 3251 enarrat

1797 3315 1938 3387 quod
1978 3309 2278 3367 faciendum
2324 3314 2439 3362 erat
2473 3321 2487 3358 :
2526 3321 2543 3353 ι
2585 3297 2840 3355 Ascendit
2867 3295 2942 3366 (7)
2971 3308 3036 3346 ex
3069 3300 3234 3351 terra,
3267 3284 3358 3356 qui

1800 3381 2032 3466 insufflat
2057 3406 2110 3459 in
2142 3403 2329 3457 faciem
2357 3411 2521 3463 tuam,
2551 3404 2606 3449 et
2628 3393 2767 3448 eruit
2788 3401 2838 3444 te
2866 3403 2929 3442 ex
2966 3381 3357 3440 tribulatione.»

1802 3514 1952 3581 Quod
1987 3518 2165 3563 autem
2211 3501 2564 3560 sanctiﬁcatio
2610 3497 2790 3567 (quam
2828 3498 3085 3560 praestare
3130 3483 3365 3553 Spiritus

1804 3605 1976 3662 sancti
2017 3599 2119 3666 est)
2171 3600 2240 3652 sit
2273 3595 2494 3658 creatio,
2540 3596 2770 3642 testatur
2819 3581 2976 3654 187
3015 3577 3181 3632 David
3221 3572 3368 3640 psal-

1808 3699 1922 3751 lens
1949 3714 1962 3748 :
1997 3714 2015 3744 ‹
2040 3689 2230 3762 Cor(8)
2259 3687 2510 3742 mundum
2546 3696 2669 3735 crea
2695 3679 2746 3732 in
2772 3690 2876 3739 me,
2909 3673 3080 3735 Deus;
3104 3686 3123 3719 3
3144 3668 3245 3721 hoc
3263 3674 3367 3728 est,

1808 3783 2084 3841 sanctiﬁca
2124 3794 2229 3844 me,
2265 3786 2323 3831 ut
2357 3767 2602 3834 renover,
2645 3783 2781 3826 cum
2817 3770 3037 3834 peccato
3087 3761 3371 3824 corruptus

1810 3878 1951 3932 sim:
1981 3871 2214 3940 alioquin
2259 3865 2526 3938 quomodo
2561 3862 2704 3915 aliud
2747 3873 2842 3913 cor
2873 3854 2972 3924 ipsi
3004 3859 3247 3906 creatum
3286 3845 3370 3900 fo-

1813 3975 1930 4030 ret?
1965 3973 2334 4028 Cousentanea
2372 3981 2498 4020 vero
2545 3971 2670 4018 sunt
2713 3974 2832 4028 qure
2865 3954 3043 4026 jungit
3076 3947 3370 4018 superiori-

1815 4069 1952 4121 bus:
1985 4083 2002 4114 ι
2037 4062 2098 4114 Ει
2129 4060 2386 4128 Spiritum
2416 4066 2641 4115 reetum,
2667 4048 2859 4118 inquit,
2890 4046 3084 4099 innova
3119 4042 3173 4093 in
3205 4037 3378 4091 visce-

1816 4159 1965 4213 ribus
2005 4155 2174 4210 meis:
2212 4171 2231 4202 3
2280 4151 2330 4203 id
2369 4156 2452 4203 est
2501 4143 2859 4208 venerandum
2909 4148 3058 4190 tuum
3090 4130 3372 4202 Spiritum,

1817 4258 1993 4313 omnia
2045 4252 2516 4308 transcendentem
2560 4260 2626 4299 ac
2660 4237 3188 4313 praetergredientem
3245 4229 3376 4284 mihi

1820 4350 2032 4421 largire,
2061 4355 2116 4401 ut
2147 4345 2263 4414 ejus
2290 4343 2493 4397 scilicet
2535 4333 2956 4391 sanctiﬁcatione
2983 4326 3272 4382 mundatus
3298 4321 3383 4376 di-

176 4415 338 4498 δούλου
379 4447 590 4502 λαϐὼν·
631 4467 650 4499 3
755 4447 852 4517 μὲν
896 4443 1144 4517 Σολομὼν
1183 4440 1369 4497 εἶπεν·
1402 4462 1420 4495 ι
1560 4415 1699 4512 diuisi:

1909 4459 1984 4495 tm
2019 4441 2158 4493 illius
2196 4435 2446 4505 templum
2483 4429 2716 4491 elliciar;
2769 4441 2889 4507 nam
2937 4437 3005 4478 ex
3037 4419 3147 4474 sola
3189 4415 3378 4485 ipsius,

1914 4533 1950 4535 -
2125 4531 2135 4535 -
2248 4529 2258 4535 ·
2445 4525 2454 4534 ·
2655 4534 2660 4535 γ
2827 4513 3042 4535 μιγείη-ιι--
3083 4521 3133 4535 ...
3169 4516 3378 4535 ,...Ληηο

178 4535 493 4609 ᾠκοδόμησεν
545 4541 712 4609 ἑαυτῇ
743 4535 918 4591 οἷκονο
966 4556 986 4589 3
1029 4537 1058 4589 6
1104 4536 1161 4589 δὲ
1203 4534 1498 4598 Ματθαῖος,
1542 4534 1625 4587 διά
1661 4534 1699 4586 τὶ

1914 4531 2031 4586 Filii
2067 4531 2138 4583 tui
2173 4525 2566 4598 gubernatione
2608 4534 2672 4574 ac
2705 4513 3045 4588 praesidentia
3083 4521 3136 4563 tu
3168 4516 3381 4576 quoque

182 4630 349 4682 ταυτὸν
395 4632 493 4701 τῆς
537 4631 723 4701 θεῖκῆς
776 4630 988 4699 φύσεως
1035 4629 1129 4682 καὶ
1175 4626 1454 4697 ἐνεργείας
1516 4625 1728 4692 ἐξέθετο

322 4740 339 4772 ι
372 4722 473 4774 Τοῦ
505 4722 561 4774 δὲ
602 4719 774 4790 Ἰησοῦ
805 4718 1039 4791 Χριστοῦ
1078 4720 1111 4789 ἡ
1144 4717 1397 4787 γέννησις
1427 4714 1596 4778 οὓτως
1625 4711 1721 4786 ἦν·

185 4807 600 4881 Μνηστευθείσης
623 4812 721 4882 τῆς
751 4810 956 4882 μητρὸς
992 4808 1084 4880 [85
1105 4807 1161 4879 a]
1203 4807 1367 4862 αὑτοῦ
1396 4806 1614 4874 Μαρίας
1651 4804 1728 4875 τῷ

199 4901 388 4973 Ἰωσὴφ,
428 4905 592 4977 πρινὴ
627 4902 899 4957 συνελθεῖν
931 4903 1127 4965 αὐτοὺς
1177 4900 1374 4971 εὑρέθη
1425 4901 1481 4950 ἐν
1529 4897 1726 4968 γαστρὶ

192 4989 357 5060 ἔχουσα
393 4998 454 5051 ἐκ
489 4996 801 5066 Πνεῦματος
840 4995 1015 5062 ἁγίου.
1056 5011 1073 5043 3
1115 4992 1225 5045 Kal
1256 4992 1284 5043 6
1311 4989 1641 5060 ἀρχάγγελος
1669 4989 1726 5042 δὲ

195 5079 309 5154 ἔῃ·
337 5107 352 5139 ι
387 5088 457 5142 T6
477 5089 586 5160 γὰρ
607 5088 665 5140 ἐν
690 5087 824 5157 αὐτῇ
849 5084 1125 5156 γεννηθὲν,
1150 5085 1214 5136 ἐκ
1245 5081 1555 5152 Πνεῦματός
1583 5083 1728 5134 ἐστιν

259 5264 325 5334 (Ii
361 5268 454 5333 Qui
475 5267 724 5322 extendit.
753 5264 853 5320 Job
888 5280 964 5327 Ix,
986 5263 1035 5317 8.

261 5331 328 5406 (‘3)
364 5331 621 5400 Quotidie.
657 5337 790 5391 Vide
821 5350 990 5402 segni.
1019 5331 1125 5406 125
1152 5332 1200 5385 b.

364 5398 595 5488 [ζει-θεαί.
635 5398 940 5488 Vide-notas
965 5403 1029 5456 ad
1051 5399 1268 5488 segnia!
1288 5399 1347 5452 14

266 5467 329 5544 (4)
365 5477 429 5531 Ut
458 5477 693 5557 animali)
747 5474 930 5529 Bibliis
972 5467 1486 5557 tton.'exstattt‘lt.mc
1519 5467 1733 5557 aii-ver-

210 5535 334 5629 llittin'.
362 5557 412 5600 ut
431 5548 744 5629 pn_to._§i_tat
790 5558 918 5612 ergo
949 5557 1164 5629 sensum
1194 5556 1280 5629 lex
1323 5539 1492 5623 Epist;
1529 5539 1594 5629 ad
1627 5535 1732 5629 (Ilo-

216 5607 328 5667 less,
349 5607 541 5679 ιιι,’1θ.
577 5617 710 5673 Vide
741 5607 909 5684 segnis.
942 5614 1044 5667 1ου
1073 5628 1124 5676 a,
1156 5609 1246 5664 ubi
1267 5623 1360 5680 pro
1382 5607 1546 5678 ὑμᾶς,
1575 5609 1735 5661 habet

215 5678 354 5752 iris.
378 5699 426 5741 et
450 5703 614 5752 segtn.
656 5685 758 5740 118
778 5701 830 5736 a.
1101 5748 1113 5752 _
1130 5746 1152 5752 Δ

215 5685 354 5752 ἡμᾶς.
378 5699 426 5741 et
450 5703 614 5760 segtn.
656 5685 758 5740 118
778 5701 830 5736 a.

209 5808 217 5815 .
275 5753 338 5824 i5)
373 5755 612 5827 Populus.
647 5754 786 5811 Psal.
816 5767 887 5820 cr,
921 5765 1056 5807 vers.
1096 5746 1178 5802 l9.

1828 4623 2003 4684 nobis,
2044 4619 2290 4679 Domine,
2323 4613 2572 4684 signaris,
2615 4617 2669 4664 et
2711 4607 2973 4661 malorum
3014 4598 3250 4655 omnium
3304 4607 3388 4646 re-

1829 4715 2060 4769 medium
2108 4709 2421 4778 accipimus,
2455 4714 2510 4757 et
2565 4700 2774 4754 ﬁrmant
2821 4708 2969 4764 spem
3002 4691 3258 4743 habemus
3292 4698 3390 4738 cu-

1823 4803 2048 4875 juslibet
2097 4772 2282 4854 aateriti
2332 4795 2478 4850 boui.
2511 4792 2660 4856 Quod
2702 4787 2843 4842 enim
2896 4779 3060 4838 David
3109 4778 3250 4831 [tunc
3288 4772 3388 4875 sibi

1833 4891 2084 4948 renOVari
2134 4889 2385 4958 postulet,
2428 4883 2767 4937 manifestum
2805 4884 2920 4936 est;
2965 4885 3088 4925 nam
3123 4862 3392 4934 quomodo

1831 4987 1899 5050 is,
1945 4999 2100 5055 quem
2134 4956 2260 5048 jam
2304 4979 2551 5039 habebat,
2589 4971 2812 5040 spiritus
2857 4968 2907 5019 in
2949 4977 3070 5016 eum
3112 4956 3272 5013 veluti
3308 4967 3394 5007 re-

1834 5094 1963 5134 cens
1991 5075 2190 5138 venire,
2229 5087 2292 5126 ac
2324 5066 2569 5124 renovari
2604 5057 2850 5133 poterat?
2878 5056 3015 5122 Quin
3048 5051 3210 5108 etiam
3249 5045 3396 5102 Scri-

1906 5256 1981 5325 (6)
2024 5251 2276 5325 Accipite.
2310 5248 2588 5325 .ioa_n._xx,
2620 5239 2709 5296 22.

2310 5293 2902 5395 Ῑξιῖίιιιᾷιξξιιεέξίιίοηθ.
2923 5303 3118 5395 frustra
3153 5298 3292 5351 lnmc
3317 5293 3402 5395 Ilo-

1834 5362 2214 5464 cuitilqitierirs.
2239 5362 2528 5464 Ιιι-βιτιιεεῖ³
2542 5362 2904 5464 βοιιῖριιιιειιεῖ
2929 5379 3113 5464 exstat
3142 5382 3291 5464 vers;
3317 5362 3389 5464 ul;

1985 5431 2199 5530 ‘lcaupitis
2231 5475 2244 5513 ι
2287 5459 2514 5530 Nahum,
2547 5454 2599 5530 in
2649 5431 2770 5530 aliis
2815 5443 3138 5530 coitionibus
3171 5431 3396 5530 versuti

1989 5501 2066 5587 Ii."
2077 5501 2734 5606 siege-liabet
2753 5501 2777 5570 7:
2807 5502 3299 5606 Léy's'6q‘éprpuatbv
3324 5501 3400 5564 είς

1839 5584 2124 5680 πρόσωπόν
2157 5616 2271 5680 σου,
2302 5594 2684 5680 ἐξαιρούμενος
2711 5591 2774 5641 ἐκ
2807 5584 3055 5680 θλξιξεωςο

1913 5655 2150 5747 (θγίέον.
2193 5655 2590 5734 Ps'a|.'t.,'vet"s.
2621 5664 2679 5716 11
2719 5667 2834 5731 (seu
2864 5655 2975 5708 l2).
