3688 6372
374 315 469 369 571

1595 311 1838 367 DIDYMI
1877 308 2336 366 ALEXANDRINI
3493 312 3582 365 ιτς

372 440 529 499 plura
572 434 708 485 'cum
740 429 1208 500 (praestantiorem,
1257 433 1535 502 magisque
1585 435 1940 488 necessariam

2078 430 2198 497 ,yiou
2222 444 2236 458 ·
2267 446 2286 479 ι
2324 427 2417 480 καὶ
2442 427 2599 480 πάλιν
2621 444 2632 457 ·
2673 444 2690 476 ι
2724 424 2946 494 Πνεῦμα
2987 424 3137 492 ἅγιον
3191 424 3466 480 ἐλεύσεται
3514 428 3590 482 ἐπὶ

373 520 858 578 sanctiﬁcationein
899 537 1019 576 esse
1051 533 1255 587 nosset,
1291 538 1448 592 quam
1477 527 1823 590 creationem,
1874 524 1942 578 de

375 613 669 668 miserabili
697 612 853 677 Juda,
897 616 984 682 qui
1017 615 1491 669 sanctilicationem
1521 617 1800 678 amiserat,
1830 616 1937 668 ait:

378 703 631 757 «Bonum
660 702 736 774 (9)
791 714 908 757 erat
945 705 1015 770 ei,
1073 706 1116 758 si
1175 716 1336 760 natus
1377 722 1478 760 non
1534 707 1724 764 fuisset
1785 707 1942 762 homo

376 795 505 860 ille;
541 814 559 845 ι
602 797 724 863 quia
763 796 969 848 scilicet
1011 812 1122 851 rem
1154 799 1390 851 omnium
1428 800 1940 866 perniciosissimam

375 888 630 954 patravit,
665 898 717 940 et
753 887 1054 951 Dominum,
1085 904 1112 942 a
1154 905 1258 958 quo
1298 891 1428 945 nihil
1477 892 1600 945 mali
1643 902 1940 961 acceperat,

379 979 619 1041 tradidit,
662 989 714 1032 et
770 996 912 1044 cum,
955 981 1041 1047 qui
1094 982 1199 1034 vita
1251 994 1354 1048 est,
1406 993 1629 1054 argento
1683 983 1941 1037 vendidit.

377 1071 536 1140 Atqui
580 1073 741 1124 etiam
777 1072 840 1124 de
886 1082 1158 1141 assumpta
1191 1074 1242 1126 in
1284 1073 1538 1128 ineffabili
1569 1074 1945 1129 Iucarnatione

378 1163 559 1216 servili
604 1163 771 1214 forma
814 1161 900 1233 (de
945 1179 1046 1231 qua
1091 1163 1325 1219 Joannes
1373 1167 1588 1234 quidem
1647 1166 1720 1219 ait
1769 1184 1783 1221 :
1822 1185 1840 1217 ι
1884 1165 1947 1218 Et

382 1252 615 1305 Verbum
649 1253 759 1322 (l0)
815 1269 942 1306 caro
1007 1253 1202 1310 factum
1263 1265 1426 1323 θεὶς»
1471 1255 1666 1308 Paulus
1724 1265 1941 1308 autem:

385 1361 407 1394 ι
442 1344 798 1412 Semetipsum
844 1343 953 1414 (11)
989 1345 1301 1410 exinanivit,
1348 1346 1574 1400 formam
1617 1345 1756 1400 servi
1806 1344 1948 1398 acci-

382 1433 561 1501 piensr
590 1432 606 1500 )
640 1431 894 1487 Salomon
941 1435 1075 1488 dixit
1112 1454 1126 1489 :
1165 1453 1183 1485 ι
1211 1433 1480 1504 Sapientia
1521 1433 1630 1504 (12)
1666 1433 1949 1486 mdilicavit

381 1523 484 1575 sibi
529 1523 788 1576 domum:
824 1543 842 1575 ι
888 1525 1173 1579 Μαιιιιξῐξυε
1216 1541 1344 1578 vero
1383 1525 1452 1577 ob
1493 1525 1824 1578 identitatem
1869 1525 1947 1578 di-

382 1613 519 1665 vinae
552 1622 780 1675 naturae,
809 1621 863 1666 et
892 1614 1222 1682 Operationis
1253 1613 1330 1666 sic
1355 1611 1466 1680 (15)
1497 1625 1614 1665 eam
1663 1614 1945 1680 exposuit:

385 1686 408 1754 .
442 1701 566 1757 Jesu
599 1702 709 1772 (M)
749 1701 950 1758 Christi
989 1715 1166 1759 autem
1206 1701 1477 1770 generatio
1518 1703 1595 1755 sic
1639 1711 1776 1756 erat.
1815 1701 1947 1754 Cum

2043 519 2122 582 σὲ,
2153 520 2247 571 καὶ
2278 517 2502 588 δύναμις
2536 516 2792 586 Ὑψίστου
2818 515 3124 568 ἐπισκιάσει
3152 533 3232 569 σοι
3255 532 3271 547 ⁸
3302 516 3382 568 διὸ
3429 520 3514 570 καὶ
3540 522 3588 571 τὸ

2041 609 2374 680 γεννώμενον
2395 609 2570 677 ἅγιον,
2593 607 2720 670 Υίὸς
2755 605 3008 674 Ὑψίστου
3033 606 3386 677 κληθήσεται.
3415 627 3433 660 ι
3467 610 3588 679 Μνη-

2046 698 2327 768 μονευτέον
2357 693 2471 760 οὖν,
2507 697 2587 748 ὅτι
2607 694 2693 749 διὰ
2723 695 2824 758 τὰς
2848 694 3128 765 αίρετικάς
3155 694 3465 764 ἀδολεσχίας
3509 700 3586 764 γέ-

2043 808 2188 843 νεσιν
2216 788 2578 861 προανὲταξεν
2626 788 2727 858 τῆς
2757 786 3215 859 ὲνανθρωπήσεως
3257 787 3287 838 6
3335 787 3586 855 εὐαγγελι-

2045 881 2195 951 στὴς,
2226 879 2343 934 εἶτα
2361 881 2634 949 γέννησιν.
2667 878 3021 949 Διασύροντες
3049 877 3155 949 γάρ
3180 877 3341 948 ἡμῶν
3368 879 3461 940 τὰς
3483 897 3586 948 γρα-

2046 975 2210 1044 φικὰς
2255 973 2570 1037 ἀποδείξεις,
2611 971 2857 1039 λέγουσιν
2903 969 3206 1032 πευστικῶς
3235 969 3363 1023 καθ’
3393 971 3587 1042 ὑπόκρι-

2047 1080 2164 1115 σινο
2198 1063 2320 1125 Υἱὸς
2359 1059 2450 1123 οὖν
2479 1061 2572 1114 τοῦ
2613 1059 2925 1130 Πνεῦματός
2960 1061 3105 1114 ἐστιν
3142 1062 3170 1113 6
3201 1060 3472 1130 Χριστ6ς;
3515 1080 3586 1113 πι-

2049 1155 2187 1216 στῶς
2215 1155 2334 1206 οὐδὲ
2361 1153 2534 1206 ταῦτα
2561 1151 2866 1217 ἀκούοντες,
2905 1151 3023 1204 οὐδὲ
3052 1147 3113 1204 τὸ
3153 1151 3288 1221 παρ’
3318 1152 3476 1204 αὐτοῦ
3498 1157 3587 1218 τοῖς

2046 1244 2362 1306 ἀποστόλοις
2396 1243 2681 1313 εἰρημένον
2705 1257 2718 1270 ⁸
2761 1261 2779 1294 ι
2822 1243 2936 1295 Οὐκ
2967 1241 3164 1306 οἴδατε,
3203 1242 3317 1294 οἴου
3367 1242 3586 1312 Πνεῦμα-

2047 1335 2136 1399 τός
2167 1338 2312 1387 ἐστιν
2343 1336 2371 1387 6
2404 1335 2528 1396 Υἱὸς
2571 1332 2664 1385 τοῦ
2705 1331 3014 1404 ἀνθρώπου.
3047 1351 3067 1384 ι
3104 1333 3166 1385 Ei
3208 1327 3326 1392 οὖν,
3374 1334 3588 1407 ἐπειδὴὸ

2048 1425 2235 1497 Πατὴρ
2276 1425 2409 1488 Θεὸς
2437 1424 2705 1494 ἀληθινὸς,
2735 1423 2824 1476 διὰ
2847 1423 3003 1476 τοῦτο
3050 1424 3142 1476 καὶ
3178 1426 3210 1494 ἡ
3245 1423 3486 1494 ἐνέργεια
3510 1429 3588 1478 αὑ-

2046 1519 2138 1572 τοῦ
2185 1518 2301 1572 Θεία
2347 1519 2492 1570 ἐστὶν
2535 1517 2707 1588 πάντη
2741 1533 2798 1569 τε
2829 1517 2920 1570 καὶ
2953 1517 3199 1579 πάντως,
3231 1517 3420 1587 ἐπειδὴ
3448 1519 3588 1591 ταύτῃ

2051 1609 2138 1680 ίση
2173 1609 2267 1661 καὶ
2295 1609 2456 1678 ὁμοία
2484 1609 2516 1678 ἡ
2547 1609 2796 1678 ἐνέργεια
2822 1605 2914 1658 τοῦ
2951 1607 3106 1674 ἁγίου
3150 1606 3464 1678 Πνεύματος
3492 1613 3590 1677 φαί-

2049 1718 2224 1754 νεται·
2255 1700 2344 1753 διὰ
2382 1699 2538 1753 τοῦτο
2589 1701 2684 1754 καὶ
2729 1700 2859 1753 αὐτὸ
2889 1700 3020 1764 Θεὸς
3051 1700 3308 1770 ἀληθινὸς
3345 1702 3588 1770 τυγχάνει.

383 1804 528 1850 esset
579 1795 898 1862 desponsata
951 1805 1123 1853 mater
1160 1795 1275 1865 ejus
1321 1793 1485 1847 Maria
1526 1792 1746 1861 Joseph,
1793 1803 1947 1846 ante—

2078 1793 2253 1865 Ιρέποι
2303 1792 2361 1845 δὲ
2403 1791 2469 1844 ἂν
2509 1793 2601 1845 καὶ
2639 1793 2768 1862 περὶ
2817 1791 2912 1844 τοῦ
2951 1791 3078 1844 Υἱοῦ
3121 1790 3388 1854 ὡσαύτως
3429 1793 3589 1844 εἰπεῖν.

383 1899 544 1951 quam
572 1885 938 1950 convenirent,
992 1885 1206 1938 inventa
1239 1895 1320 1937 est
1365 1884 1417 1938 in
1453 1893 1606 1938 utero
1639 1884 1840 1938 habens
1883 1885 1948 1938 de

387 1974 590 2042 Spiritu
631 1974 1261 2044 sancto.iArchange|ns
1295 1988 1421 2026 vero
1463 1973 1632 2042 inquit
1671 1989 1684 2026 :
1729 1990 1748 2023 ι
1798 1972 1948 2039 Quod

382 2069 527 2122 enim
563 2067 673 2138 (15)
706 2071 756 2121 in
801 2083 862 2122 ea
901 2077 1245 2130 natumest,e
1267 2066 1468 2136 Spiritu
1497 2077 1685 2119 sancto
1716 2073 1825 2130 est;
1855 2084 1874 2117 ι
1896 2074 1949 2119 et

385 2172 611 2212 rursus:
647 2177 664 2208 ι
696 2157 926 2226 Spiritus
965 2158 1072 2226 (16)
1109 2169 1322 2212 sanctus
1347 2156 1524 2211 veniet
1555 2173 1718 2226 super
1778 2168 1847 2222 te,
1896 2165 1950 2210 et

385 2247 559 2302 virtus
584 2248 847 2302 Altissimi
874 2249 1220 2303 ohumhrahit
1265 2248 1358 2301 tibi
1397 2265 1409 2300 :
1443 2247 1561 2300 ideo
1596 2256 1649 2302 et
1674 2249 1814 2316 quod
1854 2263 1951 2300 na-

386 2351 570 2395 scetur
604 2338 886 2408 Sanctum,
918 2339 1086 2394 Filius
1123 2341 1383 2393 Altissimi
1423 2340 1721 2394 vocabitur.
1761 2357 1780 2390 ›
1815 2339 1950 2391 Illud

384 2447 514 2500 ergo
542 2434 796 2486 memoria
833 2435 1116 2486 tenendum
1150 2432 1311 2502 188
1348 2441 1465 2494 est,
1482 2430 1862 2499 evangelistam
1885 2430 1952 2483 ob

385 2523 759 2577 hereticorum
798 2539 990 2592 nugas,
1034 2539 1166 2591 quas
1202 2522 1492 2590 loquaciter
1518 2520 1787 2584 effutiunt,
1810 2530 1953 2575 ante

385 2613 816 2666 lncarnationem
849 2614 1094 2682 p0suisse
1121 2611 1405 2680 originem,
1435 2611 1628 2665 deinde
1655 2611 1955 2680 generatio-

387 2720 531 2758 nem.
571 2704 644 2757 llli
678 2705 819 2758 enim
849 2704 1248 2772 Scripturarum
1284 2704 1589 2758 testimonia
1631 2719 1659 2756 a
1701 2705 1855 2756 nobis
1883 2703 1956 2757 al-

389 2795 495 2849 lata
532 2805 836 2862 carpentes,
871 2796 1121 2850 simulate
1165 2798 1244 2851 sic
1295 2812 1391 2862 nps
1432 2794 1900 2866 interrogant(i7)
1936 2809 1952 2848 :

390 2886 599 2954 Ergone
641 2887 887 2940 Christus
937 2897 1019 2940 est
1059 2887 1227 2940 Filius
1257 2888 1490 2956 Spiritus
1524 2886 1742 2940 sancti?
1777 2887 1854 2941 Ac
1893 2902 1956 2940 eo

389 2981 569 3043 modo,
598 2994 704 3048 quo
747 2978 952 3030 ﬁdelem
977 2978 1148 3040 decet,
1184 2993 1354 3046 neque
1395 2981 1507 3032 Iimc
1532 2977 1825 3046 accipiunt,
1862 2992 1957 3029 ne-

2061 1883 2210 1936 Ἐπεὶ
2240 1885 2312 1954 μή
2346 1900 2408 1952 γε
2444 1885 2546 1954 είή
2577 1871 2670 1936 τοῦ
2701 1883 2912 1954 Πατρὸς
2936 1883 3186 1953 ἐνέργεια
3209 1883 3313 1952 τῆς
3342 1882 3434 1934 τοῦ
3466 1881 3591 1942 Tim],

2047 1973 2080 2044 ἢ
2110 1973 2203 2026 τοῦ
2233 1974 2548 2044 Πνεῦματος
2579 1973 2845 2044 ἀμείνων,
2871 1972 2923 2026 τί
2963 1973 3069 2044 γὰρ
3098 1974 3190 2025 καὶ
3236 1973 3376 2034 ὅλως
3406 1973 3593 2042 ἐνήργει

2047 2063 2108 2115 τὸ
2135 2063 2376 2135 Πνεῦμα,
2405 2064 2436 2136 ἣ
2465 2063 2493 2114 ὁ
2527 2064 2653 2126 Υἱὸς
2689 2066 2768 2128 είς
2805 2067 2981 2135 ήμᾶς;
3017 2066 3188 2117 καίτοι
3217 2064 3319 2135 τὴν
3348 2063 3501 2133 χείρω
3520 2065 3594 2116 ὲπρ

2052 2156 2277 2224 ἁγοντες
2309 2156 2560 2227 δύναμιν,
2591 2158 2751 2227 εἴπερ
2778 2157 3047 2226 ἀνομοίως
3082 2157 3317 2228 ἔχουσιν,
3354 2156 3427 2219 ὡς
3454 2158 3496 2208 oi
3527 2158 3592 2209 αἱ·

2055 2247 2256 2318 ρετικοί
2291 2265 2472 2316 φασιν.
2507 2248 2569 2300 Εἰ
2603 2248 2659 2299 δὲ
2691 2247 2754 2318 δὴ
2780 2250 3046 2319 χρήσιμος
3085 2248 3177 2300 καὶ
3214 2246 3593 2316 σωτηριώδηςὴ

2050 2341 2142 2394 τοῦ
2194 2339 2323 2393 Υίοῦ
2374 2340 2468 2394 καὶ
2499 2339 2593 2392 τοῦ
2632 2339 2945 2410 Πνεῦματος
2998 2340 3300 2410 πλήρωσις,
3343 2341 3456 2392 κατ’
3473 2340 3595 2392 οὐδὲν

2053 2433 2202 2486 ἔσται
2234 2431 2482 2503 ἀνόμοιος
2520 2433 2547 2484 6
2577 2431 2723 2494 Υἱὸς,
2752 2431 2785 2501 ἢ
2824 2431 2884 2484 τὸ
2923 2430 3166 2500 Πνεῦμα.
3205 2430 3348 2484 Οὔτε
3378 2431 3480 2499 γὰρ
3501 2431 3594 2483 ἆνό

2053 2521 2353 2592 ὑπέρτατος
2404 2519 2495 2572 καὶ
2536 2519 2788 2584 πλούσιος
2826 2521 2883 2574 ἐν
2916 2519 3053 2573 ἐλέει
3087 2520 3235 2590 παρὰ
3265 2521 3361 2572 τοῦ
3395 2521 3595 2590 χείρονος

2053 2613 2146 2665 καὶ
2189 2611 2510 2682 πενεστέρου
2558 2610 2894 2674 ἐδανείσατο,
2925 2609 3048 2663 οὗτε
3103 2611 3266 2681 ἡμεῖς
3307 2611 3486 2670 διττῶς
3523 2609 3594 2660 καὶ

2053 2703 2316 2774 ἀνομοίως
2345 2702 2714 2774 ὲνηργήμεθα.
2746 2704 2856 2756 Καὶ
2897 2703 3076 2773 μέντοι
3112 2704 3264 2755 ποῖον
3300 2703 3410 2772 ἔχει
3445 2702 3591 2768 λόγον,

2054 2797 2336 2868 ἄνθρωπον
2384 2796 2482 2866 μὲν
2510 2795 2708 2859 καλῶν,
2756 2796 2887 2867 φέρε
2939 2797 3132 2860 εἰπεῖν,
3188 2796 3220 2866 ἢ
3265 2795 3446 2848 κακῶν
3483 2793 3594 2846 εἶναι

2055 2893 2283 2963 ποιητὴν
2307 2893 2398 2944 καὶ¹
2424 2891 2772 2961 δημιουργὸν,
2808 2890 2867 2942 τὸ
2890 2889 2945 2943 δὲ
2977 2889 3199 2960 Πνεῦμα
3220 2888 3299 2960 μὴ
3341 2885 3469 2940 εἶναι
3505 2903 3595 2940 τον-

2054 3003 2147 3052 τος
2191 2985 2326 3038 Ἀλλ’
2355 2986 2383 3037 6
2411 2985 2711 3056 ἄνθρωπος,
2744 2983 2836 3055 [85
2859 2984 2909 3054 b]
2948 2983 3086 3037 κατά
3132 2982 3471 3053 συγχώρησιν
3513 2983 3592 3051 μὲν

387 3084 494 3141 que
526 3071 577 3124 id
607 3072 748 3140 quod
786 3069 1039 3138 apostolis
1064 3071 1129 3123 ab
1162 3070 1276 3137 ipso
1307 3070 1506 3122 dictum
1551 3069 1686 3122 fuit:
1720 3085 1738 3119 ι
1771 3067 1956 3122 Nesci-

2078 3077 2152 3130 τοῦ
2184 3077 2317 3129 Θεοῦ
2343 3077 2572 3147 πράττει
2600 3076 2776 3137 τοῦτο,
2803 3076 2834 3146 ἢ
2864 3078 3037 3128 ἐκεῖνο
3056 3092 3069 3104 °
3102 3075 3209 3127 ἀπὸ
3234 3076 3424 3136 οὐσίας
3452 3075 3501 3125 δὲ
3519 3073 3595 3140 τῆς

389 3161 611 3232 tis(l8),
650 3162 801 3229 cujus
832 3161 1063 3229 Spiritus
1102 3169 1183 3213 est
1216 3159 1386 3213 Filius
1417 3159 1702 3212 hominis.»
1744 3157 1799 3212 Si
1829 3173 1958 3227 ergo

389 3269 459 3306 ex
491 3268 554 3308 eo
591 3255 730 3322 quod
773 3251 929 3306 Pater
957 3253 1026 3305 sit
1073 3252 1215 3306 Deus
1241 3265 1421 3316 verus,
1462 3251 1704 3319 sequitur
1748 3260 1804 3303 ut
1845 3249 1958 3319 ejus

391 3345 634 3412 operatio
679 3344 749 3397 sit
791 3343 1012 3397 omnino
1050 3354 1210 3411 atque
1256 3342 1498 3396 absolute
1526 3342 1742 3407 divina;
1787 3357 1852 3396 ex
1897 3357 1960 3395 eo

393 3434 555 3488 etiam
599 3435 740 3503 quod
788 3432 1086 3501 operationi
1137 3433 1310 3487 Patris
1339 3433 1598 3502 wqualem
1630 3443 1683 3486 et
1730 3433 1959 3487 similem

395 3542 514 3582 esse
544 3537 794 3597 appareat
829 3529 1188 3596 operationem
1221 3525 1453 3594 Spiritus
1492 3527 1688 3589 sancti,
1720 3527 1962 3594 sequitur

396 3631 456 3672 ut
485 3632 538 3672 et
583 3620 696 3686 ipse
727 3620 796 3673 sit
830 3620 970 3673 Deus
1009 3634 1185 3674 verus.
1219 3619 1342 3672 Pari
1371 3628 1546 3672 autem
1599 3619 1755 3671 modo
1797 3619 1958 3672 etiam

395 3711 463 3764 de
492 3711 624 3766 Filio
657 3711 798 3780 loqui
825 3712 1106 3776 convenit;
1149 3725 1272 3764 nam
1306 3711 1349 3765 si
1376 3709 1550 3764 Patris
1583 3711 1821 3778 operatio
1843 3725 1962 3779 epe-

397 3801 603 3855 ratione
629 3801 770 3864 Filii,
807 3812 894 3854 aut
927 3801 1160 3871 Spiritus
1189 3801 1486 3869 potior(i9)
1509 3811 1670 3865 esset,
1705 3802 1959 3870 quidnam

397 3897 619 3946 omnino
656 3903 1012 3962 operarentur
1049 3894 1099 3946 in
1138 3892 1294 3946 nobis
1323 3892 1580 3961 Spiritus,
1613 3901 1707 3945 aut
1758 3892 1963 3950 Filius?

399 3985 488 4052 qui
517 3999 666 4048 sane,
696 3984 740 4038 si
775 3984 916 4038 Patri
955 3983 1246 4038 dissimiles
1268 3967 1464 4047 foreni,
1501 3993 1558 4037 ut
1581 3984 1765 4037 volunt
1794 3984 1964 4038 hane-

408 4075 526 4137 tici,
555 4076 839 4142 minorem,
885 4091 1045 4142 quam
1094 4074 1275 4140 Pater,
1330 4075 1483 4128 nobis
1533 4076 1964 4129 indereutvirtu-

406 4175 534 4216 tein.
576 4165 728 4230 Quod
776 4167 821 4218 si
858 4180 888 4220 e
934 4167 1206 4220 contrario
1245 4166 1375 4220 utile
1412 4166 1587 4228 nobis,
1634 4182 1698 4220 ac
1731 4165 1964 4221 salutare

402 4264 484 4308 est
513 4254 670 4318 Filio,
694 4265 746 4309 et
781 4255 982 4324 Spiritu
1010 4267 1197 4311 sancto
1229 4257 1442 4326 repleri,
1475 4258 1619 4312 nulla
1651 4259 1700 4311 in
1732 4274 1788 4312 re
1819 4260 1960 4313 Patri

403 4347 681 4402 disSimilis
714 4350 815 4403 erit
841 4348 1029 4406 Filius.
1060 4359 1161 4404 aut
1195 4350 1428 4419 Spiritus
1463 4368 1474 4402 :
1517 4366 1638 4404 nam
1678 4367 1848 4420 neque
1892 4352 1960 4417 is,

474 4477 550 4549 (9)
590 4479 812 4535 Bonum.
845 4481 1032 4545 Matth.
1055 4497 1202 4546 xm,
1228 4481 1337 4535 24.‘

484 4552 594 4620 (10)
636 4550 701 4605 Et
748 4549 987 4606 Verbum.
1017 4551 1170 4606 Joan.
1197 4567 1234 4615 l,
1265 4552 1350 4605 14.

476 4622 586 4688 (11)
626 4622 987 4688 Semetipsum.
1026 4622 1252 4691 Philipp.
1284 4638 1345 4688 ιι,
1380 4621 1433 4674 7.

627 4691 916 4764 Sapientia.
944 4693 1190 4764 ProvJX,
1225 4694 1273 4745 1.

473 4762 586 4833 (15)
628 4762 735 4816 Sic.
773 4762 948 4816 Codex
975 4782 988 4817 :
1018 4762 1130 4814 ὼδῖ.

475 4831 772 4905 (Midam.
809 4834 991 4905 Matth.
1020 4849 1057 4905 I,
1088 4831 1392 4905 l_$._Gr:eca
1425 4833 1585 4888 editio
1627 4834 1784 4905 habet
1833 4852 1964 4905 μνη-

407 4903 722 5030 musam};
769 4903 897 4974 γάρ.
943 4903 1049 4958 Sed
1103 4900 1362 4973 Vulgatus
1413 4905 1679 4972 interpres
1731 4900 1860 4973 legit
1909 4900 1966 4958 ut

458 4994 488 5026 H
510 4989 682 5030 γιιιιιε.

458 4989 682 5042 iuymus.

479 5043 587 5111 (15)
631 5043 782 5106 Quod
813 5045 972 5098 enim.
1009 5042 1196 5096 Matth.
1225 5058 1267 5105 ι,
1300 5041 1390 5094 20.

482 5113 593 5177 (16)
632 5113 874 5179 Spiritus.
932 5113 1062 5166 an.
1093 5130 1141 5176 ι,
1187 5114 1274 5166 55.
1327 5113 1510 5167 Graeca
1570 5112 1967 5180 Complutensis

410 5182 573 5253 editio
585 5199 610 5253 ξ
645 5181 718 5253 ΤΞ)
767 5184 1098 5252 γεννώμενον
1145 5184 1207 5234 ὲκ
1259 5182 1350 5235 σοῦ
1405 5183 1586 5252 ἅγιον,
1642 5182 1967 5253 κληθήσεται

412 5250 542 5312 Υἱὸς
575 5249 730 5302 Θεοῦ.
767 5254 896 5305 Alia:
933 5249 1108 5306 tamen
1150 5255 1409 5305 editiones
1442 5249 1695 5305 omittunt
1727 5249 1963 5316 voculas,

414 5323 481 5374 ἐκ
527 5319 650 5391 σοῦ,
698 5330 756 5372 ut
810 5323 1079 5391 Didymus.
1131 5322 1186 5375 In
1237 5323 1369 5376 libro
1405 5321 1478 5375 De
1529 5321 1729 5388 Spiritu
1767 5333 1967 5384 sancto,

415 5405 564 5446 num.
593 5389 684 5454 51,
736 5389 1030 5444 versiculus
1084 5392 1181 5444 iste
1223 5391 1444 5446 affertur
1491 5391 1764 5452 dimidius,
1804 5407 1865 5444 ac
1905 5406 1968 5445 eo

423 5462 600 5530 mede,
637 5474 744 5524 quo
793 5461 844 5513 in
894 5461 1166 5530 1ιοο1οοο.
1211 5459 1333 5514 Haec
1370 5464 1511 5515 enim
1566 5462 1634 5514 ibi
1676 5462 1966 5530 leguntur:

421 5548 443 5580 ι
472 5528 754 5598 Equalein
805 5544 933 5582 vero
984 5529 1202 5597 Spiritui
1242 5531 1490 5584 virtutem
1540 5548 1641 5583 non
1683 5528 1963 5598 pessumus

417 5603 575 5652 aliam
618 5607 809 5663 pneter
838 5598 1108 5653 Christum
1146 5600 1424 5653 Dominum
1459 5602 1816 5668 interpretari.
1851 5599 1966 5667 Ipse

417 5672 558 5720 enim
617 5670 889 5737 discipulis
947 5671 1023 5723 ait
1064 5692 1075 5723 ;
1117 5687 1135 5719 ι
1167 5671 1451 5734 Accipietis
1506 5671 1647 5723 enim
1715 5670 1963 5722 virtutem

423 5756 443 5788 ι
481 5739 710 5809 Spiritus
740 5741 908 5795 sancti
941 5741 1229 5795 venientun
1281 5755 1437 5808 super
1489 5756 1633 5794 vos»
1672 5740 1731 5793 Et
1762 5740 1826 5793 ad
1863 5739 1968 5792 hla-

2062 3169 2165 3222 ὑπὸ
2185 3170 2276 3222 τοῦ
2301 3168 2434 3221 Θεοῦ
2467 3166 2864 3238 προοισθείσης.
2888 3166 3090 3235 ἄψυχον
3115 3166 3435 3235 δημιουργεῖ
3455 3166 3478 3216 ὃ
3495 3164 3594 3216 δ’ᾰν

2059 3259 2222 3324 θέλοι,
2255 3259 2314 3311 οὐ
2348 3259 2455 3330 μὴν
2497 3259 2591 3311 καὶ
2617 3258 2804 3310 οὐσίαν
2831 3258 3022 3328 αὐτὴν,
3054 3257 3130 3319 ώς
3164 3255 3375 3326 ἔφαμεν
3402 3255 3510 3326 ἠδη.
3539 3255 3596 3305 Τὸ

2059 3349 2115 3402 δέ
2141 3366 2205 3417 γε
2233 3347 2456 3417 Πνεῦμα
2506 3347 2600 3400 κα)⁸
2631 3347 2961 3409 αὑθεντικῶς
3011 3347 3172 3408 ποιεῖ,
3221 3346 3319 3397 καὶ
3349 3345 3516 3398 οὐσίαν
3547 3345 3594 3394 ἐκ

2064 3443 2137 3513 μὴ
2191 3441 2356 3494 ὄντων
2418 3439 2728 3509 ὑφίστησιν,
2777 3439 2872 3494 ἆτε
2920 3438 3177 3508 συνεργὸν
3228 3437 3330 3490 καὶ⁹
3367 3436 3490 3505 πνοὴ
3523 3434 3594 3486 τοῦ

2062 3534 2526 3604 Παντοκράτορος.
2581 3531 2780 3600 Διόπερ
2841 3529 2870 3580 6
2925 3529 3055 3591 Θεὸς
3109 3529 3166 3580 ὲν
3210 3527 3291 3597 τῷ
3358 3525 3593 3595 Ἰεζεκιὴλ,

2060 3627 2121 3678 τὸ
2190 3625 2286 3696 μὲν
2342 3623 2608 3694 ἡμέτερον
2661 3620 2882 3691 πνεῦμα
2948 3619 3410 3684 ἀνακαινίζεσθαι,
3461 3617 3596 3669 τὸδὲ

2063 3718 2212 3787 ἅγιον
2246 3716 2470 3786 Πνεῦμα
2511 3712 2896 3777 ἀνακαινίζειν,
2951 3713 3043 3765 καὶ
3089 3713 3185 3781 οὐχ
3236 3711 3422 3774 ἁπλῶς
3461 3706 3596 3763 Πνεῦ-

2066 3825 2141 3877 μα
2189 3803 2347 3872 εἶναι,
2393 3806 2504 3858 ἀλλ’
2555 3804 2746 3858 ἑαυτοῦ
2795 3804 2998 3874 κυρίως
3056 3804 3395 3868 ὑποδεικνὺς,
3451 3799 3594 3852 τοιάδε

2064 3898 2336 3962 Θεσπίζειο
2390 3916 2409 3948 ι
2454 3898 2562 3950 Καὶ
2603 3896 2759 3950 δώσω
2809 3897 2938 3965 ὑμῖν
2988 3895 3214 3966 καρδίαν
3265 3893 3478 3964 καινὴν,
3524 3891 3596 3943 καὶ

2062 3989 2284 4060 Πνεῦμα
2331 3989 2550 4042 καινόν’
2611 3988 2703 4040 καὶ
2733 3985 2938 4056 ,ἀφελῶ
2981 3985 3080 4055 τὴν
3141 3984 3370 4054 καρδίαν
3411 3982 3497 4051 τὴν
3537 3981 3597 4032 λι-

2065 4083 2216 4151 Θίνην
2265 4083 2328 4134 ὲκ
2374 4080 2472 4150 τῆς
2507 4079 2705 4149 σαρκὸς
2730 4078 2902 4148 ὑμῶν,
2934 4078 3028 4132 καὶ
3055 4077 3208 4132 δώσω
3241 4079 3372 4148 ὑμῖν
3408 4075 3597 4146 καρδίαν

2067 4174 2345 4244 σαρκίνην,
2378 4173 2554 4226 καὶτὸ
2583 4170 2807 4240 Πνεῦμά
2842 4187 2944 4240 μου
2977 4168 3132 4224 δώσω
3171 4171 3228 4222 ὲν
3255 4171 3403 4241 ὑμῖν.
3434 4188 3450 4221 ι
3477 4169 3529 4220 Οἱ
3553 4166 3595 4217 δὲ

2066 4263 2158 4317 καὶ
2197 4262 2303 4314 τῶν
2353 4260 2509 4313 θείων
2545 4258 2736 4324 φωνῶν
2766 4257 2969 4310 τούτων
3000 4256 3404 4328 ὀλιγωροῦντες,
3454 4256 3533 4308 καὶ
3553 4255 3595 4303 ἐν

2067 4354 2271 4425 ἀπορίᾳ
2300 4351 2446 4422 πάσῃ
2498 4350 2606 4402 τῶν
2641 4349 2861 4402 δικαίων
2894 4347 3254 4416 καθεστῶτες,
3285 4348 3460 4401 λοιπὸν
3501 4346 3594 4404 ταῖς

1997 4492 2040 4546 D
2074 4488 2206 4540 riam
2244 4483 2483 4554 angelus,
2523 4499 2541 4533 ι
2575 4480 2877 4554 Spiritus,i_
2906 4481 3098 4554 inquit,
3138 4502 3163 4554 ι
3189 4491 3410 4554 sanctus
3436 4495 3592 4554 supcr-

2075 4576 2092 4606 ι
2135 4543 2398 4608 νρηίεινὶιι
2429 4543 2496 4615 te,
2528 4562 2581 4607 et
2611 4543 2780 4605 virtus
2815 4543 3587 4606 ’[11ιίεεῖιηίοιιιῖιιιΙιηιιιίιιὶῧί.»

2069 4626 2278 4697 [Codex
2325 4639 2440 4697 vero
2471 4631 2674 4697 _n_ost_er
2729 4633 2844 4697 post
2883 4638 3056 4697 vocem
3144 4623 3471 4697 interpretari
3536 4624 3594 4697 τις

2065 4689 2212 4748 liabet
2243 4710 2262 4747 :
2305 4713 2322 4746 ι
2357 4693 2648 4760 Accipietis
2668 4689 2812 4744 enim
2872 4693 3122 4760 virtutem
3169 4689 3401 4758 Spiritus
3448 4689 3589 4760 sancti

2069 4785 2086 4816 ι
2125 4766 2425 4817 venientem
2467 4759 2628 4829 super
2674 4775 2783 4822 vos,
2815 4779 2834 4812 ι
2865 4759 2931 4829 ad
2995 4760 3262 4829 apostolos
3325 4761 3519 4815 dicitur.
3548 4759 3596 4810 Et

2069 4837 2133 4888 ad
2172 4834 2388 4888 Mariam
2425 4828 2795 4900 archangelus,
2833 4847 2851 4879 ι
2883 4828 3138 4899 Spiritus,
3164 4848 3182 4883 ι
3225 4831 3412 4898 inquit,
3451 4849 3467 4880 ι
3492 4843 3594 4881 san-

2070 4925 2088 4956 ‹
2127 4915 2245 4958 ctus
2293 4903 2470 4957 veniet
2498 4916 2661 4971 super
2695 4908 2764 4966 te,
2817 4907 2872 4954 et
2922 4902 3087 4955 virtus
3132 4900 3391 4955 Altissimi
3435 4900 3593 4953 obum-

2071 4995 2088 5026 ι
2119 4975 2306 5043 brabit
2333 4983 2402 5026 te.
2428 4971 2473 5043 ι]

2140 5045 2248 5112 (17)
2293 5037 2649 5110 Ιηεενιῖοραηε.
2685 5039 2743 5093 In
2798 5039 3007 5101 Grreco,
3057 5039 3394 5102 πευστικῶς,
3442 5037 3486 5112 id
3527 5042 3592 5087 est

2077 5135 2093 5166 ι
2125 5109 2528 5180 interrogative,
2551 5131 2568 5163 ι
2603 5111 2738 5176 sive,
2774 5119 2833 5163 ut
2869 5112 2919 5162 in
2948 5118 3239 5180 comment.
3272 5113 3340 5180 qd
3370 5109 3588 5180 psalmum

2070 5201 2139 5238 LII
2178 5178 2413 5247 teruntur
2447 5181 2724 5247 theologus
2772 5189 2977 5246 noster,
3021 5179 3165 5234 κατὰ
3198 5178 3408 5242 πεῦσιν,
3444 5178 3489 5230 id
3529 5184 3594 5226 εει

2075 5275 2092 5306 ι
2123 5269 2215 5321 per
2247 5252 2746 5321 interrogationem.
2774 5269 2791 5302 ι
2883 5319 2908 5321 μ
2976 5319 3001 5321 _
3063 5318 3073 5321 _
3121 5317 3148 5321 Α
3577 5310 3586 5320 ,

2142 5321 2251 5395 (18)
2294 5315 2542 5395 Nescitis.
2573 5320 2704 5373 Luc.
2732 5336 2818 5395 ix,
2841 5319 2930 5395 55.
2971 5318 3076 5395 Sed
3111 5317 3296 5395 Graeca
3329 5315 3496 5395 editio,
3520 5315 3587 5395 cui

2073 5380 2342 5462 consentit
2382 5389 2606 5462 Vulgata
2658 5380 2968 5462 tranSIatio,
3009 5391 3088 5441 sic
3132 5388 3297 5462 habet
3335 5387 3481 5462 τοὺ-κ
3525 5380 3591 5462 oi-

2072 5465 2218 5525 δατε,
2247 5461 2359 5513 οἴου
2396 5455 2710 5533 Πνεῦματός
2742 5461 2863 5514 ἐστε
2896 5460 3083 5533 ὑμεῖς,
3131 5459 3231 5510 hoc
3261 5467 3361 5522 est,
3394 5473 3411 5506 ι
3440 5455 3591 5533 Nesci-

2077 5536 2165 5596 tis,
2211 5533 2365 5599 cujus
2399 5531 2629 5597 Spiritus
2671 5545 2765 5582 vos
2808 5531 2968 5599 estis;
3001 5549 3018 5580 ›
3077 5541 3285 5595 nempe,
3335 5544 3353 5577 ι
3385 5531 3584 5581 nescius,

2075 5603 2245 5672 qualis
2281 5598 2349 5672 sit
2383 5598 2614 5672 Spiritus
2635 5599 2750 5672 ille,
2777 5598 2929 5672 cujus
2961 5613 3054 5672 vos
3081 5599 3227 5672 estis.
3258 5615 3275 5647 ι

2146 5672 2255 5741 (19)
2299 5666 2500 5725 Ροιιὸν.
2538 5668 2736 5736 Codex,
2766 5668 2991 5740 ἀμείνω.
3028 5667 3171 5736 Lego
3196 5666 3443 5738 ἀμείνων.
