3732 6316
121 282 214 333 573

1116 278 1204 331 DE
1243 277 1612 333 ΤΚΙΝΙΤΑἸἘ
1646 280 1849 338 LIBER
1889 282 2275 339 SECUNDUS.

3225 293 3329 348 57.!-

116 392 292 459 ἔξωθεν
321 393 537 460 τέχναις
572 392 992 463 ἀποκέχρηνται,
1021 393 1114 445 καί
1140 392 1225 444 ἐπ’
1258 392 1392 447 ἄλλα
1420 395 1512 446 καὶ
1532 395 1590 448 ἄλ

1898 412 2176 464 supremus
2216 407 2319 462 est,
2363 411 2425 450 ac
2455 397 2603 450 dives
2633 396 2685 448 in
2725 396 3111 464 misericordia,
3147 399 3214 453 ab
3251 402 3332 454 iu-

117 480 420 553 μεταφέρειν
461 482 801 552 ἐπιχειροῦσι
836 480 906 533 τὰ
941 479 1114 544 οὕτως
1164 481 1350 549 σαφῶς
1387 483 1667 553 εἰρημένα.

110 576 354 627 Φάσκουσι
385 571 494 644 γὰρ
528 572 734 636 λέξεσιν
766 573 955 636 αὐταῖς
974 589 988 603 ⁸
1019 571 1261 644 Νεκροὺς
1283 575 1310 625 6
1337 573 1670 646 δημιουργή-

111 681 212 726 σας,
242 666 364 725 τοὺς
393 664 796 734 νεκρουμένους
824 664 1024 735 ἐγείρει
1048 663 1225 734 μόνος.
1271 665 1670 734 Ἀρχιτέκτονος

111 776 204 828 γαρ
232 760 390 829 ὲργον
431 757 793 826 φθειρόμενον
822 755 1109 824 ζωγράφος
1141 755 1238 805 ούκ
1268 754 1331 806 ἂν
1355 755 1670 824 διορθῶσαι-

111 867 174 907 το,
205 848 309 900 ἀλλ’
329 847 450 898 ούδὲ
484 844 771 914 ναυπηγοῦ
813 844 1097 914 θηρευτὴς,
1134 843 1248 897 ἀλλ’
1274 845 1391 896 οὐδέ
1423 862 1484 912 γε
1526 847 1670 898 οἰκο-

108 937 250 1007 δόμου
275 934 540 1007 δρομεύς·
569 935 707 987 ἀλλὰ
740 935 846 1004 γὰρ
885 933 1259 1003 ἀρχιτέκτονος
1315 933 1667 1003 ἀρχιτέκτων,

112 1030 191 1080 καὶ
217 1025 491 1094 ναυπηγοῦ
517 1025 817 1093 ναυπηγός.
847 1023 918 1075 Τὸ
943 1023 998 1074 δὲ
1035 1024 1185 1090 ἆγιον
1216 1023 1455 1094 Πνεῦμα,
1486 1025 1666 1092 φησὶν,

109 1120 214 1173 οὗτε
253 1120 478 1189 νεκροὺς
533 1119 800 1187 ἤγειρεν,
864 1114 985 1166 οὔτε
1035 1114 1479 1184 ἐδημιούργησεν·
1529 1115 1672 1180 ἅπαξ

109 1211 216 1278 γὰρ,
243 1210 421 1277 φησιν,
448 1209 548 1259 ἐπὶ
572 1207 666 1259 τοῦ
699 1206 868 1275 Ἀδὰμ
900 1205 1351 1275 δεδημιούργηται
1394 1205 1425 1274 ἡ
1459 1203 1668 1277 ἀνθρὼ-

115 1319 211 1352 πων
233 1299 383 1367 φύσις
407 1315 421 1328 ο
454 1299 556 1350 καὶ
602 1297 725 1350 οὕτε
765 1297 924 1366 ἑτέρα
954 1295 1081 1366 παρ’
1113 1295 1343 1363 ἐκείνην,
1375 1294 1497 1348 οὔτε
1540 1296 1671 1350 πολ-

111 1393 261 1454 λάκις.
300 1391 464 1443 Ἀλλὰ
510 1391 611 1442 καὶ
655 1392 688 1460 ἡ
732 1387 845 1441 Εὔα
880 1387 1198 1458 συνεκτίσθη
1264 1387 1360 1458 μὲν
1388 1385 1466 1457 τῷ
1502 1387 1672 1457 Ἀδὰμ

112 1481 176 1550 τῷ
197 1478 348 1548 κοινῷ
380 1480 484 1550 τῆς
518 1477 739 1546 φύσεως
775 1477 940 1546 λόγῳ,
984 1475 1122 1546 μετά
1165 1475 1336 1529 ταῦτα
1369 1475 1425 1528 δὲ
1455 1476 1670 1547 διεμορ-

113 1572 261 1642 ςὼθη.
299 1572 491 1640 Ἡμεῖς
526 1571 587 1622 δὲ
612 1571 660 1621 οἱ
687 1566 975 1639 ὸρθὸδοξοι,
1007 1567 1191 1637 ἐπειδὴ
1218 1567 1448 1637 μάλιστα
1487 1567 1672 1637 θεῖκῆς

110 1663 359 1729 δυνάμεως
402 1659 702 1730 γνώρισμα
760 1659 821 1711 τὸ
867 1658 1264 1728 δημιουργῆσαι
1307 1658 1401 1710 καὶ
1447 1657 1671 1726 νεκροὺς

1774 488 1980 552 feriori,
2024 496 2078 540 et
2129 487 2446 556 pauperiore
2495 486 2782 555 quidquam
2843 496 3113 543 mutuatus
3167 501 3330 554 esset,

1775 589 1947 646 neque
1981 591 2078 630 nos
2107 575 2301 643 duplici
2335 576 2511 641 modo,
2539 591 2602 630 ac
2629 576 2874 630 dissimili
2895 579 3002 632 acti
3025 593 3228 633 sumus.
3256 582 3332 636 Ac

1775 680 1906 720 sane
1936 667 2203 734 quomodo
2245 666 2442 720 rationi
2491 677 2908 721 consentaneum
2937 676 3038 733 est,
3074 676 3132 723 ut
3173 669 3333 725 homo

1775 757 1986 826 quidem
2042 759 2335 820 bonorum,
2397 757 2622 825 exempli
2674 758 2864 824 gratia,
2929 768 3021 811 aut
3068 759 3329 814 malorum

1774 845 1994 900 eﬂ‘ector
2021 848 2109 910 sil,
2149 855 2308 914 atque
2338 847 2602 908 conditor,
2638 845 2870 913 Spiritus
2916 857 3222 902 autemnon
3264 850 3334 902 sit

1777 938 2080 1005 bujusmodi
2105 936 2129 990 ?
2159 936 2355 990 Verum
2411 937 2568 990 homo
2617 953 2683 990 ex
2725 939 3076 994 concessione
3115 939 3330 1008 quidem

1779 1027 1870 1081 Dei
1897 1029 2020 1091 hoc,
2065 1039 2156 1081 aut
2189 1027 2317 1080 illud
2350 1041 2620 1095 operatur,
2668 1037 2830 1096 atque
2871 1045 2937 1082 ex
2975 1031 3270 1083 subStantia
3299 1043 3332 1082 a

1781 1119 1887 1172 Deo
1921 1129 2100 1173 creata
2149 1118 2503 1171 iuauimatum
2555 1118 2780 1186 aliquid,
2836 1121 3193 1189 quodcunque
3239 1135 3332 1174 vo-

1775 1207 1959 1272 luerit,
1987 1208 2180 1274 eﬂicit;
2209 1223 2314 1261 non
2342 1217 2517 1262 tamen
2546 1209 2708 1262 etiam
2736 1208 3088 1263 substantiam
3135 1209 3329 1277 ipsam,

1777 1307 1833 1352 ut
1871 1299 1983 1368 jam
2025 1299 2254 1352 diximus
2284 1299 2422 1370 (20),
2459 1301 2660 1354 condit.
2712 1299 2779 1352 At
2818 1316 2947 1354 vero
2995 1301 3226 1370 Spiritus
3279 1311 3334 1356 et

1775 1404 1872 1445 sua
1910 1389 2234 1444 auctoritate
2289 1399 2564 1459 operatur,
2594 1399 2648 1443 et
2680 1389 3035 1443 substantiam
3067 1405 3131 1443 ex
3169 1391 3333 1445 nihilo

1776 1481 1971 1545 educit,
2005 1495 2068 1534 ac
2102 1481 2477 1534 subsistentem
2519 1481 2665 1548 facit,
2700 1491 2881 1551 utpote
2909 1495 3246 1551 coeperator,
3282 1493 3336 1536 ct

1776 1570 1931 1625 [latus
1992 1571 2402 1640 Omnipotentis.
2485 1571 2818 1641 Quapropter
2891 1573 3032 1626 Deus
3107 1573 3157 1627 in
3212 1574 3339 1627 Eze-

1776 1661 1948 1716 chiele
1980 1672 2220 1716 nostrum
2256 1664 2467 1731 quidem
2509 1665 2754 1731 spiritum
2797 1665 3040 1718 renovari
3070 1664 3333 1732 inquiens,

113 1751 312 1818 ἐγεῖραι,
333 1747 711 1818 ὁμολογοῦμεν
735 1747 795 1798 τὸ
821 1746 974 1814 ἆγιον
1006 1745 1229 1816 Πνεῦμα
1256 1746 1425 1798 ταῦτα
1448 1763 1587 1798 πεπο

1863 1753 2030 1804 iritum
2062 1763 2235 1806 autem
2256 1764 2498 1807 sanctum
2521 1769 2798 1818 renovare,
2820 1765 2872 1807 et
2896 1755 3036 1809 hunc
3080 1772 3185 1810 non
3209 1759 3337 1809 sim-

112 1842 189 1902 κὸς
209 1839 338 1892 εἶναι
368 1840 505 1892 Θεὸν
534 1855 549 1869 ⁸
579 1858 598 1890 1
640 1837 730 1909 Τῷ
752 1837 906 1907 Λόγῳ
941 1857 960 1890 ι
989 1837 1096 1908 γὰρ
1129 1857 1148 1888 1
1186 1837 1388 1907 Κυρίου
1421 1839 1469 1890 οἱ
1501 1837 1667 1908 ούρα-

113 1933 178 1983 νοὶ
207 1931 639 2002 ἐστερεώθησαν,
674 1931 766 2001 [86
791 1929 849 2002 α]
881 1931 972 1982 καὶ
999 1929 1078 2000 τῷ
1112 1929 1389 2000 Πνεύματι
1421 1929 1513 1982 τοῦ
1554 1930 1672 1982 στό-

115 2040 260 2092 ματος
285 2024 447 2076 αὑτοῦ
480 2025 658 2076 πᾶσαι
686 2023 743 2074 αί
774 2022 1030 2091 δυνάμεις
1053 2021 1231 2074 αὐτῶν
1258 2038 1270 2050 °
1305 2039 1324 2072 ι
1363 2021 1457 2074 καὶ
1486 2019 1671 2090 ἐπειδὴ

115 2114 342 2184 ἀρχῆθεν,
391 2112 915 2186 δημιουργουμένων
958 2111 1195 2176 πάντων,
1245 2113 1532 2181 συμπαρῆν
1580 2111 1672 2163 καὶ

115 2205 403 2275 ἀχωρίστως
435 2202 554 2275 εἶχε
591 2208 656 2276 τῇ
689 2204 900 2274 θεότητι
937 2204 1031 2256 καὶ
1058 2206 1124 2274 τῇ
1155 2203 1419 2273 ἐνεργείᾳ,
1445 2202 1530 2254 διὰ
1550 2201 1673 2254 τοῦ-

117 2313 165 2348 το
218 2297 304 2350 καὶ
353 2295 860 2366 ἀνακαινιζομένων
916 2294 1092 2348 αὐτῶν
1155 2294 1528 2364 συμπάρεστιν
1579 2293 1673 2346 καὶ

121 2387 632 2457 συμμνημονεύεται.
670 2387 847 2458 Ὅπερ
885 2386 990 2457 γὰρ
1023 2387 1307 2457 εἰρήκασιν
1327 2387 1479 2438 αὐτοὶ
1505 2380 1668 2450 οὗτοι,

121 2477 201 2529 ούκ
225 2473 288 2548 ἧν
328 2478 522 2550 ἐτέρας
555 2478 764 2544 οὐσίας,
793 2478 821 2531 ὃ
849 2481 996 2532 ἐστιν
1025 2478 1258 2547 φύσεως,
1289 2478 1349 2531 τὸ
1393 2478 1672 2532 ἀνακαινί-

125 2584 213 2630 σαι,
253 2571 297 2621 εἰ
334 2569 408 2640 μὴ
444 2572 548 2641 τῆς
591 2569 686 2623 τοῦ
718 2571 1017 2634 κτίσαντος.
1056 2570 1190 2640 Περὶ
1234 2566 1326 2623 οὖν
1370 2570 1477 2623 τῶν
1506 2571 1672 2624 ὄντων

123 2659 198 2710 καὶ
227 2659 673 2730 πολιτευομένων,
701 2659 776 2723 ὡς
817 2662 890 2731 μὴ
920 2662 1106 2724 ὅντων,
1138 2661 1272 2714 ἀλλὰ
1300 2660 1394 2714 νῦν
1427 2678 1671 2731 πνευμα-

124 2747 263 2810 cmi»;
290 2749 379 2802 καὶ
404 2749 698 2820 θειοτέρως
723 2749 1076 2820 κτιζομένων,
1104 2751 1132 2801 6
1152 2749 1313 2802 Δαυῒδ
1359 2749 1448 2802 καὶ
1481 2752 1509 2803 6
1530 2749 1673 2803 Παῦ-

125 2837 196 2901 λος
225 2840 500 2911 κηρύσσει,
535 2842 614 2904 ὡς
641 2840 958 2912 προελέχθη,
990 2842 1083 2894 καὶ
1116 2841 1190 2905 ὡς
1222 2841 1486 2911 πολλαχοῦ
1518 2843 1674 2912 εὑρή-

129 2945 284 2999 σομεν.
319 2933 620 3002 Ἐπιλείψει
650 2950 715 3002 με
737 2932 845 3004 γὰρ
873 2931 936 2985 ἂν
960 2933 988 2984 6
1012 2935 1119 2995 πᾶς
1143 2933 1350 3003 χρόνος,
1381 2935 1429 2984 εί
1458 2934 1672 2986 πάντων

127 3023 366 3093 πανταχοῦ
403 3024 763 3096 μνημονεύειν
818 3025 1076 3096 ἐθελήσω.
1115 3025 1178 3077 Ei
1220 3023 1294 3094 μὴ
1344 3021 1445 3093 οὖνξ
1473 3025 1670 3094 ἑτέρως

130 3110 211 3177 μὲν
232 3116 344 3176 ταῖς
380 3115 650 3186 Γραφαῖς,
686 3114 887 3185 ἑτέρως
919 3114 975 3166 δὲ
1004 3113 1186 3177 αὐτοῖς
1223 3113 1449 3176 ἐκείνοις
1476 3114 1668 3176 ἐδόκει,

127 3201 310 3269 πρῶτον
361 3205 462 3275 μὲν
502 3202 600 3259 οὖν
665 3205 767 3260 κάν
828 3222 958 3258 ποτε
1030 3205 1551 3277 παρενεθυμήθησαν
1603 3205 1675 3257 τὰ

128 3290 229 3343 Gaia
251 3294 471 3364 γραφία,
497 3294 570 3348 τὰ
599 3295 657 3348 ὲν
675 3293 751 3365 τῷ
785 3294 973 3365 βιϐλίῳ
992 3294 1127 3364 τῷδε
1161 3294 1353 3364 καὶτῷ
1377 3294 1481 3364 πρὸ
1510 3293 1671 3346 αὑτοῦ

131 3383 567 3450 μνημονευθένταο
592 3385 646 3438 τί
673 3384 782 3456 γὰρ
805 3384 888 3452 ἂν,
914 3384 1201 3448 ἀκούοντες
1228 3385 1417 3447 ταῦτα,
1445 3386 1674 3456 φήσαιεν

129 3472 205 3525 τὸν
225 3475 490 3544 χρήσαντα
512 3475 656 3528 αὖτά
679 3476 980 3541 διδάσκειν;
1007 3474 1270 3546 Δεύτερον
1311 3476 1365 3528 δὲ
1403 3475 1675 3543 ἐλογίσαν-

127 3575 178 3611 το
202 3563 276 3626 ἂν,
310 3565 516 3636 ὅτιπερ,
551 3566 614 3618 ὃν
645 3565 844 3636 τρόπον
890 3565 985 3618 τοῦ
1037 3565 1168 3619 Υίοῦ
1213 3564 1494 3628 κτίσαντος
1540 3583 1674 3635 συμ-

132 3653 326 3726 ποιητὴς
373 3657 402 3708 6
430 3659 629 3728 Πατήρ
666 3659 811 3710 ἐστιν
848 3660 914 3728 τῇ
957 3657 1236 3728 εὐδοκήσει
1259 3696 1274 3721 ,
1319 3656 1460 3709 οὕτω
1491 3657 1582 3708 καὶ
1615 3657 1674 3708 τὸ

133 3743 325 3814 Πνεῦμα
349 3748 512 3801 αὑτοῦ
533 3765 548 3778 °
588 3749 680 3800 καὶ
717 3749 814 3801 οὐκ
851 3749 931 3811 είς
959 3747 1056 3818 τὴν
1082 3747 1189 3801 τῶν
1227 3749 1327 3817 οὐχ
1367 3747 1565 3817 ὁμοίων
1592 3747 1675 3811 ἐξ·

131 3833 309 3900 ἑτασιν,
331 3838 436 3892 τῶν
465 3840 780 3911 συνάρσεως
805 3841 901 3912 τῆς
925 3839 1170 3910 ἀλλήλων
1206 3840 1299 3892 καὶ
1330 3840 1428 3908 τῆς
1455 3837 1559 3892 ἀπὺ
1579 3838 1672 3891 τοῦ

131 3925 292 3991 χρόνου
315 3928 607 3999 δεομένων,
638 3931 733 3986 καὶ
777 3932 910 4003 μηδὲ
938 3929 1288 4001 πληρούντων
1321 3931 1550 4001 ἑτοίμως
1581 3932 1675 3985 καὶ

133 4018 433 4087 πανταχόθεν
484 4020 793 4091 ἀμέμπτως
843 4019 942 4092 τὴν
983 4019 1296 4090 ἐνθύμησιν,
1332 4019 1401 4073 τὰ
1430 4021 1526 4091 τῆς
1548 4020 1676 4091 ἀμί-

135 4118 242 4156 κτου
264 4108 458 4163 ἅπασιν
491 4111 771 4182 μακαρίας
791 4111 1038 4180 Τριάδος,
1065 4110 1163 4180 τῆς
1191 4110 1285 4162 καὶ
1310 4111 1458 4180 ἡμᾶς
1477 4111 1675 4164 ἀπολε-

138 4193 281 4264 σάσης
306 4199 672 4272 δημιουργοὺς
719 4201 890 4268 λόγων
935 4217 995 4253 τε
1042 4201 1136 4253 καὶ
1179 4201 1319 4254 ὑλῶν
1359 4202 1671 4272 ἐπισκευῆς,

136 4283 333 4353 ἤγαγον,
370 4289 639 4358 λέγοντες,
688 4290 828 4362 ἅπερ
886 4291 1080 4362 μήποτ’
1118 4289 1340 4359 ἔφασαν.
1381 4292 1446 4345 Τί
1472 4291 1599 4364 γὰρ,
1639 4294 1672 4364 ἢ

136 4373 198 4436 ὡς
231 4379 431 4450 πηλίκοι
468 4383 719 4452 εἴποιμεν
751 4381 828 4452 τῷ
855 4380 1001 4447 ἅπαξ
1035 4382 1315 4454 θελήσαντι
1346 4382 1463 4453 Θεῷ
1499 4385 1675 4456 Πατρὶ

139 4464 212 4520 διὰ
237 4471 320 4522 τοῦ
361 4473 490 4526 Υἱοῦ
529 4474 705 4542 Λόγου
739 4473 915 4527 πάντα
963 4473 1295 4543 ὑποστῆναι;
1341 4474 1554 4544 Ἀμέλει
1597 4491 1679 4528 τοι

141 4559 355 4624 περὶτοῦ
389 4564 452 4616 ὲκ
487 4563 803 4634 σπέρματος
841 4562 1023 4628 Δαυτδ,
1053 4562 1146 4617 καὶ
1179 4563 1448 4636 Ἀϐραὰμ,
1480 4566 1573 4620 καὶ
1617 4568 1680 4621 ἐκ

145 4645 272 4718 ῥίζης
308 4653 496 4708 Ἰεσσαὶ
529 4655 670 4708 κατὰ
697 4655 892 4727 σάρκα,
919 4656 1053 4727 κεκή
1064 4673 1254 4728 ρυκται
1283 4657 1373 4729 [86
1396 4657 1468 4730 b].
1494 4659 1568 4723 ὡς
1587 4661 1683 4731 ἁρ-

145 4739 252 4804 ?ito;
279 4746 479 4818 εἴρηται
507 4762 522 4776 ·
567 4765 586 4798 ι
623 4747 696 4800 Τὸ
723 4748 832 4819 γάρ
868 4749 926 4801 ὲν
952 4749 1086 4820 αὐτῇ
1119 4749 1376 4820 γεννηθὲν
1411 4751 1476 4803 ὲκ
1511 4752 1682 4805 Πνεῦ-

151 4835 289 4898 μστός
323 4839 462 4893 ὲστιν
487 4840 644 4908 ἁγίου
665 4857 679 4871 ·
719 4857 738 4891 ι
775 4840 860 4892 ἵνα
893 4839 1186 4894 κάντεῦθεν
1212 4840 1470 4910 ὁμόλογον
1501 4837 1570 4915 ᾖ,
1605 4843 1681 4908 ὡς

150 4928 371 4995 συνεργὸν
395 4927 461 5001 ἦν
493 4930 571 5001 τῷ
600 4931 923 5000 ἀγαθουργῷ
960 4931 1286 5002 Δημιουργῷ
1330 4930 1390 4983 τὸ
1430 4932 1680 5000 ἀγιαστι-

151 5011 226 5064 κδν
258 5017 482 5092 Πνεῦμα.
519 5022 611 5075 Διὸ
653 5023 746 5075 καὶ
785 5019 940 5085 αὖθις
971 5023 1277 5094 γέγραπται
1299 5037 1314 5052 °
1349 5041 1368 5075 1
1406 5025 1607 5092 Ἤγετο
1651 5028 1680 5080 6

164 5101 334 5173 Ἰησοῦς
358 5113 412 5165 ὲν
440 5113 716 5182 Πνεύματι
745 5114 840 5165 ἐπὶ
870 5113 968 5183 τὴν
988 5112 1190 5184 ἔρημον
1210 5129 1224 5144 ·
1259 5131 1278 5164 ι
1328 5113 1511 5184 ἐπειδὴ
1562 5132 1686 5168 συν-

154 5190 208 5258 ἦν
234 5199 364 5270 αὐτῷ
387 5204 444 5255 τὸ
475 5206 796 5274 ἡγεμονικὸν
820 5203 1062 5274 Πνεῦμα,
1093 5205 1168 5268 ὡς
1195 5205 1328 5268 Θεὸς
1353 5205 1471 5276 Θεῷ
1496 5205 1588 5259 καὶ
1609 5207 1685 5270 ὡς

161 5284 302 5338 mirata
326 5293 550 5362 συνέχων
575 5294 666 5346 καὶ
694 5293 967 5364 πανταχοῦ
1001 5292 1212 5364 παρὼν,
1247 5293 1325 5364 τῷ
1355 5294 1438 5362 ἐφ’
1466 5294 1525 5348 ὃν
1551 5295 1684 5348 πάν-

159 5384 215 5424 τα
239 5376 547 5450 ἐστήρικται,
584 5384 678 5435 καὶ
706 5385 763 5437 ἐν
795 5387 958 5438 πᾶσιν
995 5384 1129 5450 ὄντι,
1169 5385 1262 5438 καὶ
1291 5384 1585 5455 πληροῦντι
1613 5385 1682 5438 τά

357 5601 602 5678 Diximus.
634 5608 766 5662 Vide
803 5625 968 5678 segni.
1001 5611 1032 5664 7
1058 5629 1110 5665 ιι.

227 5663 320 5738 (τη)
350 5669 410 5724 Et
444 5678 593 5736 dabo.
627 5681 820 5735 Ezrclt.
841 5663 1024 5746 fuit,
1046 5663 1114 5734 ‘26
1140 5695 1190 5735 ct
1216 5680 1305 5734 2'7.
1331 5679 1498 5736 Biblia
1528 5697 1540 5732 :
1566 5679 1674 5732 Καὶ

1778 1841 1989 1909 pliciter
2071 1842 2348 1910 Spiritum,
2409 1847 2502 1899 sed
2567 1847 2734 1913 ipsius
2805 1845 3060 1913 Spiritum
3126 1847 3339 1915 proprie

1769 1945 1887 1985 esse
1915 1932 2280 1996 subindieans,
2314 1934 2424 1987 hare
2457 1934 2632 1987 divine
2657 1935 2919 2002 loquitur:
2948 1954 2965 1986 1
2993 1936 3336 2007 Ειάοϋοβὶ)

1769 2022 1919 2075 vobis
1962 2038 2054 2075 cor
2105 2039 2322 2088 novum,
2352 2032 2404 2079 et
2437 2026 2680 2094 spiritum
2730 2042 2921 2080 novum
2954 2044 2967 2080 :
3001 2037 3054 2082 et
3099 2026 3336 2080 auferam

1774 2111 1934 2181 189
1964 2127 2054 2164 cor
2083 2113 2346 2182 lapideum
2383 2129 2446 2167 ex
2483 2131 2648 2169 carne
2688 2125 2887 2180 vestra,
2921 2125 2974 2172 et
3004 2117 3141 2171 dabo
3185 2119 3340 2173 vobis

1770 2218 1864 2256 cor
1901 2219 2176 2266 caruemu,
2209 2213 2261 2255 et
2303 2204 2560 2273 Spiritum
2599 2222 2773 2260 meum
2808 2207 2944 2262 dabo
2993 2207 3044 2261 in
3104 2208 3275 2262 vobis.
3313 2226 3336 2262 ι

1776 2291 2023 2346 Ηωτειίρὶ
2051 2310 2178 2346 vero
2207 2295 2381 2346 divina
2410 2297 2576 2348 etiam
2609 2296 2720 2350 haec
2764 2298 2923 2350 verba
2952 2297 3341 2366 parvipenden-

1772 2392 1873 2448 tes,
1897 2398 2014 2437 cum
2049 2385 2218 2437 [inuis
2249 2387 2546 2440 rationibus
2577 2388 2796 2443 omnino
2841 2399 3085 2452 careant,
3134 2392 3342 2444 extrin-

1771 2475 1911 2528 secis
1956 2475 2065 2543 jam
2117 2476 2323 2530 artibus
2373 2479 2704 2542 abutuntur,
2764 2487 2816 2533 et
2862 2479 2969 2532 alio
3022 2490 3186 2548 atque
3235 2481 3342 2536 alio

1773 2562 2064 2618 transferre
2100 2574 2362 2619 conantur
2388 2581 2506 2635 qua:
2527 2578 2634 2619 tam
2672 2567 2957 2622 manifesto
2985 2583 3146 2624 sensu
3195 2569 3336 2625 dicta

1771 2663 1917 2709 sunt.
1952 2654 2202 2722 inquiunt
2238 2657 2380 2708 enim
2423 2657 2572 2711 hisce
2623 2657 2749 2724 ipsis
2797 2659 3009 2713 verbis:
3062 2660 3160 2726 Qui
3192 2677 3341 2716 mor-

1775 2749 1893 2794 tuos
1925 2743 2183 2805 condidit,
2226 2743 2576 2798 mortificatos
2597 2747 2745 2799 solus
2773 2749 3034 2815 suscitat;
3089 2749 3342 2818 deprava-

1773 2837 1882 2882 tum
1915 2830 2082 2894 enim,
2118 2837 2172 2884 et
2197 2841 2510 2898 corruptum
2542 2835 2821 2890 architecti
2871 2853 3004 2913 opus
3043 2839 3218 2908 pictor
3255 2855 3342 2894 re-

1770 2925 2020 2976 staurare
2049 2937 2151 2976 non
2186 2933 2359 2991 potest
2391 2964 2404 2989 ,
2443 2941 2613 2993 neque
2654 2928 2880 2997 naupegi
2914 2944 3046 2998 opus
3100 2939 3340 2996 venator,

1772 3029 1945 3083 neque
1963 3015 2300 3071 fabricator-is
2321 3032 2456 3084 Opus
2474 3033 2697 3084 cursor;
2729 3023 2820 3073 sed
2850 3021 3131 3076 architecti
3160 3023 3344 3077 archi-

1773 3114 1966 3168 tectus,
2005 3115 2058 3159 et
2109 3107 2334 3175 naupegi
2377 3123 2676 3177 naupegus.
2717 3110 2949 3180 Spiritus
2997 3122 3176 3165 autem
3217 3128 3343 3166 sau-

1773 3205 1912 3262 ctus,
1933 3197 2197 3265 inquiunt,
2231 3213 2329 3251 nec
2357 3209 2599 3253 mortuos
2633 3203 2936 3266 suscitavit,
2983 3218 3157 3270 neque
3191 3217 3344 3257 crea-

1771 3289 1868 3340 vit.
1912 3286 2089 3342 Sctnel
2141 3290 2308 3353 enim,
2357 3290 2624 3360 inquiunt,
2670 3293 2720 3346 in
2760 3293 2966 3348 Adamo
3002 3295 3214 3348 condita
3260 3303 3343 3349 est

1773 3379 2048 3434 hominum
2094 3390 2282 3434 natura
2311 3422 2324 3445 ,
2362 3397 2537 3450 neque
2583 3398 2713 3436 vero
2745 3383 2914 3437 altera
2957 3395 3151 3454 praeter
3199 3384 3342 3438 illam

1773 3471 1989 3526 condita
2026 3471 2148 3537 fuit,
2177 3488 2276 3527 nec
2307 3473 2495 3527 eadem
2527 3476 2760 3543 smpius:
2794 3476 2922 3545 quin
2972 3476 3081 3529 Eva
3127 3490 3343 3544 quoque

1774 3563 1932 3617 simul
1963 3564 2178 3630 quidem
2224 3579 2345 3617 cum
2377 3564 2580 3618 Adamo
2616 3575 2794 3620 creata
2822 3576 2924 3632 est,
2950 3566 3216 3620 communi
3248 3583 3345 3618 na-

1777 3664 1908 3707 turae
1942 3656 2172 3720 ratione;
2209 3665 2391 3723 postea
2425 3670 2550 3710 vero
2581 3655 2810 3709 formata
2856 3656 2977 3710 fuit.
3020 3655 3128 3710 Nos
3163 3666 3341 3710 autem

1775 3743 2092 3807 orthodoxi,
2149 3745 2402 3813 quoniam
2458 3744 2653 3798 diviuze
2698 3746 3039 3814 potissimum
3082 3748 3342 3814 potentiae

1774 3835 2056 3889 character
2079 3846 2160 3888 est
2199 3837 2447 3898 comlere,
2491 3845 2544 3889 et
2591 3847 2831 3889 mortuos
2867 3838 3144 3901 suscitare,
3178 3838 3344 3892 conﬁ-

1778 3934 1952 3977 temur
1971 3934 2214 3978 sanctum
2247 3925 2529 3992 Spiritum,
2587 3926 2678 3993 qui
2722 3926 2828 3979 duo
2866 3928 2976 3980 haec
3023 3926 3169 3992 fecit,
3222 3942 3343 3981 esse

1777 4013 1962 4066 Deum.
2001 4012 2133 4066 Nam
2171 4033 2191 4064 ‹
2228 4014 2400 4068 Verbo
2431 4015 2541 4084 (2‘).)
2577 4012 2786 4068 Domini
2813 4016 2936 4069 ειειί
2972 4014 3165 4070 ﬁrmati
3194 4026 3340 4080 sunt,

1776 4113 1828 4158 et
1859 4102 2064 4172 Spiritu
2092 4105 2201 4158 oris
2219 4105 2332 4173 ejus
2356 4120 2544 4161 omnes
2577 4108 2798 4162 virtutes
2817 4123 3023 4162 eorum.
3061 4127 3078 4160 ι
3113 4108 3180 4162 Ει
3211 4125 3344 4178 quo-

1775 4195 1917 4248 niam
1965 4195 2134 4259 initio,
2189 4210 2310 4249 cum
2357 4197 2535 4250 omnia
2589 4198 2802 4251 condita
2868 4208 3027 4262 sunt,
3109 4213 3343 4268 prieseus

1775 4286 1934 4340 simul
1962 4303 2080 4341 cum
2111 4285 2231 4340 aliis
2275 4289 2522 4356 personis
2562 4291 2784 4353 aderat,
2823 4297 2876 4344 et
2909 4290 3130 4356 deitate,
3180 4301 3344 4360 atque

1708 4406 1752 4465 υ
1778 4378 2090 4448 operatione
2121 4381 2188 4432 ab
2224 4379 2289 4432 iis
2323 4379 2697 4448 inseparabilis
2750 4390 2890 4444 erat,
2938 4383 3161 4450 proinde
3204 4397 3345 4436 nunc

1777 4485 2009 4539 quoque.
2045 4485 2164 4523 cum
2195 4483 2257 4523 ea
2291 4480 2646 4535 renovantur,
2689 4485 2793 4524 una
2849 4486 2970 4526 cum
3015 4472 3135 4524 aliis
3181 4473 3346 4542 hypo-

1778 4561 2014 4616 stasibus
2045 4575 2282 4628 praesens
2311 4567 2482 4624 est,et
2509 4561 2667 4614 simul
2690 4577 2809 4614 cum
2861 4562 2927 4615 iis
2957 4576 3344 4616 commemora-

1780 4664 1898 4719 tur;
1939 4668 2084 4718 nam,
2117 4653 2291 4721 utipsi
2320 4653 2618 4706 adversarii
2648 4652 2920 4715 dixerunt,
2978 4665 3240 4706 renovare
3274 4651 3341 4704 ad

1779 4744 1937 4798 aliam
1987 4743 2304 4807 essentiam,
2346 4743 2397 4796 id
2456 4751 2559 4808 est,
2601 4750 2848 4794 natttram
2889 4755 2992 4794 non
3043 4741 3340 4808 spectabat,

1787 4849 1946 4905 quam
1979 4835 2044 4888 ad
2102 4841 2346 4887 naturam
2408 4832 2570 4897 illius,
2622 4833 2711 4900 qui
2769 4830 3099 4886 condiderat.
3156 4831 3231 4882 De
3277 4829 3344 4884 iis

1783 4941 1966 4996 porro,
2003 4925 2114 4994 qui,
2144 4940 2265 4979 cum
2314 4932 2516 4988 essent,
2557 4924 2627 4976 ita
2671 4938 2728 4978 se
2759 4924 3013 4993 gerebant
3041 4923 3190 4990 quasi
3241 4937 3344 4975 non

1783 5027 1986 5079 essent,
2039 5031 2182 5069 nunc
2223 5028 2352 5067 vero
2398 5012 2743 5082 spiritaliter,
2788 5020 2844 5065 et
2886 5011 3130 5065 diviniori
3190 5011 3348 5064 modo

1781 5107 1979 5163 conditi
1999 5115 2142 5168 sunt,
2170 5105 2362 5171 David,
2396 5115 2450 5158 et
2474 5103 2670 5156 Paulus
2705 5105 2783 5158 sic
2815 5103 3126 5171 praedicant,
3166 5112 3224 5154 ut
3251 5119 3348 5154 auo

1783 5207 1865 5252 lca
1897 5197 2097 5250 dictum
2134 5204 2238 5260 est,
2276 5205 2330 5249 et
2355 5196 2495 5250 sicut
2520 5195 2700 5250 multis
2747 5193 2869 5248 aliis
2909 5193 2961 5248 iu
3021 5193 3152 5246 locis
3191 5193 3344 5246 iuve-

1782 5290 2019 5344 niemus:
2056 5287 2266 5342 deﬁciat
2297 5288 2438 5342 enim
2481 5303 2565 5340 me
2600 5302 2758 5340 omne
2804 5295 3038 5354 tempus,
3079 5285 3121 5338 si
3163 5283 3346 5337 omnia

1784 5381 1980 5448 ubique
2009 5391 2435 5433 commemorare
2469 5377 2650 5431 velim.
2711 5373 2823 5432 Nisi
2869 5391 2998 5447 ergo
3045 5375 3149 5429 alia
3198 5373 3348 5427 Scri-

1779 5605 1994 5677 πνεῦμα
2030 5609 2214 5660 καινὸν
2243 5608 2395 5660 δώσω
2422 5611 2478 5660 ἐν
2509 5608 2656 5677 ὑμῖν.

1857 5675 1968 5750 (2'2)
2022 5677 2206 5733 Verbo.
2239 5678 2377 5733 l’sal.
2410 5675 2580 5744 xxxii,
2615 5691 2752 5731 vers.
2781 5675 2833 5730 6.
