3732 6350
404 320 510 376 575
1656 312 1889 369 DIDYMI
1927 310 2390 368 ALEXANDRINI
3582 314 3677 370 576

404 444 684 501 pturarum
708 440 873 496 esset,
904 431 1007 484 alia
1052 445 1178 486 vero
1217 430 1429 484 illorum
1476 429 1715 497 ipsorum
1761 438 1977 484 senten-

2138 426 2278 481 ἱντα.
2319 429 2470 481 Ἐπεὶ
2496 429 2568 500 μή
2597 446 2680 497 γε,
2702 430 2779 501 τῷ
2804 429 3023 482 ἐκείνων
3049 429 3188 501 λόγῳ
3222 431 3335 484 καί
3367 429 3456 499 τῷ
3477 431 3675 501 τρόπῳ,

408 525 502 588 tia,
531 523 762 592 primum
804 522 1021 592 quidem
1052 522 1343 591 aliquando
1375 521 1563 574 saltem
1608 521 1786 573 divina
1829 520 1977 573 Scri-

2142 535 2199 570 τε
2230 520 2257 571 ὁ
2291 519 2480 589 Πατὴρ
2502 520 2850 592 δημιουργὸς,
2878 521 3154 592 ἦνεκροὺς
3186 520 3475 589 ἐγείρων.
3506 522 3675 575 Πάντα

404 627 577 682 pturze
610 615 823 668 oracula
846 612 976 685 (25),
1007 629 1123 680 quze
1154 615 1254 666 hoc
1282 614 1333 665 in
1369 612 1528 673 libro,
1561 620 1720 679 alque
1743 611 1794 663 in
1824 624 1979 677 supe-

2138 628 2183 682 ιρ
2215 611 2303 664 διὰ
2336 611 2430 664 τοῦ
2462 613 2591 665 Υἱοῦ
2633 614 2846 681 ἐγένετο
2877 614 3108 675 ἀπόνως.
3145 614 3333 675 Πόνος
3368 612 3492 683 γὰρ
3521 615 3675 676 πάθος

407 708 552 761 riore
564 716 981 762 connnemorata
1004 717 1149 767 sunt,
1167 705 1355 774 inlmen
1366 715 1467 759 tem
1484 711 1826 757 revocassent
1839 701 1973 771 (24):

2141 704 2221 755 τί·
2254 703 2423 767 πάθος
2459 703 2514 756 δὲ
2556 704 2673 768 ὁδὸς
2704 704 2795 757 ἐπὶ
2827 704 3049 775 φθοράν.
3079 706 3190 757 Οὐκ
3240 703 3598 774 ἀρνούμενοι
3629 705 3675 757 δὲ

403 813 469 852 ea
534 800 676 853 enim
733 800 1011 853 audientes
1079 799 1331 868 quidnam
1391 798 1570 851 doceri
1640 798 1707 850 ab
1763 810 1828 850 eo
1892 795 1975 849 di-

2138 810 2165 844 ν
2195 793 2469 861 Δεσπότην
2510 793 2885 864 σεσαρκῶσθαι
2906 795 3026 863 δίχα
3051 795 3343 864 ἁμαρτίας
3368 795 3442 845 ὲκ
3467 794 3567 863 τῆς
3592 796 3675 862 φύ-

406 899 615 953 cercnl,
652 906 757 958 quo
791 888 1001 942 alﬂante
1031 890 1233 955 scripta
1264 888 1428 942 sunt?
1458 889 1655 941 Deinde
1680 901 1806 939 vero
1850 885 1977 941 illud

2143 901 2216 946 ως
2269 883 2363 936 τοῦ
2410 884 2600 954 Ἀδὰμ,
2652 886 2680 937 ὅ
2723 888 2869 938 ἐστιν
2907 887 2971 937 ὲκ
3004 886 3103 955 τῆς
3141 885 3476 955 Παρθένου,
3514 885 3549 952 ἢ
3588 885 3675 952 τῆς

405 985 863 1046 considerassent,
900 982 1040 1037 sicut
1077 998 1178 1035 una
1212 998 1332 1035 cum
1387 980 1521 1034 Filio
1579 980 1736 1049 190
1758 988 1979 1033 creante

2138 961 2381 1049 tszépagi
2413 974 2584 1027 ταῦτὰ
2626 991 2825 1045 φαμεν,
2871 975 3066 1045 μᾶλλον
3111 975 3166 1027 δὲ
3195 975 3303 1027 καὶ
3352 974 3671 1043 βεϐαιοῦῳν

405 1074 608 1125 creavit
631 1085 683 1125 et
712 1073 869 1124 Pater
899 1071 1312 1138 complacentia,
1341 1071 1420 1124 sic
1451 1070 1615 1123 etiam
1651 1071 1810 1123 simul
1854 1082 1976 1122 cum

2143 1064 2236 1117 ῦτο
2275 1064 2362 1116 διὰ
2404 1065 2497 1117 τοῦ
2538 1065 2715 1133 λέγειν
2758 1066 2822 1117 ὲκ
2854 1065 3163 1135 Πνεῦματος
3201 1065 3383 1132 ἁγίου
3427 1064 3675 1131 γεγεννῆ-

406 1179 472 1219 eo
494 1173 766 1218 creantem
801 1165 901 1217 dici
932 1164 1128 1217 debere
1172 1164 1433 1233 Spiritum
1481 1162 1632 1231 ejus:
1687 1176 1861 1229 neque
1910 1175 1976 1213 ea

406 1272 528 1326 qua:
556 1257 621 1309 ad
654 1257 887 1319 beatam,
922 1256 1162 1324 nullique
1193 1256 1267 1309 rei
1296 1255 1605 1322 permistam
1636 1253 1975 1318 Trinitatem,

405 1364 435 1403 a
470 1363 570 1416 qua
599 1364 694 1402 nos
722 1364 933 1417 quoque
960 1359 1011 1403 et
1046 1348 1542 1409 ratiocinationum,
1569 1358 1624 1399 et
1658 1362 1836 1400 rerum
1867 1362 1978 1397 ma-

408 1440 672 1493 terialium
711 1450 997 1495 structura:
1022 1440 1135 1511 (25)
1167 1439 1328 1494 veluti
1359 1440 1664 1493 conditores
1691 1436 1862 1493 elfecti
1889 1454 1978 1492 su-

408 1546 545 1593 mus,
579 1541 1003 1600 comparassent,
1039 1532 1306 1599 simulque
1341 1530 1721 1584 discuSsissent
1748 1545 1869 1583 cum
1892 1529 1974 1595 iis,

406 1641 527 1690 quae
558 1626 861 1690 dissimilia,
896 1626 1189 1687 exsistunt,
1221 1640 1445 1694 qumque
1476 1636 1657 1678 mutua
1683 1624 1979 1678 connexio-

409 1736 493 1780 ne,
527 1734 697 1786 caque
732 1721 1077 1788 temporaria,
1102 1719 1360 1788 indigent,
1393 1735 1455 1773 ac
1488 1734 1552 1772 nc
1601 1718 1974 1785 cogitationem

2082 1157 2220 1208 σθαι.
2276 1156 2511 1226 Ἐπειδὴ,
2539 1156 2613 1219 ὡς
2637 1156 2870 1228 εἴρηται,
2904 1158 2997 1211 καὶ
3031 1156 3127 1227 τὴν
3161 1155 3355 1227 ἀρχὴν
3385 1156 3668 1225 συμπαρῆν

2078 1246 2140 1300 τὸ
2164 1246 2485 1317 πρωιὼνιον
2523 1248 2615 1301 καὶ
2649 1249 2981 1318 προκόσμιον
3023 1248 3243 1318 Πνεῦμα
3276 1246 3389 1299 τοῦ
3419 1246 3559 1298 Θεοῦ
3603 1246 3669 1313 τῷ

2080 1342 2279 1409 ποιητῇ
2317 1338 2416 1408 τῆς
2442 1339 2716 1410 ἡμετέρας
2743 1338 2976 1407 φύσεως,
3002 1339 3099 1409 οὐχ
3134 1338 3207 1402 ὡς
3240 1337 3527 1409 χρῄζοντι
3556 1337 3666 1406 βοη-

2080 1431 2251 1493 θείας,
2286 1431 2420 1483 ἀλλὰ
2461 1433 2556 1484 σὺν
2585 1432 2873 1497 ταυτότητι
2906 1432 2997 1484 καὶ
3033 1432 3236 1502 ἰσότητι
3284 1430 3557 1501 θεότητος
3588 1433 3665 1481 καὶ

2080 1521 2367 1593 θελήσεως,
2402 1523 2496 1576 καὶ
2521 1518 2630 1575 οἷον
2671 1523 2744 1593 μὴ
2780 1523 3223 1593 ἀποτετμημένον
3252 1521 3367 1575 τοῦ
3403 1522 3581 1590 φωτὸς
3615 1523 3662 1573 τὺ

2080 1611 2213 1679 φῶς.
2247 1612 2312 1663 Ἢ
2348 1611 2572 1683 σύστηθι
2604 1610 2717 1675 οὖν,
2742 1613 3055 1674 Μακεδόνιε,
3084 1616 3197 1675 τοῖς
3228 1614 3449 1683 ἁγίοις,
3479 1614 3662 1681 κτίσμα

2079 1703 2139 1755 τὸ
2186 1702 2325 1755 θεῖον
2368 1703 2590 1773 Πνεῦμα
2636 1704 2708 1775 μὴ
2742 1704 3114 1775 ὀνομάζουσιν,
3160 1706 3277 1759 ἀλλ’
3329 1704 3660 1775 ἑκπεπορεῦ-

407 1813 621 1878 quident
652 1821 916 1880 prompte,
935 1811 1197 1878 modoque
1225 1812 1510 1880 cujuslibet
1550 1811 1977 1878 reprehensionis

2138 1810 2201 1847 Ιαι
2234 1796 2296 1847 ὲκ
2328 1794 2421 1847 τοῦ
2455 1794 2612 1855 Θεοῦ,
2651 1796 2726 1858 ὡς
2756 1796 2977 1865 Πνεῦμα
3011 1795 3172 1849 αὑτοῦ
3199 1794 3357 1849 κατὰ
3394 1793 3580 1863 φύσιν·
3612 1792 3658 1859 ἧ,

407 1912 648 1971 experte,
681 1903 938 1969 implent;
969 1918 1138 1971 neque
1168 1904 1263 1956 ista
1286 1919 1517 1971 unquam
1549 1902 1811 1956 dixissent
1838 1901 1975 1971 (9.6),

406 2011 526 2063 qua:
554 1996 886 2063 objecerunt.
924 1996 1097 2060 Quare
1131 1995 1296 2059 enim,
1345 2004 1437 2048 aut
1482 2009 1583 2062 qua
1628 1994 1967 2057 auctoritate,

408 2089 489 2141 vel
530 2096 792 2156 potestate
853 2089 1112 2151 dicemus,
1169 2088 1274 2140 Deo
1318 2088 1475 2140 Patre
1526 2086 1688 2140 semel
1745 2085 1973 2149 volente,

408 2181 589 2232 omnia
624 2180 761 2234 sicut
798 2195 891 2247 per
924 2180 1116 2233 Filium
1155 2178 1408 2244 Verbum,
1461 2178 1531 2231 ita
1569 2189 1623 2232 et
1661 2193 1754 2247 per
1808 2176 1979 2245 Spiri-

413 2281 521 2323 iuni
550 2281 795 2324 Sanctum
815 2270 924 2341 (27)
961 2271 1252 2323 constituta
1281 2284 1382 2320 non
1424 2268 1587 2322 esse?
1627 2269 1699 2321 De
1722 2283 1785 2320 eo
1824 2282 1975 2330 sane,

408 2363 499 2429 qui
528 2371 607 2415 est
633 2377 697 2415 ex
729 2362 936 2415 semine
971 2361 1155 2422 David,
1196 2370 1249 2412 et
1288 2360 1599 2421 Abraltami,
1635 2367 1769 2412 etex
1800 2359 1979 2412 radice

407 2453 560 2507 Jessc
585 2454 880 2507 secundum
916 2468 1155 2517 carnem,
1189 2454 1529 2520 praedicatum
1556 2452 1675 2516 fuit,
1716 2460 1775 2504 ut
1802 2465 1974 2519 nuper

411 2544 679 2595 diximus:
722 2561 739 2593 ι
781 2545 931 2609 Quod
969 2542 1077 2612 (28)
1133 2545 1276 2597 enini
1325 2543 1376 2595 in
1415 2557 1476 2596 ea
1521 2552 1704 2594 natum
1761 2551 1864 2604 est,
1912 2555 1978 2593 ex

412 2635 617 2702 Spiritu
669 2649 855 2688 saneto
903 2645 1015 2688 est:
1055 2655 1073 2686 ι
1127 2645 1183 2688 ιιι
1220 2636 1301 2687 vel
1359 2650 1422 2689 ex
1474 2633 1555 2686 bis
1603 2633 1783 2685 verbis
1830 2642 1979 2686 certo

411 2734 645 2787 constet,
688 2723 929 2777 benefice
968 2724 1215 2801 Creatori
1265 2724 1470 2777 socium
1503 2724 1554 2775 in
1591 2722 1885 2785 creatione,
1928 2732 1980 2776 et

411 2826 820 2881 conperatorem
871 2817 1033 2870 luisse
1067 2815 1493 2869 sanctiﬁcantem
1543 2815 1823 2883 Spiritum.
1862 2817 1980 2868 ldeo

410 2900 537 2953 alibi
569 2916 781 2969 quoque
830 2904 1086 2972 scriptum
1145 2915 1261 2957 est:
1300 2922 1317 2954 ι
1357 2906 1655 2957 Ducebatur
1682 2904 1790 2974 (29)
1826 2902 1981 2958 Jesus

416 2990 467 3042 iu
501 2992 705 3058 Spiritu
740 2995 789 3047 in
818 3012 1090 3050 eremnnt:
1118 3015 1136 3048 ι
1177 2998 1302 3064 quia
1351 2997 1511 3050 simul
1562 3013 1684 3050 cmn
1717 2998 1833 3065 ipso
1862 3005 1981 3049 erat

418 3080 525 3142 κιρ,
558 3083 645 3149 qui
684 3085 881 3138 dicitur
915 3086 1150 3154 Spiritus
1175 3088 1509 3157 principalis,
1538 3103 1630 3141 seu
1664 3088 1878 3150 ductor,
1920 3098 1979 3140 ut

2081 1878 2157 1941 ὡς
2190 1878 2308 1942 ἔθος
2342 1897 2421 1932 σοι
2461 1882 2713 1948 φάσκειν,
2740 1884 2820 1935 ὅτι
2866 1882 2998 1935 Θεοῦ
3032 1885 3126 1952 μὲν
3162 1885 3359 1953 ἥττων
3393 1885 3464 1951 τῇ
3500 1882 3656 1949 φύσει,

2082 1968 2329 2035 ἀγγέλων
2370 1969 2425 2021 δὲ
2476 1971 2738 2043 κρείττων
2783 1973 2948 2036 ἐστὶν,
3002 1973 3169 2043 μέσην
3201 1973 3333 2025 τινὰ
3381 1972 3544 2042 φύσιν
3580 1972 3655 2021 καὶ

2083 2058 2236 2121 τάξιν
2271 2058 2482 2130 είληχὸς
2514 2062 3041 2133 κεχρησμῳδηκότας
3076 2064 3163 2134 (τὰ
3190 2064 3309 2137 γὰρ
3347 2064 3571 2116 ἐκείνων
3592 2062 3656 2113 δι·

2084 2151 2255 2211 καίως
2288 2153 2675 2223 προτετίμηται
2706 2154 2856 2224 παρὰ
2895 2154 2971 2226 τῷ
2998 2155 3114 2225 Θεῷ
3144 2156 3253 2208 τῶν
3282 2155 3401 2208 σῶν
3434 2155 3527 2207 καὶ
3563 2152 3651 2205 τῶν

2097 2242 2360 2313 Ἀρείου)·
2399 2244 2493 2297 καὶ
2522 2246 2617 2314 οὐχ
2661 2246 2735 2308 ὡς
2774 2246 2985 2300 δίδωσιν
3025 2249 3053 2299 ὁ
3092 2248 3189 2317 τῆς
3216 2248 3425 2317 τέχνης
3458 2246 3547 2298 καὶ
3570 2245 3651 2312 τῆς

2087 2333 2395 2401 σοφιστείας
2427 2334 2607 2403 νόμος,
2643 2335 2761 2401 ἐξόν
2798 2353 2898 2395 σοι,
2933 2334 3290 2406 θαρῤήσαντι,
3321 2335 3540 2401 ἀφεῖναι
3567 2349 3646 2382 κα-

2084 2429 2151 2480 τὰ
2193 2425 2287 2479 τοῦ
2324 2428 2465 2480 θείου
2498 2427 2812 2498 Πνεῦματος
2844 2429 3004 2491 ἰδίους
3041 2427 3259 2494 λόγους·
3288 2420 3356 2479 οῦ
3393 2425 3492 2495 τὴν
3523 2423 3649 2474 θείαν

2086 2519 2246 2587 φύσιν
2282 2520 2389 2572 οὐδ’
2422 2520 2487 2573 ἂν
2520 2522 2568 2572 εὶ
2599 2522 2721 2583 τοὺς
2749 2520 2844 2591 τῆς
2889 2520 3118 2583 διανοίας
3150 2519 3241 2591 [87
3268 2517 3327 2590 α]
3361 2515 3647 2587 ὀφθαλμοὺς

2084 2611 2365 2673 τοσούτους
2420 2611 2513 2664 καὶ
2559 2611 2832 2675 τοιούτους
2860 2610 3021 2682 εἶχες,
3059 2613 3214 2676 ὅσους
3254 2614 3355 2664 καὶ
3378 2611 3523 2670 οἴους
3547 2608 3651 2659 ἔδω-

2085 2720 2180 2756 κεν
2234 2706 2266 2773 ἡ
2320 2704 2507 2775 Γραφὴ
2567 2706 2679 2766 τοῖς
2732 2704 3035 2775 χερουόίμ·
3100 2704 3381 2774 ἡδυνήθης
3437 2700 3504 2753 ἂν
3560 2697 3643 2750 κᾶν

2087 2793 2265 2856 ποσῶς
2316 2795 2444 2861 γοῦν
2502 2795 2793 2865 θεωρῆσαι.
2833 2795 2949 2864 (τίς
2994 2796 3101 2866 γὰρ
3144 2794 3526 2866 ἐπιδράττεται
3563 2790 3641 2856 τῆς

2086 2884 2323 2953 ἀφανοῦς
2374 2887 2466 2937 καὶ⁴
2504 2887 2786 2958 ἁχωρήτου
2827 2887 3128 2957 θεότητος;)
3166 2887 3198 2956 ἢ
3236 2884 3540 2953 καταγνοὺς
3565 2880 3642 2947 τῆς

2087 2976 2278 3028 ἑαυτοῦ
2330 2976 2603 3041 ἀσεϐείας,
2657 2978 2690 3049 ἢ
2755 2977 2897 3031 ἑκὼν
2939 2980 3068 3050 ἡμῖν
3102 2977 3207 3029 τῶν
3242 2974 3525 3047 πρωτείων
3554 2971 3641 3037 ἀφο

2091 3066 2295 3121 ίστασο.

418 3174 560 3226 Deus
621 3191 741 3229 cum
784 3177 913 3241 Deo,
965 3190 1016 3231 et
1068 3190 1126 3232 ut
1193 3181 1371 3233 omnia
1420 3182 1721 3244 continens,
1767 3189 1820 3233 et
1857 3180 2055 3248 ubique
2094 3194 2326 3248 praesens
2365 3194 2469 3232 una
2512 3194 2632 3233 cuin
2666 3194 2752 3244 eo,
2790 3180 2839 3234 in
2893 3197 2999 3249 quo
3034 3184 3211 3236 omnia
3258 3182 3473 3237 firmata
3507 3185 3630 3235 sunt,

412 3266 616 3333 quique
649 3269 699 3321 in
728 3272 977 3326 ooinibus
1001 3281 1102 3334 est,
1136 3283 1190 3326 et
1221 3272 1399 3325 omnia
1448 3272 1655 3338 implet.
1697 3271 1970 3339 Alioquin,
2012 3271 2055 3324 si
2086 3286 2268 3323 eorum
2302 3271 2563 3324 rationein
2618 3282 2671 3326 et
2695 3274 2951 3341 arguendi
3009 3274 3222 3327 modum
3288 3273 3625 3329 attendamus,

418 3379 485 3419 ne
522 3363 676 3417 Pater
705 3366 916 3432 quidem
943 3366 1047 3420 erit
1078 3366 1345 3430 conditor,
1388 3374 1480 3419 aut
1511 3374 1845 3419 mortuorum
1868 3365 2155 3419 suscitator
2183 3382 2195 3417 :
2225 3364 2406 3417 omnia
2452 3365 2593 3417 enim
2666 3379 2759 3433 per
2824 3363 3015 3418 Filium
3077 3366 3215 3419 facta
3264 3374 3393 3421 sunt
3440 3363 3547 3417 sine
3565 3357 3629 3411 la-

417 3458 582 3520 bore;
618 3458 768 3510 labor
798 3459 940 3511 enim
975 3468 1056 3512 est
1089 3459 1297 3526 passio;
1327 3460 1501 3524 passio
1530 3473 1655 3511 vero
1682 3466 1766 3510 est
1808 3458 1887 3509 via
1914 3458 1979 3510 ad
2020 3458 2441 3525 corruptionem.
2502 3454 2625 3510 llaec
2692 3466 2871 3510 autem
2900 3457 3023 3510 dum
3057 3457 3312 3523 dicimus,
3382 3453 3630 3510 Dominum

420 3550 756 3602 incat‘nalum
809 3564 926 3603 esse
969 3550 1086 3611 sine
1139 3557 1356 3619 pem-ato
1392 3565 1458 3603 ex
1496 3559 1687 3602 natura
1733 3548 1946 3612 Adami,
1986 3549 2036 3601 id
2068 3559 2152 3603 est
2180 3563 2242 3602 ex
2278 3546 2512 3617 Virginis
2536 3559 2748 3610 natura,
2782 3558 2873 3600 aut
2928 3562 2995 3602 ex
3057 3560 3261 3613 nostra,
3302 3564 3406 3602 non
3454 3544 3627 3599 inlicia-

421 3655 574 3693 n.nr:
612 3640 705 3693 Sed
754 3643 931 3704 potius
980 3642 1078 3697 ltoc
1110 3644 1510 3707 confirmamus,
1551 3660 1672 3697 cum
1739 3643 1966 3698 dicimus
2025 3660 2090 3698 ex
2131 3644 2333 3712 Spiritu
2373 3653 2561 3697 sancto
2604 3654 2915 3712 generatum
2954 3659 3108 3699 esse:
3152 3646 3432 3721 quoniam,
3476 3648 3529 3693 ut
3564 3636 3629 3687 di-

420 3742 565 3785 ctum
591 3744 693 3797 est,
734 3734 884 3787 initio
912 3750 1122 3805 quoque
1151 3735 1218 3800 is,
1251 3738 1339 3806 qui
1380 3746 1503 3790 ante
1548 3737 1763 3799 saecula,
1829 3745 1881 3789 et
1919 3746 2044 3790 ante
2086 3738 2337 3788 mundum
2379 3736 2698 3799 exsistebat,
2733 3734 2966 3803 Spiritus
2996 3736 3107 3800 Dei,
3137 3720 3502 3790 simul‘aderat
3526 3744 3622 3783 cum

422 3826 700 3877 conditore
760 3836 956 3881 nostra:
1005 3838 1246 3891 naturte;
1302 3844 1474 3895 neque
1518 3843 1645 3881 vero
1686 3844 1805 3881 cum
1868 3828 1983 3897 ipso
2025 3829 2484 3895 aderattanquam
2515 3842 2635 3879 cum
2664 3841 2749 3890 eo,
2787 3828 2879 3896 qui
2946 3830 3146 3883 auxilio
3192 3829 3475 3899 indigeret,

3554 3821 3628 3873 sed

420 3931 545 3971 cum
577 3919 872 3984 identitate,
912 3931 964 3973 et
997 3922 1303 3989 aequalitate
1344 3920 1495 3990 191
1531 3921 1767 3983 deitatis,
1805 3930 1852 3975 et
1897 3920 2165 3974 volitionis
2227 3920 2456 3983 aderat,
2519 3935 2583 3973 ac
2649 3920 2813 3975 veluti
2862 3921 2950 3974 lux
2989 3938 3017 3975 a
3070 3922 3187 3976 luce
3222 3938 3329 3976 non
3399 3918 3621 3987 sejuncta-

423 4009 687 4081 Autergo
726 4014 927 4067 sanctis
966 4015 1337 4081 adiungerem
1381 4013 1677 4073 Macedoni,
1735 4014 1825 4081 qui
1853 4014 2093 4067 divinum
2129 4013 2388 4080 Spiritum
2417 4024 2718 4066 creaturam
2780 4030 2885 4068 non
2949 4024 3161 4079 vocant,
3208 4018 3301 4071 sed
3346 4029 3462 4071 eum
3535 4017 3631 4077 pri"

420 4103 654 4158 cessisse
681 4105 831 4158 aiunt
856 4121 920 4159 cx
964 4107 1091 4173 Deo,
1126 4117 1184 4161 ut
1213 4109 1471 4178 Spiritum
1530 4108 1645 4175 ejus
1690 4109 1986 4164 secundum
2041 4119 2319 4162 naturam:
2357 4118 2469 4171 aut,
2498 4110 2749 4177 quoniam
2786 4110 2880 4163 tibi
2945 4111 3195 4164 dictitare
3231 4126 3348 4163 nios
3413 4114 3507 4165 est.
3546 4111 3618 4151 θθε

428 4191 480 4242 in
512 4193 707 4246 divinis
739 4194 973 4247 oraculis
1004 4197 1272 4263 docuisse,
1306 4195 1567 4265 Spiritum
1594 4207 1843 4251 sanctum
1878 4196 1987 4250 Deo
2029 4198 2242 4265 quidem
2278 4207 2466 4250 natura
2499 4198 2757 4251 minorem
2787 4214 2946 4265 esse,-
2995 4200 3197 4267 angelis
3253 4210 3428 4254 autem
3481 4188 3611 4253 111³10⁸

428 4294 564 4342 rem,
599 4285 1137 4355 prwstantioremque
1158 4288 1440 4351 exsistere,
1465 4302 1527 4341 ac
1555 4289 1784 4341 mediam
1820 4288 2106 4357 quamdam
2143 4300 2410 4353 naturam,
2477 4300 2532 4342 et
2594 4290 2767 4343 locmn
2831 4290 3078 4344 sortitum
3129 4305 3279 4354 esse;
3324 4302 3378 4345 tu
3426 4289 3523 4355 ipse
3554 4276 3616 4332 rel

429 4380 572 4423 luam
593 4374 705 4442 (50)
742 4375 909 4441 ipsius
931 4376 1256 4445 impietatem
1281 4379 1706 4445 condemnando,
1729 4379 1810 4434 vel
1833 4392 2043 4448 Sponte,
2075 4381 2278 4448 primas
2314 4382 2465 4434 nobis
2491 4382 2657 4434 cede:
2684 4397 2802 4450 quae
2830 4382 2971 4435 enim
3035 4384 3209 4437 sancti
3282 4382 3358 4436 illi
3421 4375 3610 4441 δετίνεεο

428 4472 573 4525 runt,
609 4464 729 4531 iure
769 4482 830 4520 ac
860 4468 1053 4523 merito
1082 4472 1218 4537 apud
1254 4470 1420 4525 Deum
1452 4472 1576 4534 tuis,
1601 4481 1655 4526 et
1689 4473 1803 4526 Arii
1831 4474 1991 4527 dictis
2031 4472 2415 4540 praeferuntur,
2448 4490 2546 4527 nec
2578 4475 2700 4528 licet
2730 4475 2844 4536 tibi,
2881 4484 2937 4527 ut
2994 4475 3321 4537 artiﬁciosae,
3387 4482 3438 4527 et
3466 4462 3615 4535 sophl'

427 4555 573 4607 suae
602 4556 899 4625 disciplina:
966 4560 1047 4613 lex
1078 4560 1202 4625 fert,
1250 4564 1505 4617 audacter
1555 4573 1743 4618 contra
1788 4566 2028 4618 divinum
2072 4564 2331 4633 Spiritum
2388 4567 2619 4635 propriis
2664 4567 3001 4622 sermonibus
3064 4568 3294 4631 effutire,
3340 4566 3479 4634 cujus
3508 4552 3615 4608 diri.

428 4666 553 4704 nam
628 4663 873 4707 Italtler
949 4670 1014 4709 ne
1056 4657 1334 4711 tninimutn
1373 4660 1590 4726 quidem
1636 4660 1901 4729 inspicere
1952 4676 2157 4729 posses,
2209 4663 2308 4716 etsi
2388 4663 2579 4717 mentis
2622 4662 2809 4716 oculos
2865 4671 3043 4715 lautos
3094 4676 3158 4715 ac
3232 4660 3365 4714 tales
3397 4654 3613 4711 haberes:

426 4760 654 4816 quantos
687 4757 741 4801 et
761 4748 948 4817 quales
997 4750 1183 4803 tribuit
1212 4750 1491 4821 Scriptura
1513 4754 1825 4808 cberubinis
1866 4772 1881 4809 :
1922 4756 2045 4825 quis
2086 4756 2231 4810 enim
2268 4754 2643 4820 'invisibilem,
2685 4764 2739 4808 ct
2784 4752 3373 4823 incoinpreliensibilem
3412 4746 3613 4803 deitatem

505 4971 615 5042 (9.5)
658 4972 909 5027 Oraru/a.
946 4975 1126 5028 Codex
1170 4984 1596 5046 proparovytone
1629 4976 1836 5046 γρὰφια
1888 4986 1996 5029 lum

434 5046 554 5107 hic,
610 5055 944 5117 tnznﬂsegm.
980 5046 1089 5117 7100
1127 5066 1177 5097 α.
1230 5045 1336 5117 Sed
1391 5045 1600 5116 γραφέα
1664 5045 1996 5117 paroxylone

433 5130 658 5179 δοκίμω.
688 5113 789 5164 ΜΗ
816 5118 863 5175 b,
900 5116 999 5169 l08
1025 5118 1075 5178 ὸ,
1098 5127 1151 5169 et
1185 5116 1331 5169 alibi.

512 5183 623 5256 (24)
666 5182 727 5234 In
762 5196 977 5237 mentem
1014 5194 1351 5256 reuocauerit.
1398 5184 1569 5239 Verbo
1619 5185 2001 5256 παρενθυμοῦ-

441 5271 539 5326 μαι
576 5253 750 5326 ιιιιιθιῇ
772 5268 896 5326 usus
928 5264 1014 5309 est
1043 5255 1288 5309 Clemens
1317 5254 1451 5326 libro
1481 5258 1653 5324 primo
1686 5253 1997 5326 Pwdagugi,

438 5321 556 5391 (ap.
586 5321 670 5379 l'l.
705 5323 815 5382 ubi,
844 5332 901 5375 ut
935 5340 1076 5385 reor,
1107 5327 1247 5377 valet
1284 5343 1301 5373 ι
1332 5321 1541 5391 neglige
1593 5346 1610 5376 ›

512 5394 623 5472 (ἐξ)
665 5391 975 5447 διηιειιινω.
1030 5395 1209 5449 Codex
1242 5413 1254 5448 :
1288 5396 1380 5446 ἐπὶ
1428 5396 1648 5466 σκευῆς.
1686 5394 1830 5467 Lego
1881 5396 2003 5447 ἐπι-

440 5480 661 5523 σκευης.

515 5504 634 5603 (‘26.).
662 5531 949 5606 Δὓίαῄἱιεεηι.
978 5532 1154 5587 Codex
1189 5554 1201 5587 :
1231 5534 1369 5606 ἅπερ
1404 5536 1600 5605 μήποτ’
1625 5536 1852 5604 ἔφασαν.
1877 5536 2005 5602 Quae

444 5602 605 5657 lectio
656 5602 780 5656 ferri
815 5612 1029 5673 potrst.
1081 5602 1353 5673 Sus‘picari
1406 5602 1587 5658 tamen
1639 5602 1763 5658 licet
1816 5609 2006 5660 deesse

449 5674 677 5745 aliquid.
711 5682 776 5745 ut
812 5672 1090 5745 legendum
1127 5677 1225 5738 sit,
1273 5675 1418 5727 verbi
1471 5676 1664 5745 gratia,
1708 5675 1852 5744 ἅπερ
1902 5676 2005 5745 μή-

452 5743 569 5798 ποτ’
602 5743 665 5797 ἂν
696 5743 922 5812 ἔφασαν.
961 5744 1050 5800 Vel
1080 5764 1091 5800 :
1126 5745 1266 5818 ἅπερ
1306 5746 1502 5817 μήποτ’
1527 5744 1732 5812 ἔφασαν
1770 5743 1830 5797 αί
1869 5743 2007 5816 Γρα·

2108 4976 2224 5045 φαί.
2250 4972 2344 5027 νει
2368 4974 2541 5041 potius
2564 4974 2703 5043 (cum
2730 4974 2867 5043 apud
2892 4973 3179 5045 scriptorcs
3202 4971 3405 5045 Didymi
3425 4958 3611 5045 aill'jﬂlfﬁ

2112 5034 2319 5126 μήποτε
2362 5034 2516 5126 saepe
2546 5034 2716 5096 valeat
2762 5034 2778 5094 ἆ
2814 5034 3037 5126 fortasse
3059 5048 3105 5112 ι)
3153 5034 3317 5123 amp:
3344 5034 3516 5126 μήποτ’
3540 5034 3612 5080 οὒκ

2110 5114 2175 5168 ἂν
2210 5116 2433 5180 ἔφασαν.
2468 5116 2519 5165 id
2550 5125 2630 5166 est
2667 5132 2684 5163 ι
2712 5130 2828 5175 qme
2860 5114 3085 5166 l'urIaSse
3116 5131 3219 5165 non
3256 5114 3546 5180 distsseut._i
3585 5163 3590 5171 _

2182 5170 2292 5255 ((εὴ,
2334 5170 2429 5255 lm
2471 5197 2517 5255 gl
2570 5200 2659 5246 per
2712 5170 2966 5249 Spiritum
2999 5252 3008 5255 Α
3036 5196 3291 5255 sanctum.
3347 5170 3612 5255 Cmudrsll

2112 5248 2308 5321 aliquid
2347 5254 2396 5305 iit
2460 5252 2670 5315 Grieco,
2719 5248 2819 5305 non
2866 5252 3011 5320 potui
3062 5254 3187 5318 quin
3234 5252 3342 5304 inec
3402 5248 3610 5321 verterent

2110 5340 2177 5377 ex
2204 5318 2449 5388 ingenio.
2478 5322 2613 5375 Puto
2649 5334 2824 5375 tamen
2862 5318 2945 5376 itte
2980 5339 3010 5373 a
3036 5322 3244 5391 Didymi
3274 5318 3511 5375 sententia
3533 5318 3608 5357 nou

2114 5408 2420 5447 l'et'eSSlSSC.

2184 5464 2297 5534 ('28)
2337 5462 2508 5534 Quod,
2539 5461 2727 5534 Maltli.
2758 5478 2792 5523 ι,
2821 5460 2909 5514 20.

2185 5519 2296 5597 ἱενᾷ
2342 5519 2654 5585 Ducebatur.
2690 5519 2815 5583 Ιλιιιὶ.
2848 5546 2921 5591 tv,
2955 5531 3007 5584 1.
3038 5532 3221 5585 Gra‘ca
3250 5530 3433 5585 editio:
3457 5519 3606 5582 ἰιγετο

2115 5608 2171 5656 ὲν
2202 5603 2274 5672 τῷ
2312 5601 2584 5670 Πνεῦματι
2614 5603 2689 5663 είς
2722 5600 2817 5670 τὴν
2844 5600 3064 5672 ἔρημον.

2186 5655 2298 5739 (δίη
2344 5655 2529 5726 Tuaiu.
2564 5655 2887 5726 ιἰιίὲαῦτοῦ
2916 5655 3092 5725 malim
3120 5669 3373 5724 σεαυτοῦ·
3414 5675 3459 5721 et
3486 5655 3602 5711 εἴκων

2116 5763 2211 5815 pro
2251 5740 2408 5797 ἑκών.
