3688 6308
391 298 493 354 εις)

1627 293 1859 347 DlDYMl
1900 282 2363 347 ALEXANDRlNI

3488 300 3569 354 580

399 414 450 470 ci
473 411 696 467 credunt
716 410 843 480 (44),
866 409 1234 463 remissionem
1268 417 1611 478 peccatorum
1645 408 1927 463 conferunt

2073 408 2178 470 τίας
2212 425 2337 460 σου·
2378 426 2396 459 ι
2432 409 2546 471 καὶ,
2581 425 2599 458 ι
2643 405 2767 459 Ἐὰν
2801 399 2934 458 ὦσιν
2972 405 3027 456 αἱ
3065 403 3322 474 ἁμαρτίαι
3355 404 3486 475 ὑμῶν
3517 411 3576 473 6.;

338 504 346 516 '
388 505 541 570 Quod
574 513 748 556 autem
779 501 945 555 solius
984 500 1075 554 Dei
1105 501 1379 569 proprium
1412 498 1480 552 sit
1515 497 1803 565 propitium
1832 512 1952 552 esse

386 581 492 661 bis,
522 593 610 660 qui
643 589 1004 659 peccaverint,
1043 592 1225 657 eisque
1268 595 1487 656 peccata
1531 585 1822 651 dimittere,
1866 586 1951 640 iu-

386 684 526 755 clyta
551 682 640 736 Dei
661 680 879 736 oracula
902 679 1226 748 significant.
1265 697 1283 728 ι
1324 677 1432 746 Ego
1466 695 1483 728 ι
1512 676 1626 746 (45)
1657 677 1823 742 enim,
1870 677 1953 730 in-

385 777 521 844 quit,
549 791 566 825 t
600 789 716 828 sum
734 772 824 841 qui
849 771 996 825 deleo
1023 780 1235 837 peccata
1260 779 1382 833 tua;
1413 786 1431 818 ι
1465 778 1552 822 et:
1578 786 1596 819 ι
1618 766 1674 821 Si
1699 768 1809 823 sint
1841 766 1950 838 (46)

387 876 610 934 peccata
643 874 824 916 vestra
871 872 928 915 ut
961 859 1270 930 pruniceum,
1305 867 1556 926 tanquam
1582 859 1772 925 {nivem
1811 857 1956 910 deal-

2060 497 2354 566 φοινικοῦν,
2385 498 2461 562 ὡς
2487 499 2636 570 χιόνα
2658 497 2904 550 λευκανῶ
2927 512 2940 526 ο
2981 493 3076 547 ὲὰν
3104 493 3158 545 δὲ
3180 487 3306 546 ὦσιν
3336 495 3404 558 ὡς
3429 498 3577 552 κόκκι-

2059 605 2169 650 νον,
2203 588 2334 640 ὼσεὶ
2355 588 2496 658 ἔριον
2525 587 2787 642 λευκανῶ.
2827 605 2846 639 ι
2886 585 2996 637 Καὶ¹
3018 585 3047 637 6
3073 584 3261 654 Σωτὴρ
3280 583 3352 648 δὲ,
3377 585 3443 648 ὡς
3470 588 3577 652 Παῖς

2058 675 2214 742 Θεοῦ,
2239 676 2318 746 τῷ
2343 676 2634 746 παραλύτῳ
2670 674 2771 744 ἔφη
2799 691 2812 704 ο
2852 692 2871 723 ‹
2904 672 3125 735 Τέκνον,
3141 669 3401 739 ἀφέωνταί
3438 688 3507 724 σοι
3535 676 3578 727 ai

2059 768 2321 839 ἁμαρτίαι
2344 783 2358 797 ο
2401 786 2420 818 ›
2449 767 2563 831 καὶ,
2600 787 2618 818 ι
2656 767 2760 820 ¹Ὶδε
2787 768 2814 818 ὁ
2853 762 3052 834 Ἀμνὸς
3084 759 3178 814 τοῦ
3212 759 3362 827 Θεοῦ,
3397 763 3579 834 ὁαίρων

2057 858 2155 922 τὰς
2179 859 2451 929 ἁμαρτίας
2477 857 2570 910 τοῦ
2593 858 2816 928 κόσμου.
2854 873 2874 908 ι

382 959 557 1018 baho;
615 955 659 1009 si
726 963 902 1006 autem
952 953 1064 1004 siut
1121 959 1179 1002 ut
1217 949 1514 1014 coccinum,
1570 948 1708 1001 sicut
1765 947 1940 1002 lanam
1979 949 2095 1002 allia
2127 952 2363 1004 reddam.
2397 968 2414 999 ι
2443 950 2688 1004 Salvator
2712 962 2858 1010 vero,
2897 956 2955 1000 ut
3014 943 3106 999 Dei
3169 942 3357 1006 Filius,
3400 943 3576 1014 paraly-

387 1051 493 1105 tico
522 1048 632 1116 (47)
662 1046 826 1100 dixit:
865 1063 881 1094 ι
919 1042 1020 1096 Fili
1050 1041 1182 1108 (48),
1215 1041 1556 1094 dimittuntur
1581 1041 1674 1094 tibi
1706 1049 1952 1110 peccata;
1984 1060 2002 1092 ι
2031 1052 2112 1098 et:
2153 1061 2171 1094 ι
2203 1043 2337 1096 Ecce
2361 1041 2469 1110 (49)
2507 1044 2692 1108 Agnus
2717 1039 2837 1106 Dei,
2862 1037 2952 1103 qui
2978 1035 3117 1090 tollit
3142 1043 3353 1102 peccata
3373 1033 3574 1088 mundi.»

459 1139 614 1208 193
655 1136 764 1191 Vll.
802 1134 936 1200 Quia
967 1148 1070 1186 una
1099 1147 1219 1184 cum
1277 1146 1380 1183 non
1437 1131 1638 1200 indigo,
1684 1141 1740 1185 et
1771 1146 1950 1185 rerum

387 1234 626 1284 onmium
660 1228 843 1281 datore
880 1225 985 1278 Deo
1010 1222 1192 1286 Patre,
1219 1230 1271 1275 et
1296 1221 1431 1275 Filio
1469 1221 1586 1290 ejus
1619 1230 1874 1291 operatur
1895 1232 1952 1276 ut

390 1321 626 1390 Spiritus
659 1317 858 1381 Patris,
883 1325 936 1370 et
969 1316 1125 1369 simul
1154 1329 1277 1367 cum
1333 1327 1398 1366 eo
1434 1311 1657 1382 largitur
1692 1313 1801 1384 (50)
1834 1329 1952 1368 om-

389 1413 475 1466 nia
509 1410 782 1473 omnthus,
810 1423 914 1462 non
960 1407 1012 1458 in
1064 1406 1357 1458 crastinam
1392 1404 1530 1456 diem
1564 1402 1834 1471 diﬂ‘erens,
1870 1413 1954 1457 ut-

387 1514 515 1574 pote
553 1503 643 1571 qui
683 1501 922 1567 ejusdem
956 1507 1058 1563 est,
1106 1508 1161 1551 et
1216 1495 1501 1550 concordis
1529 1495 1834 1560 sententia‘,
1872 1496 1955 1548 in-

387 1605 624 1649 creatam
681 1595 884 1646 habens
941 1589 1345 1652 exsistentiam,
1396 1596 1450 1641 et
1474 1602 1579 1640 una
1637 1602 1758 1640 cum
1795 1585 1959 1640 Patre

384 1701 638 1756 regnans,
675 1696 730 1738 ut
761 1685 1056 1746 increatus,
1087 1691 1140 1736 et
1171 1683 1407 1750 ejusdem
1453 1694 1573 1732 cum
1611 1677 1725 1741 illo,
1754 1693 1815 1731 ex
1844 1693 1949 1746 quo

385 1777 466 1830 sic
495 1775 695 1843 prodiit
725 1783 781 1827 ct
816 1789 917 1826 una
950 1788 1072 1826 cum
1110 1773 1226 1840 ipso
1267 1771 1332 1823 ab
1371 1780 1572 1824 aeterno
1625 1769 1948 1832 substiterit,

386 1866 610 1921 deitalis
643 1865 932 1919 exsistens.
960 1862 1026 1916 Et
1061 1863 1184 1932 quia
1213 1859 1736 1916 Christusinﬁuitam
1768 1871 1953 1913 aucto-

384 1961 619 2024 ritatem,
657 1973 721 2011 ac
751 1955 1042 2025 potentiam
1081 1953 1303 2017 habens,
1335 1967 1455 2005 cum
1485 1951 1683 2004 virtute
1714 1951 1950 2020 ejusdem

385 2048 753 2120 augustissimi
785 2046 1019 2116 Spiritus
1044 2045 1215 2110 signa,
1243 2051 1295 2096 et
1327 2041 1564 2110 prodigia
1601 2040 1746 2103 fecit,
1772 2050 1826 2094 et
1849 2040 1954 2093 dae-

385 2156 574 2195 mones
626 2139 807 2209 ejecit,
870 2149 923 2189 Ill
986 2135 1354 2203 hierophantte
1403 2133 1572 2186 nostri
1608 2141 1949 2185 enarrarunt.

382 2233 636 2287 Michmas
679 2231 926 2299 quidem:
947 2244 966 2278 ι
992 2227 1112 2280 11ωο
1140 2225 1270 2294 (51),
1297 2243 1314 2276 ι
1346 2213 1540 2292 inquit,
1570 2241 1590 2273 ι
1621 2223 1750 2276 dicit
1772 2220 1954 2274 Domi-

385 2339 487 2378 nus
517 2339 678 2391 super
705 2321 1012 2391 prophetas,
1039 2317 1126 2385 qui
1151 2316 1415 2370 seducunt
1436 2313 1690 2382 populum
1716 2328 1947 2366 meum.)

383 2415 449 2469 Et
481 2421 600 2483 post
618 2429 784 2482 pauca
812 2411 994 2466 subdit
1023 2429 1038 2465 :
1067 2429 1086 2461 ι
1116 2409 1250 2474 Quia
1277 2407 1388 2478 (5‘2)
1412 2421 1516 2460 non
1547 2406 1757 2472 eritqui
1784 2419 1951 2458 exau-

382 2506 491 2558 diat
522 2507 666 2572 ipsos
699 2520 713 2555 :
752 2503 855 2556 nisi
883 2517 982 2571 ego
1013 2500 1246 2568 implebo
1294 2496 1660 2550 fortitudinem
1699 2501 1752 2548 in
1782 2495 1955 2562 Spiri-

383 2606 441 2650 tu
473 2595 705 2661 Domini,
745 2593 1029 2659 etjudicii,
1066 2602 1121 2647 et
1161 2588 1569 2645 dominationis.
1595 2607 1613 2640 ι
1648 2589 1730 2640 Ait
1766 2601 1950 2657 porro,

382 2687 664 2741 Dominum
703 2685 1071 2739 fortitudinem
1097 2682 1278 2736 facere
1309 2681 1364 2734 in
1387 2679 1591 2749 Spiritu
1611 2678 1847 2743 Domini,
1898 2688 1956 2733 ut

380 2777 543 2832 simul
572 2788 626 2830 et
655 2775 974 2830 Trinitatem
1010 2775 1266 2837 declaret,
1308 2781 1364 2826 et
1396 2781 1601 2825 naturze
1626 2770 1799 2839 ipsius
1843 2770 1954 2824 vel-

380 2869 460 2922 uti
477 2868 893 2937 colligationem.
919 2865 1237 2920 Subindicat
1280 2873 1459 2917 autem
1499 2861 1760 2933 judicium
1802 2861 1951 2926 illud,

382 2961 437 3014 in
477 2974 582 3026 quo
618 2973 721 3012 non
753 2967 835 3012 est
860 2957 1092 3022 amplius
1123 2955 1459 3025 pmuitentia,
1491 2969 1588 3008 nec
1632 2953 1727 3023 qui
1782 2967 1945 3007 exau-
1973 2979 2014 3032 ρ

381 3051 491 3104 dial
516 3048 648 3120 (55).
683 3067 702 3100 ι
726 3048 780 3102 ln
811 3049 1046 3103 inferum
1071 3046 1364 3118 (54)enim,
1391 3047 1580 3114 inquit,
1600 3061 1620 3095 ι
1661 3045 1786 3113 quis
1810 3059 1942 3098 ceno

382 3142 620 3195 lilebilur
645 3141 779 3194 tibi?
815 3159 832 3190 ι
866 3141 1018 3206 Quod
1051 3150 1232 3194 autem
1293 3139 1368 3191 ait
1402 3176 1418 3201 ,
1467 3154 1485 3186 ι
1523 3134 1757 3204 lmplebo
1791 3133 1948 3188 fori-

384 3230 646 3294 tudinem,
680 3249 698 3281 ι
733 3231 956 3298 perinde
1004 3235 1111 3292 est,
1143 3244 1206 3282 ac
1231 3228 1274 3282 si
1309 3227 1550 3282 diceret:
1587 3226 1831 3295 Magnam
1863 3241 1951 3279 rc-

383 3319 733 3374 tributiouem
765 3318 959 3374 faciam
989 3335 1114 3373 cum
1145 3319 1330 3372 divino
1355 3315 1576 3387 Spiritu.
1605 3316 1802 3371 Paulus
1820 3331 1948 3371 vero

381 3411 472 3465 ille
510 3412 681 3480 magis
702 3429 863 3480 quam
898 3426 1093 3466 omnes
1118 3409 1346 3481 apostoli
1384 3418 1621 3463 tentatus
1650 3424 1715 3462 ac
1748 3410 1948 3478 proba-

379 3511 486 3566 tus,
523 3501 588 3554 ad
646 3502 906 3571 Ephesios
952 3501 1142 3557 scribit
1175 3519 1188 3555 :
1243 3520 1262 3553 ι
1297 3499 1470 3567 Hujus
1525 3500 1599 3554 rei
1637 3499 1746 3570 (55)
1777 3500 1944 3568 gratia

377 3588 537 3644 ﬂecto
569 3605 740 3660 genua
767 3607 882 3644 mea
909 3591 973 3644 ad
1021 3592 1188 3646 Deum
1243 3591 1482 3654 Patrem,
1538 3607 1600 3645 ex
1637 3607 1746 3660 quo
1771 3591 1947 3644 ornuis

379 3685 674 3750 pateruitas
714 3683 766 3737 in
799 3683 950 3738 ctelis
988 3693 1040 3738 et
1066 3684 1120 3738 in
1187 3692 1334 3738 terra
1369 3684 1710 3737 nominatur:
1764 3692 1823 3736 ut
1859 3685 1947 3738 det

381 3771 536 3824 vobis
566 3771 860 3824 secundum
893 3771 1111 3824 divitias
1149 3770 1332 3840 gloriae
1369 3785 1499 3833 sum,
1532 3769 1728 3822 virtute
1761 3783 1949 3821 corro-

382 3864 562 3918 borari
599 3879 694 3933 per
716 3864 977 3932 Spiritum
1007 3863 1122 3929 ejus
1148 3864 1199 3916 in
1236 3864 1495 3917 interiore
1522 3862 1758 3925 homine,
1789 3861 1946 3914 habi-

379 3963 500 4009 tare
527 3955 833 4022 Christum;
868 3973 886 4006 ι
923 3955 988 4008 ad
1020 3955 1295 4008 Romanos
1319 3963 1498 4008 autem
1535 3972 1548 4008 :
1584 3971 1602 4004 ι
1630 3953 1810 4009 Habeo
1834 3952 1946 4024 (56)

378 4045 542 4114 igitur
568 4045 816 4100 fiduciam
851 4045 904 4099 in
928 4046 1146 4100 Christo
1175 4045 1302 4100 Jcsu
1332 4047 1398 4100 ad
1438 4047 1599 4099 Deum
1630 4062 1644 4098 :
1675 4061 1778 4100 non
1800 4046 1944 4100 enim

377 4137 552 4190 audeo
576 4136 776 4204 aliquid
797 4135 942 4204 loqui
967 4150 1175 4203 eorum,
1205 4151 1326 4205 quae
1367 4151 1470 4188 non
1503 4134 1677 4190 effecit
1697 4136 1948 4191 Christus

386 4240 484 4295 per
507 4242 592 4281 me
615 4227 800 4294 verbo,
829 4235 882 4282 et
915 4241 1077 4296 opere
1101 4227 1154 4280 in
1194 4225 1551 4282 obedientiam
1587 4227 1847 4295 gentium,
1884 4227 1936 4280 iu

2123 1137 2196 1188 Z'.
2229 1134 2352 1186 ’Ὀτι
2383 1132 2460 1202 τῷ
2487 1131 2793 1202 ἀπροσδεεῖ,
2823 1129 2918 1182 καὶ¹
2950 1126 3247 1198 παντοδότῃ
3277 1123 3390 1194 Θεῷ
3423 1125 3577 1195 Πατρὶ,

2054 1228 2148 1280 καὶ
2191 1224 2267 1296 τῷ
2295 1226 2410 1296 Υίῷ
2439 1224 2610 1278 ἀὖτοῦ
2640 1224 2908 1293 συνεργεῖ,
2934 1222 3030 1272 καὶ
3068 1217 3402 1288 συμπαρέχει
3440 1219 3579 1271 πάντα

2057 1320 2240 1380 πᾶσιν,
2283 1318 2382 1369 οὐκ
2432 1319 2512 1380 είς
2555 1315 2741 1386 αὔριον
2773 1311 3225 1380 ἀναϐαλλόμενον,
3267 1310 3358 1362 ἇτε
3395 1309 3452 1380 δὴ
3483 1309 3580 1376 ξύγ-

2055 1422 2269 1476 γνωμον
2315 1407 2409 1458 καὶ
2446 1405 2762 1475 ὁμόγνωμον
2807 1400 3031 1470 Πνεῦμα
3072 1399 3168 1452 τοῦ
3206 1398 3428 1470 Πατρὸς,
3453 1399 3576 1451 ἀνεκ-

2057 1495 2276 1564 ποίητον
2315 1493 2433 1563 ἔχον
2469 1493 2528 1546 τὸ
2558 1487 2696 1545 εἶναι
2735 1490 2830 1544 καὶ
2875 1487 3293 1559 συμϐασιλεύειν
3327 1488 3479 1558 αὐτῷ,
3511 1491 3581 1542 καὶ

2055 1587 2154 1656 τὴν
2176 1586 2368 1649 αὑτοῦ,
2404 1585 2525 1638 ὅθεν
2550 1584 2644 1636 καὶ
2683 1581 3108 1653 συνυφεστώτως
3141 1578 3380 1650 ἐξῆλθεν,
3405 1579 3581 1651 διακλη-

2057 1681 2366 1750 ρωσάμενον
2394 1678 2642 1748 θεότητα.
2675 1677 2783 1729 Καὶ
2812 1677 2893 1729 ὃτι
2923 1676 2951 1726 6
2977 1671 3357 1737 παντεξούσιος
3376 1674 3459 1726 καὶ
3479 1691 3581 1727 παν-

2049 1769 2283 1840 δύναμος
2313 1768 2566 1840 Χριστὸς,
2603 1769 2697 1820 σὺν
2735 1769 2802 1838 τῇ
2841 1765 3068 1836 δυνάμει
3101 1764 3208 1817 τοῦ
3234 1763 3394 1817 αὐτοῦ
3427 1781 3580 1832 σεμνο-

2051 1863 2211 1916 τάτου
2240 1859 2572 1930 Πνεύματος,
2629 1859 2696 1911 τὰ
2748 1860 2948 1928 σημεῖα
2987 1857 3080 1909 καὶ
3114 1855 3185 1910 τὰ
3225 1854 3318 1926 [88
3344 1855 3394 1926 τι]
3419 1856 3582 1926 τέρατα

2052 1953 2325 2023 εποίησεν,
2367 1951 2458 2004 καὶ
2500 1950 2755 2019 δαίμονας
2799 1949 3068 2013 ἐξέϐαλεν,
3112 1947 3188 2008 ὡς
3221 1947 3527 2016 ἐξηγήσαντο
3545 1949 3582 2000 οἱ

2054 2046 2392 2115 ἱεροφάνταιο
2434 2043 2672 2112 Μιχαίας
2711 2042 2840 2112 μέν’
2879 2060 2897 2091 ι
2934 2041 3092 2105 Τάδε,
3129 2057 3147 2092 ι
3193 2041 3373 2110 φησὶν,
3417 2057 3434 2089 ι
3467 2040 3582 2107 λέγει

2052 2136 2275 2205 Κύριος,
2330 2138 2454 2196 τοὺς
2509 2135 2787 2203 προφήτας
2846 2133 2971 2195 τοὺς
3011 2131 3325 2194 πλανῶντας
3369 2130 3450 2183 τὸν
3482 2130 3582 2184 λαόν

2055 2245 2176 2298 μου.
2224 2246 2241 2278 ι
2279 2227 2388 2279 Καὶ
2435 2227 2551 2296 μετ’
2579 2226 2758 2292 ὀλίγον
2799 2224 3049 2295 ἐπιφέρει
3073 2240 3088 2253 ο
3123 2242 3141 2275 ι
3170 2224 3315 2276 Διότι
3341 2223 3435 2275 οὐκ
3461 2222 3582 2274 ἔσται

2050 2321 2078 2370 6
2111 2317 2407 2372 είσακούων
2443 2317 2641 2381 αὐτῶν,
2689 2316 2782 2368 ἐὰν
2829 2315 2902 2386 μὴ
2946 2314 3057 2383 ἐγὼ
3095 2313 3357 2386 ἐμπλήσω
3390 2315 3520 2384 ἰσχὺν
3540 2316 3583 2365 ὲν

2051 2409 2324 2478 Πνεύματι
2357 2409 2580 2480 Κυρίου,
2610 2409 2700 2460 καὶ
2728 2407 2980 2479 κρίσεως,
3007 2407 3098 2459 καὶ
3117 2405 3441 2467 δυναστείας.
3475 2424 3490 2455 ι
3517 2401 3586 2457 Εἷς

2051 2517 2119 2552 πε
2161 2499 2337 2551 τοίνυν
2379 2501 2548 2551 ποιεῖν
2592 2499 2741 2568 ἰσχὺν
2769 2497 2973 2568 Κύριον
3007 2498 3064 2549 ὲν
3089 2495 3366 2566 Πνεύματι
3393 2495 3583 2565 Κυρίου,

2049 2591 2136 2645 διὰ
2163 2591 2222 2643 τὸ
2242 2591 2334 2644 καὶ
2357 2590 2453 2660 τὴν
2479 2591 2701 2661 Τριάδα,
2733 2590 2826 2643 καὶ
2851 2589 2942 2641 τὸν
2967 2587 3265 2656 σύνδεσμον
3291 2589 3386 2656 τῆς
3410 2585 3585 2655 φύσεως

2051 2682 2218 2750 αὐτῆς
2249 2681 2504 2750 δηλῶσαι.
2543 2682 2846 2732 Αξνίττεται
2895 2680 2950 2733 δὲ
2995 2679 3092 2749 τὴν
3121 2679 3324 2750 κρίσιν,
3355 2680 3410 2730 ὲν
3508 2678 3586 2730 οὐκ

2052 2772 2128 2826 ἔτι
2175 2772 2360 2824 λοιπὸν
2415 2771 2672 2841 μετάνοια
2725 2773 2816 2824 καὶ
2860 2772 2888 2823 6
2927 2769 3247 2824 εἰσακούωνσ
3281 2787 3303 2821 ι
3340 2770 3424 2822 Ἐν
3455 2789 3472 2820 ι
3501 2768 3587 2838 γὰρ

2059 2884 2074 2914 ι
2113 2864 2187 2932 τῷ
2222 2863 2341 2934 ᾅδῃ,
2379 2883 2396 2914 ι
2430 2864 2614 2933 φησὶν,
2656 2881 2673 2913 ι
2709 2862 2793 2924 τίς
2845 2859 3299 2930 ὲξομολογήσεταί
3335 2877 3442 2925 σοι;
3475 2878 3490 2910 ι
3530 2857 3588 2911 ’171

2053 2953 2128 3015 δὲ,
2159 2973 2176 3003 ‹
2214 2954 2508 3024 Ἐμπλήσω
2537 2954 2708 3022 ἰσχὺν,
2750 2971 2768 3004 ι
2806 2953 2927 3006 ἀντὶ⁵
2959 2951 3074 3014 τοῦ,
3103 2951 3359 3021 Μεγάλην
3391 2951 3588 3004 ἀνταπό-

2051 3044 2192 3097 δοσιν
2224 3045 2430 3116 ποιήσω
2457 3045 2592 3114 μετὰ
2614 3044 2706 3097 τοῦ
2734 3044 2874 3098 θείου
2901 3044 3237 3116 Πνεύματος.
3272 3043 3472 3107 Παῦλος
3501 3043 3587 3096 δὲό

2049 3136 2412 3207 δοκιμώτατος
2439 3137 2746 3210 ἀποστόλων
2792 3136 2928 3208 πρὸς
2964 3135 3246 3205 Ἐφεσίους
3287 3135 3384 3207 μὲν
3405 3151 3420 3166 ·
3452 3135 3588 3188 «Tori-

2050 3247 2139 3282 του
2171 3229 2327 3299 χάριν
2355 3229 2590 3298 κάμπτω
2623 3211 2694 3280 τά
2719 3227 2921 3295 γόνατά
2953 3245 3053 3297 μου
3081 3227 3218 3298 πρὸς
3248 3228 3336 3279 τὸν
3358 3226 3477 3280 Θεὸν
3502 3227 3590 3278 Πα-

2050 3319 2202 3390 τέρα,
2257 3319 2315 3382 ἐξ
2345 3311 2404 3370 οὗ
2440 3320 2588 3372 πᾶσα
2629 3327 2832 3389 πατριὰ
2870 3320 2926 3371 ὲν
2967 3319 3214 3389 οὐρανοῖς
3261 3319 3357 3372 καὶ
3396 3318 3482 3371 ἐπὶ
3509 3318 3590 3387 γῆς

2050 3409 2392 3480 ὀνομάζεται,
2423 3411 2512 3463 ἴνα
2544 3409 2618 3479 δῷ
2648 3411 2794 3480 ύμῖν,
2825 3409 2964 3463 κατὰ
3000 3410 3090 3463 τὸν
3139 3409 3368 3464 πλοῦτον
3404 3411 3493 3480 τῆς
3524 3409 3591 3462 δό-

2047 3500 2142 3571 ξης
2171 3502 2355 3566 αὐτοῦ,
2378 3501 2601 3572 δυνάμει
2631 3501 3057 3571 κραταιωθῆναι,
3077 3500 3164 3554 διὰ
3183 3501 3278 3554 τοῦ
3307 3500 3591 3572 Πνεύματος

2045 3591 2232 3658 αὑτοῦ,
2262 3593 2342 3656 είς
2380 3593 2469 3645 τὸν
2511 3591 2618 3644 ἔσω
2659 3591 2940 3660 ἄνθρωπον
2989 3593 3315 3662 κατοικῆσαι
3349 3594 3437 3645 τὸν
3475 3594 3589 3662 Χρι-

2049 3681 2208 3734 στόνο
2251 3699 2271 3732 ι
2308 3680 2444 3752 πρὸς
2481 3681 2780 3751 Ῥωμαίους
2809 3681 2866 3733 δέ
2887 3698 2898 3709 ·
2940 3699 2959 3732 ‹
3002 3683 3149 3752 Ἔχω
3174 3678 3268 3736 οὖν
3303 3682 3591 3753 πεποίθηςιν

2045 3773 2102 3823 ὲν
2141 3771 2360 3842 Χριστῷ
2405 3771 2577 3842 Ἰησοῦ
2622 3772 2757 3843 πρὸς
2783 3772 2872 3825 τὸν
2901 3771 3051 3828 Θεόν.
3098 3773 3171 3825 Οὐ
3202 3773 3313 3844 γὰρ
3347 3773 3516 3843 τολμῶ
3550 3788 3592 3824 τι

2045 3862 2245 3925 λαλεῖν,
2275 3855 2347 3915 ὧν
2389 3863 2449 3915 οὐ
2500 3864 2894 3934 κατειργάσατο
2921 3863 3152 3934 Χριστὸς
3193 3865 3261 3917 δι’
3296 3862 3448 3935 ἐμοῦ,
3474 3863 3592 3930 λόγῳ

2047 3957 2139 4008 καὶ
2181 3954 2346 4027 ἔργῳ,
2373 3957 2452 4020 είς
2494 3955 2735 4024 ὑπακοὴν
2782 3955 2970 4017 ἐθνῶν,
3020 3957 3077 4007 ἐν
3109 3955 3339 4025 δυνάμει
3381 3956 3592 4024 σημείων

2047 4048 2140 4100 καὶ
2200 4048 2463 4119 τεράτων,
2524 4049 2582 4099 ἐν
2634 4047 2861 4117 δυνάμει
2909 4046 3222 4116 Πνεύματος
3272 4046 3443 4114 ἁγίου.
3484 4063 3500 4095 ι
3539 4043 3594 4095 Ai

2046 4139 2226 4208 ὅμοιαι
2279 4141 2342 4209 τῇ
2383 4138 2542 4207 φύσει
2597 4139 2919 4201 ὑποστάσεις
2978 4137 3165 4209 ὁμοίας
3223 4139 3392 4208 τιμῆς
3433 4136 3591 4201 ἄξιαιο

2050 4228 2170 4283 ὅθεν
2212 4229 2585 4301 παραπλήσιον
2616 4230 2711 4282 καὶ
2737 4230 2798 4283 τὸ
2819 4229 2996 4298 λόγιον
3044 4229 3160 4283 τόδε
3192 4229 3293 4300 τῷ,
3327 4249 3347 4282 ι
3388 4225 3594 4300 Χριστὸς

451 4400 563 4470 (44)
585 4399 818 4479 -Οηιηεε,
844 4402 1021 4479 qui_ei
1053 4401 1300 4479 fredunt.
1346 4402 1508 4479 Paulo
1545 4402 1735 4479 durior
1767 4402 1933 4456 videri

2077 4405 2264 4479 ίαν,Ῐά
2281 4414 2383 4479 _e_st
2420 4423 2442 4479 ι
2472 4415 2773 4479 peccatum,
2799 4421 2950 4479 {pro
2981 4407 3076 4471 τὰς
3103 4407 3402 4479 ἁμαρτίας.

380 4479 557 4538 petcst
585 4471 699 4523 haec
733 4471 1022 4525 sententia.
1051 4471 1142 4524 Sic
1183 4484 1358 4524 autem
1392 4472 1698 4539 accipienda
1732 4482 1835 4534 est,
1873 4483 1930 4525 ut

381 4541 446 4592 de
491 4540 855 4594 sacerdotibus
882 4541 1162 4594 catholicis
1191 4540 1460 4608 loquatur,
1502 4557 1565 4594 ac
1600 4542 1758 4596 simul
1791 4543 1932 4594 indi-

378 4608 806 4681 οπο-νεῦμαι)
850 4611 1134 4680 episc0pis,
1169 4626 1232 4681 ac
1268 4611 1595 4681 presbyteris
1641 4612 1932 4674 haereticis,

379 4679 469 4745 qui
496 4679 728 4748 Spiritui
760 4679 947 4734 sancto
976 4696 1080 4748 non
1111 4680 1356 4745 credunt,
1386 4679 1486 4734 nec
1519 4681 1800 4734 catholica:
1832 4681 1934 4734 Ec—

375 4747 560 4802 clesite
587 4749 962 4803 communione
993 4747 1265 4812 fruuntur,
1300 4765 1489 4817 nempe
1526 4766 1554 4804 a
1590 4749 1933 4804 Macedonia-

376 4818 646 4938 nis,rquos
679 4820 766 4874 hic
793 4819 1007 4882 refellit,
1043 4820 1411 4873 remissionem
1444 4829 1788 4888 peccatorum
1825 4833 1932 4872 non

376 4905 476 4938 COII
503 4903 628 4938 errt.

375 4903 628 4941 (ΞΟΙΙΙΒΙΊῚ.

447 4956 558 5024 (45)
602 4957 730 5028 Ego.
769 4955 867 5010 lsa.
899 4972 1050 5019 XLIII,
1071 4957 1162 5011 25.
1189 4957 1370 5011 Grreca
1400 4958 1562 5012 editio
1590 4975 1604 5010 :
1643 4955 1783 5026 Ἐγώ
1819 4957 1932 5028 εἰμι

373 5027 584 5098 αύτδςνὸ
610 5027 971 5098 εξαλείφων...
995 5029 1092 5089 τὰς
1123 5028 1394 5098 ἁμαρτίας
1426 5043 1541 5081 σου.

448 5094 557 5166 μθ)
599 5096 659 5166 Si
703 5094 824 5148 sint.
857 5098 956 5151 lsa.
987 5115 1024 5161 ι,
1057 5098 1143 5152 18.
1165 5094 1346 5152 Erice.
1374 5098 1458 5150 ed.
1486 5098 1561 5158 ὡς
1591 5095 1754 5166 ἔριον.

446 5163 558 5237 (47)
600 5164 920 5237 l_’ara_lytico.
969 5169 1024 5219 lu
1084 5167 1312 5222 ϐιαιως
1351 5163 1647 5237 παραλύτῲ
1689 5182 1930 5237 pronai-7-

372 5230 670 5306 ραλυτικῴ.
723 5230 923 5287 Eodem
986 5238 1141 5288 modo
1205 5237 1290 5290 alii
1356 5230 1651 5303 scriptores
1690 5230 1924 5306 'Didymi

369 5302 625 5374 icquales,
648 5318 710 5374 ac
739 5320 994 5374 suppares
1020 5307 1176 5358 locuti
1209 5314 1330 5360 sttut
1359 5327 1371 5361 :
1402 5302 1759 5374 Apollinarius
1783 5302 1926 5358 enim

369 5371 421 5444 in
450 5381 634 5444 catena
654 5373 718 5444 in
743 5371 997 5427 Joannem
1019 5374 1367 5438 Corderiana,
1398 5371 1514 5444 pag.
1543 5375 1662 5439 145,
1687 5376 1761 5428 ait
1782 5419 1793 5428 .
1824 5374 1928 5426 Τοῦ

367 5441 762 5523 ἐκεῖμειμένου
786 5445 1124 5523 ’παραλύτολ
1163 5448 1210 5523 id
1234 5455 1318 5523 est
1351 5466 1369 5496 ‹
1400 5441 1680 5523 μιξέιιχιιυὶ
1719 5445 1789 5523 ibi
1811 5447 1922 5523 ide-

366 5510 730 5585 eumheutis.)
786 5513 850 5567 Et
879 5510 1125 5585 'Cyrillus
1176 5515 1370 5568 ibidem
1402 5510 1426 5567 ἐ
1461 5510 1568 5567 Τοῦ
1611 5514 1924 5584 παραλύτου

365 5578 638 5652 ἀσθενειῇ
672 5583 721 5634 id
751 5591 835 5652 est
867 5603 884 5635 ι
915 5578 1187 5652 paralytici
1222 5587 1526 5638 iulirmitas.
1552 5603 1572 5635 ι

436 5646 548 5790 (48)
585 5647 718 5708 Fili.
761 5646 946 5707 Matth.
980 5646 1118 5712 1x92
1142 5664 1193 5706 et
1227 5654 1279 5709 5.
1314 5655 1569 5711 Videnot.
1599 5652 1688 5718 56,
1725 5668 1841 5721 pag.
1869 5652 1923 5706 5.

436 5717 526 5788 (49
575 5719 744 5790 (Ecce.
780 5720 932 5780 Juan.
963 5741 1002 5790 ι,
1030 5724 1118 5778 29.
1159 5724 1344 5781 Οιωείι
1382 5725 1588 5782 editio:
1621 5723 1719 5790 τὴν
1750 5724 1915 5790 ἁμαρν

436 5717 548 5804 (49)
575 5719 744 5793 Ecce.
780 5720 932 5780 ιυυιι.
963 5741 1002 5790 ι,
1030 5724 1118 5778 ~29.
1159 5724 1344 5781 Graeca
1382 5725 1588 5782 editio:
1621 5717 1930 5795 chv‘dr‘iapu

2114 4475 2226 4545 (50)
2268 4474 2510 4547 Sintul...
2542 4476 2785 4547 largitur.
2832 4474 2904 4530 De
2933 4476 3032 4530 hac
3064 4492 3121 4530 re
3146 4474 3388 4547 copiose
3428 4483 3594 4547 egerat

2043 4544 2302 4642 Didymus
2344 4548 2396 4598 in
2436 4545 2530 4598 lib.
2554 4545 2629 4598 De
2663 4545 2864 4612 Spiritu
2909 4557 3107 4609 sancto,
3142 4544 3292 4600 num.
3335 4547 3400 4601 l6
3435 4544 3482 4601 ei
3516 4547 3588 4599 l7.

2107 4613 2221 4642 l-l\
2267 4613 2388 4642 ιιιη-
2452 4614 2586 4642 ὶΙῖιιι.
2645 4631 2698 4642 ι..
2755 4615 2782 4642 Ε
2843 4614 3276 4642 ῐὶηιωὲΑηηξηηηη.
3335 4617 3588 4642 η-.,......1....

2107 4613 2222 4686 (51)
2261 4613 2407 4686 Ηωο.
2452 4614 2612 4686 Mich.
2645 4631 2724 4678 ιιι,
2752 4615 2811 4686 5.
2843 4614 3278 4686 Passioneianum
3331 4617 3589 4684 exetiiplar

2039 4684 2346 4737 cat-et‘voce
2372 4684 2486 4745 ὲπί,
2519 4699 2638 4752 qutc
2670 4684 2888 4737 omnino
2917 4685 3154 4738 addenda
3184 4696 3270 4738 est
3317 4701 3386 4740 ex
3417 4687 3589 4741 Greca

2035 4753 2293 4817 editione,
2322 4768 2386 4807 ac
2423 4755 2703 4826 legendum
2742 4754 2835 4805 ἐπὶ
2869 4755 2994 4816 τοὺς
3029 4755 3342 4826 προφήτας,
3383 4758 3481 4809 hoc
3523 4761 3593 4808 est

2040 4840 2060 4874 ι
2092 4837 2255 4890 super
2298 4825 2609 4892 prophetas.
2636 4841 2655 4874 ι

2108 4893 2218 4961 (52)
2262 4892 2420 4956 Quia.
2459 4892 2622 4946 Mich.
2653 4908 2737 4957 ιιι,
2767 4893 2798 4946 7
2827 4901 2881 4948 et
2911 4893 2965 4948 8.
3011 4892 3192 4946 Graeca
3237 4893 3430 4958 editio,
3470 4894 3588 4946 διότι

2031 4962 2148 5048 οὐκ,
2181 4963 2325 5015 ἔστιν
2363 4963 2392 5015 6
2436 4961 2756 5017 ἐπακούων.
2782 4999 2798 5017 .
2824 5003 2839 5017 .
2866 5001 2882 5016 .
2930 4962 3024 5015 καὶ
3074 4966 3247 5034 κρῖμα
3294 4965 3392 5016 καὶ
3448 4964 3593 5016 δυνα-

2034 5049 2234 5084 στειαν.

2104 5102 2216 5172 (55)
2260 5101 2554 5158 Exaudiut.
2587 5102 2668 5155 An
2705 5102 2772 5167 is,
2808 5100 2899 5170 qui
2932 5100 3269 5172 (Origeniano
3315 5103 3384 5156 de
3420 5117 3587 5170 reproo

2032 5170 2224 5225 borum
2280 5172 2756 5234 vicissitudinibus,
2803 5185 2868 5224 ac
2914 5171 2979 5225 de
3032 5170 3365 5240 temporaria
3419 5187 3592 5225 eorum

2031 5244 2494 5311 pmuasystemati
2531 5243 2849 5304 adluereret,
2881 5241 2994 5295 haec
3026 5242 3320 5295 dictasset?

2102 5309 2216 5384 (5})
2251 5309 2321 5384 ζιι
2354 5311 2755 5384 iufcru_o.-_Ps_al.
2783 5325 2858 5373 v1,
2888 5311 3094 5384 vers._5
3126 5316 3238 5384 (seu
3273 5311 3351 5384 Β).

2102 5377 2212 5447 (55)
2257 5377 2432 5447 llujus
2460 5381 2556 5433 rei.
2591 5379 2787 5449 Ephcs.
2820 5395 2900 5445 ιιι,
2925 5380 3114 5434 14-17.
3136 5377 3273 5436 Ὓὶᾱο
3308 5377 3476 5436 ἰιοιεε
3493 5377 3586 5431 43-

2028 5449 2124 5503 45.
2163 5465 2282 5503 nas.
2306 5450 2396 5503 49.

2110 5491 2124 5514 ,
2163 5465 2282 5516 pag.
2306 5465 2396 5503 ου.

2100 5467 2462 5586 ι’ὕὲἷδὶιῖῗὲο.
2498 5519 2652 5572 Rom.
2684 5534 2775 5579 xv,
2807 5518 2992 5575 17-19.
3017 5519 3199 5576 Graeca
3220 5518 3391 5573 editio
3417 5537 3431 5574 :
3458 5518 3591 5586 Ἕχω

2026 5585 2117 5643 οὖν
2148 5585 2411 5661 καύχησιν
2456 5591 2607 5661 ὲν”Χ.
2652 5590 2710 5643 'l.
2742 5589 2811 5661 τά
2836 5589 2971 5659 πρὸς
3005 5590 3154 5644 Θεόν.
3203 5589 3274 5644 Οὐ
3328 5589 3440 5661 γὰρ
3483 5585 3590 5640 τολ-

2031 5661 2188 5734 μήσω
2221 5653 2400 5716 λαλεῖν
2425 5677 2476 5714 τι
2506 5653 2603 5726 ὧν,
2632 5670 2688 5716 et
2717 5653 2945 5730 reliqua.
