3676 6350
427 268 532 326 583

1651 259 1883 315 DiDYMl
1919 258 2389 316 ALEXANDBINI
3471 272 3544 328 δελ

438 382 606 435 hocce
631 376 793 432 etiam
820 373 1132 446 capitulum,
1163 375 1780 442 demonstrationemque
1803 373 1976 428 insur-

2087 373 2351 430 έλκουσιν.
2382 375 2689 446 Γέγραπται
2714 376 2842 446 γὰρ,
2883 374 3066 446 φησὶν,
3117 375 3174 426 ἐν
3201 376 3306 438 ταῖς
3336 376 3546 440 ἀποστολι.

431 478 583 541 gunt,
610 478 663 525 et
692 467 986 537 Scriptura:
1019 477 1218 528 textus,
1249 479 1312 519 ac
1341 466 1503 519 verba
1536 465 1835 533 proferunt,
1869 467 1987 535 qui-

427 556 528 610 bus
553 554 808 608 divinitas
843 553 1068 608 indicari
1103 569 1204 606 non
1227 563 1418 621 potest,
1445 563 1497 607 et
1525 554 1675 622 quasi
1696 555 1983 608 maximum

428 645 722 714 quoddam,
781 659 847 698 ac
905 645 1244 712 perspicuum
1299 655 1704 714 argumentum,
1737 645 1984 716 frigidam

431 738 590 800 lianc,
643 735 972 791 etlallacetn
1025 737 1490 791 ratiocinationem
1543 737 1987 806 jactitantincul-

429 839 684 899 eantque.
720 828 1036 898 Hujusmodi
1071 829 1414 892 testimoniis,
1460 830 1726 896 inquiunt,
1759 829 1988 899 Spiritus

429 933 654 976 sanctus
718 922 784 975 ad
833 920 1127 988 angelicam
1188 929 1434 973 naturam
1482 921 1832 991 deprimitur;
1864 937 1982 974 cum

430 1017 644 1085 angelos
677 1014 788 1087 (65)
815 1029 1026 1084 quoque
1048 1014 1464 1068 cliremalizasse
1492 1016 1616 1084 (hoc
1643 1025 1741 1077 est,
1767 1013 1982 1069 oracula

429 1108 654 1175 fudisse)
715 1115 943 1162 constet.
997 1108 1171 1174 Atque
1232 1107 1302 1159 ita
1367 1116 1542 1160 rectas
1583 1107 1982 1176 Scripturarum

428 1199 724 1252 sententias
754 1197 1003 1252 absurdis
1028 1197 1138 1249 suis
1184 1197 1508 1251 commentis
1557 1207 1756 1253 temere
1797 1200 1987 1267 depra-

427 1298 551 1342 vant
575 1289 707 1358 (64).
735 1288 865 1342 Nam
895 1290 1152 1357 scriptum
1187 1298 1288 1355 est,
1323 1289 1590 1356 inquiunt,
1620 1290 1670 1343 in
1693 1289 1842 1344 Actis
1859 1305 1986 1358 apo-

427 1380 632 1436 stolicis
663 1397 677 1432 :
717 1400 736 1433 ¢
763 1381 1040 1436 Cornelius
1074 1379 1186 1451 (65)
1234 1382 1477 1436 centurio
1503 1420 1519 1447 ,
1571 1382 1655 1436 vir
1695 1383 1894 1452 justus,
1931 1393 1984 1439 et

431 1472 626 1527 timens
656 1473 842 1537 Deum,
897 1481 952 1526 et
993 1473 1356 1527 testimonium
1400 1472 1604 1528 habens
1634 1473 1700 1528 ab
1736 1473 1982 1530 universa

425 1577 583 1633 gente
605 1564 932 1629 Judaeorum,
960 1563 1400 1619 cltrematismum
1429 1564 1552 1635 (hoc
1577 1573 1679 1631 est,
1709 1565 1981 1621 caelestem

428 1654 882 1725 admonitionem)
915 1657 1124 1724 accepit
1147 1656 1214 1708 ali
1246 1655 1433 1726 angelo
1481 1666 1688 1720 sancto,
1717 1657 1982 1711 accersire

428 1746 554 1800 tein
589 1747 802 1800 domum
834 1762 1010 1811 suam,
1048 1755 1103 1800 et
1157 1746 1343 1800 audire
1372 1746 1533 1799 verba
1590 1746 1686 1800 abs
1716 1754 1785 1800 te.
1817 1765 1834 1797 ι
1872 1746 1980 1801 Vos

425 1848 587 1902 porro
624 1836 670 1890 si
731 1836 1002 1900 taceretis,
1053 1850 1086 1889 ο
1133 1834 1393 1897 haeretici,
1444 1843 1497 1888 et
1526 1833 1852 1888 calumniosa
1885 1849 1978 1888 ora

426 1926 779 1990 consueretis,
837 1941 950 1979 rem
1008 1925 1174 1980 multo
1215 1925 1500 2000 utiliorem
1566 1924 1834 1979 faceretis.
1874 1923 1982 1980 Nos

427 2024 603 2082 autem
632 2017 696 2070 ad
717 2016 1092 2085 perlectiorcin
1117 2031 1335 2084 scopum
1367 2016 1466 2069 hoc
1491 2017 1654 2069 etiam
1689 2016 1978 2086 capitulum

426 2107 720 2176 dirigentes
741 2123 804 2160 ac
831 2107 993 2162 veluti
1025 2116 1171 2161 retro
1197 2107 1492 2170 ﬂectentes,
1517 2111 1571 2160 et
1602 2105 1763 2159 animi
1791 2106 1981 2159 alacri-

424 2205 588 2252 tatem
626 2199 709 2266 iis,
745 2199 834 2266 qui
885 2197 1075 2253 lecturi
1135 2198 1250 2251 haec
1291 2205 1438 2259 sunt,
1490 2206 1888 2266 comparantes,
1918 2212 1982 2252 ac

425 2289 684 2359 majorem
745 2290 1103 2344 ortltodoxum
1164 2287 1337 2342 zelum
1386 2288 1516 2358 ipsis
1544 2288 1869 2354 injicientes,
1903 2289 1981 2344 sic

426 2383 830 2450 respondemus.
857 2381 1008 2434 Sicut
1036 2379 1176 2433 nulla
1208 2388 1413 2433 naturae
1456 2379 1759 2434 communio
1792 2388 1876 2433 est
1898 2379 1980 2432 in-

426 2481 506 2526 ter
533 2481 793 2536 creatam,
850 2477 905 2526 et
935 2471 1230 2525 increatam
1272 2479 1539 2535 naturam,
1590 2469 1661 2523 ita
1706 2483 1773 2524 ne
1825 2471 1981 2525 chre-

423 2564 658 2618 matismi
686 2564 898 2632 quidem
930 2561 1234 2616 communio
1259 2561 1563 2615 intercedit.
1592 2560 1726 2614 Nam
1761 2561 1980 2632 angelus

425 2653 639 2722 quidem
669 2651 720 2706 id
749 2665 904 2705 omne
923 2648 1174 2718 ἀγγέλλει
1197 2646 1274 2719 (id
1300 2656 1405 2711 est,
1449 2647 1748 2715 annuntiat)
1783 2647 1922 2713 quod
1949 2661 1974 2697 υ

423 2742 626 2813 Spiritu
659 2750 868 2808 sancto,
897 2756 927 2795 a
958 2755 1066 2812 quo
1091 2739 1292 2808 agitur,
1333 2737 1516 2791 dicere
1552 2746 1771 2792 coactus
1800 2736 1976 2799 fuerit,

421 2833 522 2886 etsi
550 2831 680 2886 illud
707 2831 944 2902 ignotum
974 2831 1070 2900 ipsi
1093 2829 1285 2895 fuerit;
1321 2839 1481 2896 atque
1517 2827 1641 2881 inde
1672 2827 1846 2898 angeli
1876 2842 1976 2880 no-

422 2902 1041 2991 nnenliabet.°Spiritus
1081 2933 1209 2974 vero
1257 2929 1498 2980 sanctus,
1550 2923 1737 2984 utpote
1795 2917 1884 2984 qui
1911 2930 1972 2969 ea

2088 469 2208 530 καῖς
2242 467 2504 538 Πράξεσιν
2525 484 2537 500 ο
2572 486 2590 518 ι
2626 466 2918 538 Κορνήλιος
2945 463 3340 535 ἑκατοντάρχης,
3369 469 3473 543 ἀνὴρ
3496 475 3549 527 δε.

2087 575 2238 621 καιος
2280 560 2373 612 καὶ
2428 558 2756 630 φοϐούμενος
2792 557 2883 610 τὸν
2915 556 3067 620 Θεὸν,
3114 556 3548 628 μαρτυρούμενόςτε

2086 649 2190 702 ὑπὸ
2225 650 2422 712 παντὸς
2453 649 2634 713 ἔθνους
2659 649 2767 702 τῶν
2812 647 3095 707 Ἰουδαίων,
3128 648 3453 720 ἐχρηματίσθη
3479 653 3551 707 ὑπο

2084 740 2314 809 ἀγγέλου
2343 740 2517 809 ἁγίου,
2552 737 3003 811 μεταπέμψασθαί
3043 754 3101 790 σε
3143 738 3218 799 είς
3245 736 3324 788 τὸν
3345 733 3459 792 οἷκον
3487 744 3552 794 αὖ·

2083 830 2198 895 τοῦ,
2235 831 2328 884 καὶ
2361 830 2587 884 ἀκοῦσαι
2644 833 2859 902 ῥήματα
2897 830 3046 898 παρὰ
3099 829 3212 881 σοῦ.
3250 847 3265 879 ι
3301 829 3453 900 Ὑμεῖς
3487 835 3551 903 μὲν

2084 918 2196 985 οὖν,
2232 924 2279 975 εί
2314 925 2672 994 ἐσιωπήσατε,
2705 923 2797 976 καὶ
2817 921 3166 994 ἀπεῤῥάψατε
3193 924 3492 988 συκοφαντίας
3510 928 3555 979 τὰ

2090 1014 2351 1084 στόματα,
2369 1015 2660 1083 ἐπράττετε
2676 1015 2738 1067 ἂν
2754 1013 2926 1082 πολλῷ
2952 1012 3364 1082 λυσιτελέστερον
3378 1052 3389 1064 .
3420 1014 3555 1083 Ἡμεῖς

2083 1103 2158 1164 δὲ,
2188 1105 2282 1156 ἐπὶ
2305 1106 2395 1159 τὸν
2425 1106 2751 1177 τελειότερον
2786 1105 2985 1158 σκοπὸν
3024 1102 3404 1171 ἀναπέμποντες
3426 1105 3496 1156 καὶ
3516 1105 3558 1157 τὸ

2084 1193 2370 1262 κεφάλαιον
2403 1194 2578 1257 τοῦτο,
2624 1195 2719 1247 καὶ
2767 1192 3028 1262 εὐθυμίαν
3082 1193 3191 1252 τοῖς
3247 1189 3558 1259 ἐντευξομένοις

2084 1286 2432 1356 παρέχοντες.
2462 1287 2553 1339 καὶ
2587 1286 2804 1338 πλείονα
2834 1284 2924 1336 τὸν
2954 1280 3226 1354 όρθόδοξον
3259 1279 3395 1349 ζῆλον
3417 1281 3560 1349 ἑμϐἀλ·

2083 1374 2282 1441 λοντες,
2312 1378 2507 1446 φαμὲν,
2539 1379 2619 1430 ὅτι
2658 1377 2745 1439 Ὠς
2767 1375 2990 1444 οὐδεμία
3014 1368 3260 1425 κοινωνία
3289 1371 3464 1438 φύσεως
3483 1372 3560 1423 κτί·

2085 1485 2246 1539 σματι
2299 1469 2434 1540 πρὸς
2477 1470 2575 1539 τὴν
2629 1470 2878 1523 ᾶκτιστον
2924 1465 3081 1535 φύσιν
3122 1465 3286 1523 ἐστὶν,
3317 1461 3458 1526 οὕτως
3481 1464 3562 1518 οὐδὲ

2082 1559 2484 1630 χρηματισμοῦ.
2526 1557 2582 1614 '0
2615 1560 2711 1631 μὲν
2732 1559 2838 1630 γὰρ
2863 1556 3132 1626 ἀγγέλλει,
3159 1554 3189 1608 ὃ
3214 1554 3255 1606 δ’
3275 1552 3332 1606 ἀν
3353 1554 3434 1606 οὐκ
3455 1555 3562 1617 aiGi‘o;

2085 1653 2190 1705 ὑπὸ
2211 1652 2304 1706 τοῦ
2341 1655 2494 1721 ἁγίου
2528 1653 2838 1723 Πνεῦματος
2865 1651 3036 1703 εἰπεῖν
3063 1645 3394 1718 ὲνεργηθείη·
3423 1646 3496 1698 καὶ
3513 1647 3565 1698 ὲν·

2079 1743 2264 1796 τεῦθεν
2297 1744 2444 1814 αὐτῷ
2467 1744 2693 1814 ἅγγελος
2726 1742 2960 1812 τοῦνομα
2981 1758 2993 1770 ·
3022 1739 3082 1792 τὸ
3123 1739 3178 1791 δὲ
3218 1738 3358 1806 ἅγιον
3381 1735 3563 1806 Πνεῦμα,

2081 1832 2172 1886 ἅτε
2198 1834 2372 1888 πάντα
2394 1835 2528 1898 εἰδὸς
2551 1833 2620 1887 τά
2643 1833 2736 1886 τοῦ
2758 1833 2911 1894 Θεοῦ,
2941 1832 3015 1894 ὡς
3037 1827 3414 1884 διαϐεϐαιοῦται
3431 1830 3454 1879 0
3469 1827 3569 1879 [11-3-

2079 1922 2188 1987 λος,
2225 1925 2545 1995 χρηματίζει
2583 1925 2795 1988 θεῖκῶς,
2838 1924 2913 1986 ὼς
2945 1923 2973 1975 0
3020 1921 3228 1991 Πατὴρ,
3264 1919 3390 1989 ἅπερ
3415 1917 3466 1970 ἂν
3490 1920 3569 1980 τοῖς

2079 2016 2176 2085 τῆς
2221 2014 2472 2088 θεότητος
2519 2017 2833 2087 ἀκοιμήτοις
2877 2015 3116 2084 ὄμμασιν
3161 2012 3262 2083 όρᾷ
3301 2009 3569 2080 βουλόμενον,

2081 2107 2172 2158 καὶ
2211 2107 2299 2159 τὸν
2339 2107 2577 2178 Πατέρα,
2619 2108 2712 2161 καὶ
2761 2105 2850 2159 τὸν
2883 2106 3033 2171 Υἱὸν,
3065 2103 3158 2156 καὶ
3195 2101 3255 2155 οὑ
3301 2100 3569 2161 δ;ακονικῶς,

2080 2196 2326 2270 καθάπερ
2370 2200 2398 2252 0
2454 2199 2744 2271 δορυφόρος
2836 2196 3080 2266 ἄγγελος.
3120 2214 3138 2247 ι
3192 2192 3252 2249 Ὀ
3294 2193 3390 2266 γὰρ
3439 2192 3571 2254 δοῦλος

2079 2287 2178 2340 οὐκ
2203 2285 2360 2353 οἶδεν,
2389 2289 2441 2342 τί
2468 2293 2608 2343 ποιεῖ
2630 2294 2657 2343 0
2683 2291 2882 2360 Κύριος
2905 2286 3089 2350 αὑτοῦ,
3127 2305 3144 2337 ι
3179 2285 3296 2338 οὐδέ
3317 2301 3372 2352 γε
3399 2286 3423 2336 0
3448 2283 3575 2351 ἑτερο-

2078 2379 2256 2444 ούσιος
2299 2381 2395 2451 τὴν
2444 2381 2608 2452 αὐτὴν
2651 2381 2727 2451 τῷ
2759 2381 2948 2450 ἐτέρας
2983 2379 3093 2432 ὗντι
3125 2378 3310 2440 οὐσίας
3341 2375 3575 2442 κεκτῆσθαι

2081 2469 2172 2540 [89
2194 2470 2245 2542 ὁ]
2268 2471 2487 2524 δύναται
2517 2471 2742 2541 γνῶσιν
2775 2471 2931 2540 φύσει
2961 2469 3068 2541 γὰρ
3097 2468 3302 2538 ἑκάστῃ
3337 2468 3367 2536 ἡ
3399 2466 3578 2534 ἀνήκουο

2081 2577 2149 2613 σα
2171 2561 2367 2627 γνῶσις
2406 2562 2498 2613 καὶ
2545 2562 2730 2632 μνήμη
2768 2560 3258 2632 συμπαρομαρτεῖ·
3297 2555 3416 2609 ἀλλὰ
3443 2552 3577 2606 καὶτὸ

2077 2651 2313 2720 γνωσθὲν
2357 2656 2420 2724 τῇ
2474 2656 2671 2724 γενητῇ
2720 2653 2877 2722 φύσει
2945 2651 3058 2704 ἔσθ’
3087 2653 3176 2703 ὅτε
3223 2649 3297 2720 τῷ
3329 2648 3482 2718 χρόνῳ
3505 2647 3580 2712 ἃς·

2081 2743 2319 2799 ίπταται.
2377 2745 2537 2798 Ὅθεν
2585 2745 2859 2798 κάνταῦθα
2917 2743 3015 2814 τὴν
3063 2742 3239 2813 ἀρχὴν
3290 2739 3378 2793 τοῦ
3430 2738 3580 2808 χωρίου

2077 2831 2290 2900 ἑκόντες
2311 2837 2368 2888 ὲν
2391 2837 2457 2906 τῇ
2497 2835 2736 2908 διαμάχῃ
2766 2833 2858 2887 τοῦ
2897 2834 3054 2901 λόγου
3103 2828 3526 2900 παραλελοίπασιν
3549 2824 3583 2875 oi

2078 2927 2407 2999 ἀγνώμονες.
2449 2928 2600 2998 Ἔχει
2628 2928 2769 2998 γάρ’
2809 2945 2827 2978 ι
2863 2925 2968 2980 Τοῦ
3005 2925 3061 2977 δὲ
3095 2924 3304 2994 Πέτρου
3332 2918 3585 2986 διενθυμου-

420 3013 599 3068 omnia
625 3012 771 3066 novit
797 3027 917 3082 quae
948 3022 1072 3067 sunt
1104 3001 1227 3077 Del,
1246 3009 1512 3064 utPaulus
1541 3007 1650 3079 (66)
1677 3017 1976 3074 asseverat;

2087 3020 2243 3091 μένου
2275 3018 2516 3090 περὶτοῦ
2552 3019 2812 3090 ῥήματος,
2849 3016 2998 3071 εἶπεν
3031 3015 3175 3086 αὐτῷ
3203 3016 3266 3068 τὸ
3299 3013 3438 3082 ἅγιον
3461 3007 3590 3064 Πνεῦ·

422 3105 603 3160 divino
633 3105 812 3171 modo,
833 3105 970 3159 sicut
996 3103 1176 3166 Pater,
1204 3100 1580 3166 cltrcinatizat,
1621 3099 1671 3152 id
1693 3108 1794 3168 est,
1829 3113 1977 3154 reve-

420 3193 518 3260 lat,
569 3210 900 3265 quaecunque
956 3194 1115 3264 196
1160 3193 1496 3247 insomnibus
1558 3191 1772 3246 deitatis
1809 3191 1980 3245 oculis

424 3287 565 3341 videt
599 3286 734 3341 velle
763 3301 883 3340 cum
907 3285 1142 3350 Patrem,
1175 3294 1282 3337 tum
1314 3281 1506 3336 Filium
1535 3297 1550 3347 ;
1603 3297 1704 3334 non
1739 3295 1865 3334 vero
1895 3280 1979 3333 ina

425 3384 541 3429 star
581 3373 812 3429 ministri
866 3389 928 3428 ac
981 3371 1164 3426 lamuli
1219 3371 1603 3434 cltrematizat,
1637 3370 1780 3425 sicut
1817 3369 1978 3424 satel-

423 3465 502 3521 les
526 3465 661 3538 (67).
713 3465 802 3520 Dei
827 3463 1060 3534 Angelus
1089 3462 1254 3517 faciti
1299 3479 1312 3516 :
1345 3475 1444 3515 nec
1499 3460 1643 3516 enim
1675 3474 1860 3514 servus
1885 3475 1980 3512 llo-'-

422 3561 500 3615 vit
531 3559 664 3630 (68).
717 3557 844 3628 quid
892 3554 1360 3621 laciat_dominus
1411 3555 1545 3624 ejus,
1582 3573 1599 3605 ι
1657 3568 1829 3623 neque
1865 3553 1974 3616 ille,

420 3653 512 3722 qui
541 3652 613 3706 sit
667 3650 1023 3710 lieterousius,
1084 3648 1188 3703 hoc
1236 3657 1335 3710 est,
1377 3647 1597 3700 alterius
1645 3645 1975 3711 substantiae,

421 3745 662 3798 eamdem
717 3743 914 3797 habere
969 3749 1146 3812 potest
1200 3737 1562 3805 cognitionem
1612 3752 1732 3792 cum
1765 3752 1848 3802 eo,
1889 3737 1976 3806 qui

424 3848 616 3889 natura
645 3835 781 3889 alter
805 3835 873 3889 ab
900 3835 1017 3902 ipso
1047 3841 1148 3887 est.
1187 3830 1628 3898 Unatnquamque
1653 3829 1794 3884 enim
1826 3839 1978 3883 natu-

424 3943 538 3981 ram
565 3928 888 3982 conveniens
914 3925 963 3979 ei
993 3924 1230 3994 cognitio
1277 3923 1535 3991 sequitur,
1587 3931 1643 3975 et
1686 3921 1976 3976 memoria:

423 4019 550 4089 quin
583 4018 744 4073 etiam
783 4018 1068 4087 aliquando
1113 4025 1307 4070 creatae
1367 4023 1572 4067 naturae
1620 4013 1745 4067 illud
1775 4013 1977 4079 evenit,

424 4120 485 4164 ut
516 4111 670 4179 longa
701 4110 787 4163 die
817 4110 867 4162 id
901 4111 1069 4178 ipsum
1095 4109 1142 4164 ei
1170 4108 1405 4172 excidat,
1433 4116 1594 4175 atque
1623 4107 1978 4175 evolet,quod

427 4201 696 4268 cognitum
721 4199 788 4253 ab
819 4199 904 4253 illa
940 4197 1138 4252 fuerat.
1169 4197 1506 4266 Quapropter
1534 4197 1620 4250 hic
1652 4211 1861 4265 quoque
1891 4211 1981 4248 ea-

430 4292 582 4362 pituli
618 4292 824 4346 initium
855 4291 1031 4345 dedita
1091 4305 1254 4360 opera
1288 4291 1424 4344 inter
1446 4289 1826 4342 decertandum
1864 4289 1975 4344 dis-

2081 3129 2185 3183 μα·
2236 3111 2364 3164 Ἰδοὺ
2395 3111 2583 3181 ἄνδρες
2613 3112 2759 3180 τρεῖς
2795 3107 3045 3180 ζητοῦσίν
3096 3125 3176 3161 σε.
3217 3108 3371 3160 Ἀλλὰ
3401 3104 3587 3165 ἀναστὰς

2079 3199 2368 3274 πορεύθητι
2417 3203 2512 3255 σὺν
2567 3203 2768 3266 αὐτοῖς,
2820 3200 2980 3271 μηδὲν
3026 3199 3458 3268 διακρινόμενος·
3491 3195 3590 3247 διῦτι

2078 3293 2187 3363 ἐγὼ
2244 3293 2555 3347 ἀπέσταλκα
2607 3290 2819 3355 αὐτούς.
2875 3289 3130 3353 Καταϐἀς
3165 3291 3223 3342 δὲ
3267 3289 3458 3359 Πέτρος
3491 3284 3592 3355 πρὶς

2077 3385 2203 3448 τοὺς
2234 3383 2428 3454 ἄνδρας
2483 3378 2658 3435 εἶπενο
2706 3381 2833 3434 Ἰδοὺ
2859 3379 2989 3448 ἐγὼ,
3021 3379 3079 3431 ὃν
3102 3378 3318 3446 ζητεῖτε
3337 3394 3352 3411 ο
3384 3377 3458 3438 τίς
3482 3375 3510 3445 ἡ
3533 3375 3595 3424 αἱ·

2077 3475 2186 3538 τία,
2211 3473 2278 3525 δι’
2315 3473 2381 3543 ἢν
2407 3471 2677 3542 πάρεστες
2707 3471 2768 3523 Ui
2795 3469 2848 3521 δὲ
2879 3464 3034 3522 εἶπαν
3057 3485 3072 3498 ·
3100 3465 3400 3538 Κορνήλιος
3420 3461 3595 3517 ἑκατον-

2077 3565 2305 3635 τάρχης,
2339 3563 2476 3634 ἀνὴρ
2499 3562 2721 3626 δίκαιος,
2752 3579 2770 3612 ι
2819 3561 2912 3614 καὶ
2947 3560 3013 3613 τὰ
3045 3558 3193 3629 ἑξῆς,
3229 3553 3306 3622 ὡς
3339 3556 3594 3628 πρόκειται.

2080 3657 2241 3709 Ὥστε
2296 3653 2444 3725 παρά
2503 3656 2712 3723 κριταῖς
2761 3651 3001 3721 ἀγαθοῖς,
3044 3651 3325 3705 κάνταῦθα
3373 3648 3504 3718 παρά
3527 3645 3596 3698 τοῦ

2078 3749 2230 3816 ἁγίου
2256 3745 2392 3800 Πνεύ
2401 3762 2566 3815 ματος
2599 3745 2840 3815 φαίνεται
2868 3744 2957 3798 τὸν
2977 3743 3221 3815 χρησμὸν
3246 3745 3275 3795 ό
3307 3740 3510 3809 ἄγγελος
3529 3753 3600 3806 μι-

2080 3835 2204 3889 θών.
2238 3835 2497 3905 Θεότητος
2528 3836 2638 3906 γὰρ
2667 3833 2914 3905 ἔκκριτον
2938 3833 3246 3904 γνώρισμα,
3276 3833 3337 3886 τὸ
3365 3829 3602 3901 προλέγειν

2078 3927 2362 3996 ἀσφάλτως
2381 3945 2393 3956 ·
2431 3927 2523 3979 καὶ
2553 3925 2705 3979 τοῦτο
2734 3927 2818 3978 ἐπ’
2854 3925 3040 3996 ἀγαθῷ
3071 3924 3182 3978 τῶν
3217 3924 3523 3982 ἀκουόντων,
3551 3918 3600 3969 ἶν’

2079 4018 2499 4088 ἀσφαλισάμενοι
2548 4016 2810 4070 σωθῶσιν.
2843 4012 2972 4070 Εἶτα
3019 4017 3079 4069 οὐ
3111 4016 3387 4085 νομίζετε,
3421 4012 3605 4065 τοιαῦτα

2079 4106 2472 4180 εἰσηγούμενοι,
2513 4105 2821 4176 βασκαίνειν
2848 4105 2944 4176 μέν
2973 4121 3088 4169 πως
3110 4109 3176 4175 τῇ
3213 4105 3406 4163 κτίσει,
3436 4102 3606 4171 μέμφε-

2079 4201 2202 4253 σθαι
2231 4200 2285 4252 δὲ
2314 4193 2421 4251 οἷον
2447 4198 2522 4265 τῷ
2549 4199 2611 4250 δι’
2635 4197 2893 4266 ἀφθονίαν
2921 4199 3037 4259 ταῖς
3063 4198 3191 4266 περὶ
3225 4195 3388 4248 αὑτοῦ
3421 4190 3609 4264 εἰρημέ-

2080 4309 2196 4355 ναις
2245 4290 2446 4354 λέξεσιν
2488 4292 2820 4360 κοσμήσαντι
2867 4288 2935 4342 τὰ
2976 4287 3168 4340 ἑαυτοῦ
3217 4289 3522 4358 ποιήματας
3549 4283 3608 4343 ὡς

427 4383 854 4451 ceptandumque
901 4382 1129 4450 improbi
1187 4381 1483 4435 omiserunt
1529 4380 1661 4450 (69).
1717 4380 1806 4435 Sic
1831 4382 1973 4435 enim

2087 4384 2339 4453 ἑπομένου
2372 4381 2582 4445 πάντως
2615 4381 2690 4452 τῷ
2720 4381 2943 4450 τοιούτῳ
2967 4381 3252 4451 πράγματι
3296 4381 3393 4434 καὶ
3419 4379 3508 4446 τῆς
3532 4375 3612 4427 αὖ·

429 4475 626 4529 babet:
657 4490 677 4524 ι
717 4472 875 4528 Petro
902 4473 1014 4544 (70)
1064 4482 1240 4528 autem
1271 4473 1538 4543 cogitante
1571 4473 1636 4527 de
1661 4474 1821 4528 verbo
1839 4471 1971 4544 (71),

499 4711 609 4784 (65)
635 4711 790 4784 Cum
822 4710 1052 4781 angelos.
1084 4710 1311 4784 Codex;
1371 4711 1406 4780 ὴ
1455 4710 1549 4784 καὶ
1586 4707 1772 4772 αὐτοί,
1807 4718 1868 4784 et
1893 4724 1974 4763 re-

428 4779 601 4853 quua.
628 4779 1014 4852 Equidem'pro
1047 4783 1111 4852 ἠῗ,
1155 4783 1294 4850 quod
1329 4779 1639 4853 mendosum
1689 4790 1804 4853 est,
1833 4779 1972 4853 (lego

425 4849 563 4928 ᾖ,’ἰιι
592 4849 702 4915 εει,
725 4869 744 4902 ι
776 4867 902 4928 qua2
941 4870 959 4901 ι
991 4849 1092 4913 vel,
1129 4868 1148 4902 ι
1175 4849 1465 4928 quatenus.
1502 4869 1520 4902 ι
1542 4852 1627 4928 .At
1657 4849 1700 4902 si
1734 4850 1808 4928 ita
1833 4850 1974 4916 lega-

334 4907 341 4929 ί
431 4907 567 4987 ἶῖἶιιε,
600 4907 852 4976 mutanda
881 4907 1106 4975 fortasse
1135 4907 1235 4973 erit
1267 4935 1388 4982 vox,
1418 4918 1671 4987 ἀγγέλου,
1699 4933 1761 4971 ac
1796 4907 1974 4986 legan-

429 4995 576 5055 dum,
607 4991 871 5059 ἀγγέλων,
907 4991 1007 5044 hoc
1039 5002 1120 5044 est
1167 5007 1185 5040 ι
1226 4991 1570 5057 angelorum,
1605 5009 1623 5040 ι
1656 4997 1713 5040 ιιι
1737 5002 1800 5041 eo
1832 4987 1974 5059 refe-

431 5053 582 5114 ratur
611 5053 900 5125 pronomen
943 5060 1116 5116 αὐτοί.
1142 5053 1515 5130 Quod'siquis
1550 5062 1664 5130 pro;
1695 5058 1750 5130 ὴ,
1784 5057 1882 5130 vel
1919 5053 1974 5130 ᾗ,

433 5131 814 5201 legere‘mallet
845 5130 899 5201 ἡ,
930 5145 991 5183 ac
1025 5141 1233 5201 vertere
1261 5151 1272 5183 :
1315 5147 1332 5180 ι
1371 5128 1560 5197 Papae!
1610 5136 1663 5180 et
1704 5127 1801 5201 ipsi
1831 5127 1980 5195 (lue-

334 5197 340 5249 ἔ
435 5197 588 5251 retiei
621 5197 878 5269 scilicet)
907 5201 1119 5253 oracula
1160 5198 1379 5252 fittidere
1409 5201 1675 5269 videntur,
1706 5214 1724 5246 ι
1785 5197 1829 5250 is
1864 5211 1980 5249 mea

431 5269 644 5334 quidem
684 5267 946 5322 sententia
989 5269 1194 5338 Didymi
1255 5279 1484 5321 mentem
1534 5267 1700 5337 probe
1748 5281 1850 5319 non
1891 5280 1982 5318 as-

433 5347 761 5403 sequeretur.

525 5406 613 5475 64)
657 5406 866 5475 Temere
892 5407 1186 5475 depravant.
1215 5405 1270 5458 In
1296 5405 1502 5469 Grazco,
1528 5405 1606 5467 είς
1631 5402 1978 5475 περιπετείας

432 5474 759 5540 ἐξέλκουσιν.
800 5474 1101 5538 Legcndum
1139 5476 1358 5530 forsitan
1403 5475 1525 5542 quis
1571 5474 1851 5542 conjiciat,
1899 5475 1978 5536 εἰς

434 5545 1130 5617 περπερείαςλὲξέλκουσιν.
1177 5544 1381 5617 Δγει-ιιιιι
1424 5545 1784 5597 l’assioneiani
1852 5560 1979 5612 apo-

434 5614 624 5684 grap‘hi
680 5615 837 5670 lectio
899 5614 1223 5669 immutauda
1282 5628 1385 5667 non
1436 5617 1976 5684 est;rnam'voce_m,

435 5679 789 5757 itepmﬁrsta,
821 5685 985 5744 simili
1004 5685 1172 5766 modo
1197 5684 1398 5766 accipit
1431 5683 1759 5754 Epiphanius
1786 5682 1840 5737 in
1869 5679 1972 5738 Pa-

2077 4473 2170 4526 τοῦ
2199 4473 2436 4544 χάριτος.
2471 4473 2564 4525 Ἐκ
2585 4472 2690 4541 γάρ
2715 4472 2808 4525 καὶ
2833 4471 3040 4537 τούτου,
3073 4471 3298 4544 ὕϐρισεν
3330 4473 3429 4542 μὲν
3449 4463 3612 4521 tamira

2078 4712 2226 4765 nario
2253 4713 2442 4766 haeres.
2470 4710 2559 4774 6i,
2595 4726 2716 4779 pag.
2751 4709 2879 4772 528.
2914 4711 3108 4778 aliique
3139 4707 3414 4763 nonnulli.

2142 4782 2260 4860 (ϐξ)
2291 4775 2718 4860 Corneliuxz'Act.
2746 4775 3125 4860 x,1‘g‘2.“(}r§eca
3148 4780 3324 4834 editio
3351 4797 3364 4832 :
3393 4778 3493 4830 ὑπὸ
3515 4775 3616 4833 ὅλου

2076 4850 2168 4902 τοῦ
2191 4851 2392 4914 ἔθνους,
2420 4866 2536 4917 pro,
2560 4850 2664 4902 ὑπὸ
2688 4850 2885 4912 παντὸς
2905 4850 3109 4914 ἔθνους.

2151 4919 2260 4988 (66)
2303 4921 2520 4973 Paulus.
2554 4920 2722 4986 |§Cor.
2750 4935 2810 4980 ll,
2845 4922 2911 4973 10
2937 4932 2991 4974 et
3020 4920 3104 4974 Η.

2080 4991 2119 5032 τ’
2155 4984 2266 5058 (67)
2306 4989 2541 5044 Salelles.
2573 4984 2744 5050 _Sive.
2783 5007 2802 5039 α
2862 4989 3104 5046 hastifer.
3151 5007 3171 5042 ι
3225 4991 3370 5045 Vide
3411 4989 3514 5058 lib.
3565 4984 3620 5038 Π

2084 5057 2214 5127 Reg.
2249 5057 2362 5131 xix,
2393 5061 2483 5122 55,
2513 5071 2566 5113 et
2597 5059 2696 5131 lib.
2727 5059 2771 5115 ll
2833 5061 2962 5131 Reg.
2994 5075 3144 5128 utr,
3181 5060 3273 5126 ΓΙ,
3309 5071 3368 5115 et
3397 5057 3548 5114 Josue
3576 5070 3620 5118 ν,

2087 5131 2172 5190 14,
2202 5141 2253 5182 et
2279 5130 2408 5183 Luc.
2449 5144 2556 5192 ινι,
2587 5129 2677 5182 22.

2084 5222 2128 5268 ε.
2158 5200 2265 5268 (68)
2308 5197 2484 5268 Novit.
2515 5199 2792 5268 Joanaxv,
2825 5199 2911 5253 15.

2161 5268 2271 5338 (69)
2313 5267 2626 5339 Omiseram.
2661 5267 2737 5321 Ex
2772 5270 2872 5323 hoc
2896 5269 3058 5324 etiam
3092 5268 3208 5324 loco
3243 5275 3624 5339 apparet._cer-

2089 5339 2492 5459 tuptuquoddatn
2517 5337 2953 5393 Macedonianuut
2985 5337 3328 5410 opusculqu
3354 5356 3386 5393 a
3429 5337 3632 5406 Didymo

2089 5423 2141 5459 re
2167 5424 2195 5459 e
2240 5424 2274 5459 t.

2086 5423 2274 5460 Γειριιι.

2155 5477 2266 5545 (70)
2307 5475 2485 5529 Petro.
2526 5476 2644 5534 Act.
2679 5493 2734 5540 ι,
2764 5477 2850 5540 19,
2881 5477 2972 5534 22.
3015 5478 3284 5534 Nonnulla
3326 5471 3630 5533 intermedia

2086 5550 2430 5607 Otuittuutur,
2469 5561 2588 5614 qua:
2618 5548 2778 5601 habet
2807 5547 2991 5602 Graeca
3031 5551 3213 5606 editio.

2153 5616 2265 5687 (τί)
2305 5615 2379 5695 De
2407 5620 2574 5695 veroo.
2607 5617 2792 5674 Graeca
2819 5620 3021 5675 editio:
3054 5620 3178 5691 περὶ
3203 5619 3312 5674 τοῦ
3341 5617 3634 5693 ὁράματθςο

2085 5686 2140 5742 id
2167 5686 2250 5743 est
2286 5705 2305 5740 ι
2334 5686 2400 5742 de
2422 5686 2646 5742 visione.
2670 5704 2690 5739 ι

2839 5736 2964 5764 μὴ’-
2983 5743 3005 5751 θ’
