3732 6312
443 347 545 405 581

1671 336 1901 392 DIDYMI
1939 335 2410 393 ALEXANDIHNI
3562 332 3644 389 588

436 467 513 522 sia
541 470 749 517 nosmet
802 459 902 529 ipsi
947 458 1151 527 sumus)
1200 455 1293 511 Dei
1343 456 1609 527 magnulia
1660 457 1990 524 perdiscant.

2121 455 2341 525 ιρᾶγμα.
2377 454 2510 508 Οὐδὲ
2549 454 2656 526 γὰρ
2688 456 2735 507 εί
2768 452 2859 506 τὸν
2897 454 3029 508 Θεὸν
3061 453 3282 523 Πατέρα
3316 454 3478 520 φαῖεν
3515 456 3646 523 τυχὸν

436 558 607 621 Atque
634 562 691 604 ut
735 552 785 605 id
850 550 1021 619 ipsum
1078 548 1404 602 adversariis
1452 549 1876 623 persuadeatur,
1906 545 1994 598 illa

431 646 594 698 etiam
628 640 840 696 eﬂicere
885 649 1131 707 possunt,
1163 637 1585 706 nonnullaniqne
1622 635 1687 688 ad
1749 636 1853 689 hoc
1886 636 1993 687 vim

433 734 654 793 habere,
706 744 824 800 qua;
876 727 1285 784 Colossensibus
1346 728 1564 795 scripsit
1617 727 1668 779 in
1702 726 1847 780 hunc
1878 740 1995 779 mo—

435 824 559 875 dum
589 819 738 891 (80):
770 838 788 871 ι
814 818 1126 889 Mysterium
1174 815 1286 887 (81)
1336 817 1435 871 hoc
1475 817 1844 871 absconditum
1873 823 1997 868 ante

434 912 649 977 sazeula,
680 921 736 966 et
770 926 799 964 a
840 909 1296 980 generationibus,
1323 909 1466 977 quod
1504 922 1646 962 nunc
1679 906 1996 960 manifesta-

438 1012 545 1057 tum
578 1011 661 1057 est
690 1000 893 1057 sanctis
926 998 1065 1069 ejus.
1120 1018 1139 1049 ι
1190 997 1359 1051 Antea
1406 996 1571 1057 enim,
1608 995 1798 1063 inquit,
1824 1009 1852 1046 a
1889 991 1998 1048 Deo

436 1104 643 1148 tantum
700 1092 1151 1163 cognoscebatur.
1201 1089 1463 1143 Praeterea
1520 1086 1622 1141 huc
1672 1087 1835 1140 etiam
1867 1085 1997 1138 illud

438 1184 591 1249 facit,
618 1184 762 1254 quod
798 1184 865 1238 de
893 1183 983 1247 iis,
1021 1196 1139 1250 quae
1168 1181 1418 1235 omnibus
1462 1178 1768 1232 hominibus
1799 1177 1999 1230 utilita-

440 1282 543 1329 tem
572 1273 891 1337 attulerunt,
946 1272 1012 1326 de
1042 1271 1110 1326 iis
1148 1269 1379 1334 scilicet,
1409 1284 1528 1339 qua:
1557 1267 1624 1323 ad
1672 1268 1997 1323 ineli‘nbilem

434 1364 866 1419 lncarnationem
903 1371 1173 1433 spectant,
1221 1362 1368 1416 hisce
1396 1359 1509 1430 (82)
1542 1375 1570 1413 a
1608 1359 1768 1414 Petro
1797 1359 1997 1423 verbis,

435 1464 497 1509 ut
529 1466 683 1508 antea
711 1454 966 1519 diximus,
999 1452 1345 1521 pra-dicatum
1396 1448 1492 1503 fuit
1527 1449 1660 1519 (83):
1698 1466 1717 1501 ι
1771 1449 1823 1502 In
1858 1464 1998 1517 qua),

437 1544 629 1612 inquit,
654 1543 960 1597 desiderant
986 1542 1158 1611 angeli
1185 1540 1518 1609 prospicere.
1563 1560 1583 1591 ι
1612 1540 1667 1593 Si
1691 1555 1849 1609 quam
1870 1553 2001 1592 vero

437 1635 678 1689 innatam
707 1633 1066 1703 cognitionem
1096 1633 1359 1687 haberent
1407 1631 1519 1703 (81)
1541 1674 1553 1692 .
1586 1631 1675 1685 illa
1710 1646 1803 1699 per
1836 1633 2001 1684 rimas

2098 542 2245 595 ἄλλοι
2270 544 2435 608 τινὲς,
2475 546 2555 597 ὅτι
2602 545 2924 616 χρηματίζει
2962 545 3050 597 καὶ
3083 544 3287 612 ἀγαθός
3322 545 3488 608 ἐστιν,
3530 546 3646 615 ημᾶς

2097 634 2158 687 τὸ
2190 636 2427 689 ἐναντίον
2452 637 2633 704 λέγειν
2661 637 2890 708 πρέπον.
2922 637 3074 689 Εἴπω
3104 653 3157 687 τι
3176 636 3312 705 ὑμῖν
3336 635 3433 687 καὶ
3458 637 3645 706 item;

2098 727 2332 779 Βλέπετε
2370 728 2443 798 μὴ
2488 728 2577 781 τὸν
2614 728 3027 799 χρηματίσαντα
3068 726 3146 796 τῷ
3177 726 3551 798 ἑκατοντάρχῃ
3573 729 3645 794 ἄγε

2097 817 2272 885 γελον,
2307 818 2398 871 τὸν
2426 818 2579 887 ἅγιον
2614 819 2721 871 τῶν
2759 820 2927 889 ἁγίων
2959 819 3187 889 Σωτῆρα
3218 815 3405 870 εἶπεν.
3452 817 3535 887 Τῷ
3564 820 3645 887 γὰρ

2098 910 2319 980 ὀνόματι
2352 910 2524 980 τούτῳ
2558 913 3020 983 προσχρησαμένῃ
3054 908 3549 979 ὲπικεκρυμμένως
3576 910 3644 961 σὺν

2100 1004 2335 1072 ὲμφάσει
2390 1003 2558 1074 πολλῇ
2621 1005 2713 1059 καὶ
2761 1003 2881 1077 θείᾳ
2930 1004 3057 1075 περὶ
3115 1002 3281 1056 αὑτοῦ
3350 1004 3647 1070 φαίνεταιή

2099 1094 2311 1166 Γραφὴ,
2358 1093 2445 1146 διὰ
2494 1094 2557 1146 τὸ
2604 1094 2851 1163 ἀγγείλαι
2910 1096 2966 1147 ὲν
3013 1096 3076 1164 τῇ
3115 1094 3407 1163 οἰκονομίᾳ
3448 1092 3519 1154 ὡς
3550 1092 3649 1143 Tib»

2100 1183 2271 1249 Λόγον
2323 1182 2383 1234 τὸ
2433 1184 2694 1254 πατρικὸν
2746 1183 3009 1253 βούλημα.
3060 1184 3132 1235 Ού
3187 1182 3301 1253 γὰρ
3361 1177 3511 1235 εἶπεν
3558 1181 3647 1231 ὄνοι

2104 1273 2285 1344 μαστὶ,
2323 1272 2397 1339 ὡς
2426 1272 2582 1326 είωθε
2617 1272 2794 1342 λέγειν
2817 1289 2830 1302 '
2865 1272 3103 1343 Μιχαὴλ,
3138 1272 3407 1342 Γαϐριὴλ,
3434 1271 3489 1340 ἢ,
3518 1273 3543 1323 ὁ
3566 1270 3646 1321 Baio

2100 1380 2186 1416 να.
2235 1362 2300 1414 Τί
2350 1362 2527 1417 τοίνυν
2586 1363 2645 1428 ἐξ
2700 1364 2952 1418 ἁπάντων
3009 1364 3115 1417 τῶν
3172 1362 3464 1434 ἡμετέρων
3508 1359 3643 1428 λόγων

2102 1454 2393 1508 αἰτιάσαιτ’
2430 1454 2495 1507 ἄν
2533 1472 2617 1518 τις
2654 1455 2919 1523 εὐλόγως;
2968 1456 3021 1507 τί
3069 1455 3122 1508 δὲ
3168 1454 3453 1524 μέμψαιτο
3491 1455 3550 1521 τῇ
3575 1451 3643 1501 οὗ-

2102 1544 2333 1615 δαμόθεν
2388 1544 2586 1617 ἐχούσῃ
2631 1545 2692 1597 τὸ
2746 1545 3060 1599 εὐθύνεσθαι
3112 1542 3415 1615 ὀρθοδόξων
3461 1542 3641 1603 πίστει;

2104 1635 2222 1698 πῶς
2256 1634 2312 1688 δὲ
2338 1634 2398 1688 οῦ
2428 1634 2701 1688 πιστεύειν
2726 1635 2894 1704 ἄξιον,
2931 1636 3007 1700 ὡς
3050 1636 3111 1689 τὺ
3142 1636 3299 1704 ἅγιον
3331 1632 3547 1702 Πνεῦμα
3570 1632 3641 1701 βαι

437 1726 627 1780 saltem
683 1726 989 1795 perspicere
1048 1739 1155 1778 non
1205 1732 1485 1793 Optarent;
1526 1722 1687 1794 198
1717 1726 1810 1778 sed
1876 1723 1991 1791 quia

2121 1727 2345 1791 τιλικῶς,
2396 1728 2513 1797 ἢτοι
2564 1727 2778 1792 θεῖκῶς,
2840 1727 3197 1800 χρηματίζει·
3259 1729 3311 1779 οί
3376 1725 3421 1777 δ’
3465 1724 3640 1791 ἄγγελοι

438 1828 559 1868 eam
617 1830 720 1868 non
777 1814 996 1877 habent,
1053 1813 1106 1867 in
1159 1812 1693 1867 vehementissimum
1746 1814 1991 1881 quodam-

2121 1817 2509 1888 ιειτουργικῶς,
2555 1820 2717 1889 ἢτουν
2754 1819 3108 1883 διακονικῶς;
3152 1818 3226 1881 ὡς
3279 1817 3512 1888 χαλεπὸν
3553 1811 3641 1874 οὖν,

440 1906 621 1967 modo.
652 1915 710 1959 ut
744 1905 1009 1969 homines,
1058 1917 1297 1957 amorem
1339 1904 1577 1958 incidunt
1627 1918 1812 1957 eorum
1866 1918 2003 1973 quo-

442 2015 560 2054 rum
579 1999 933 2069 cognitionem
954 1997 1169 2066 assequi
1195 2005 1489 2064 nequeunt.
1520 1995 1704 2049 Solent
1723 1998 1865 2049 enim
1886 2011 2003 2064 quae

444 2093 659 2146 inventu
699 2090 911 2159 quidem
970 2088 1145 2143 facilia
1190 2098 1339 2150 sunt.
1391 2088 1564 2142 obiter
1605 2087 1718 2157 (85)
1746 2087 1892 2141 cerni
1951 2096 2006 2140 et

442 2182 679 2254 despici;
707 2195 825 2251 qua:
858 2189 1035 2235 autem
1086 2188 1214 2234 sunt
1252 2180 1485 2242 rariora,
1517 2177 1793 2234 aestimari.
1823 2176 2006 2246 Neque

438 2290 571 2330 vero
598 2274 648 2328 id
674 2288 740 2328 ex
792 2272 1009 2342 propria
1043 2272 1398 2341 quorumdam
1448 2270 1722 2325 voluntate
1761 2278 1999 2338 repeten-

443 2368 568 2421 dum
593 2374 699 2428 est,
726 2364 828 2419 sed
882 2378 946 2417 ex
1001 2361 1271 2418 conmiuni
1305 2359 1416 2433 (86)
1465 2376 1649 2417 eorum
1684 2371 1889 2415 naturae
1922 2376 2008 2414 ra-

442 2457 613 2511 tione.
656 2453 825 2510 Porro
857 2454 923 2507 de
975 2453 1225 2508 omnibus
1258 2451 1463 2520 angelis
1496 2452 1545 2506 id
1592 2467 1699 2506 non
1735 2452 1879 2517 dico,
1913 2451 2006 2505 sed

445 2548 510 2603 de
535 2547 853 2617 quibusdam
885 2585 901 2611 ,
958 2546 1047 2614 qui
1102 2546 1265 2600 veluti
1305 2546 1580 2600 debitores
1610 2552 1753 2607 sunt,
1785 2558 1848 2597 ac
1881 2558 2009 2611 sup-

446 2640 607 2709 plicio
660 2637 878 2693 obnoxii
930 2636 1064 2707 (87).
1112 2633 1244 2688 Nam
1294 2634 1571 2704 Scriptura
1629 2634 1799 2703 inquit
1844 2650 1857 2663 ·
1904 2632 2005 2685 «δί

447 2732 595 2785 enim
618 2730 729 2800 (88)
772 2728 977 2798 angelis
1011 2727 1357 2797 peccantibus
1384 2727 1525 2783 Deus
1572 2742 1676 2781 non
1707 2727 2003 2796 pepercit.»

448 2820 727 2888 Quomodo
800 2834 927 2888 ergo
988 2818 1227 2871 innatam
1294 2816 1594 2873 futurorum
1647 2817 2008 2887 cognitionem

450 2912 672 2973 habere,
701 2918 792 2962 aut
816 2910 1031 2978 propria
1082 2908 1405 2962 auctoritate
1449 2910 1845 2963 chrematizare
1885 2907 2010 2977 (hoc

448 3002 779 3067 est,eaelitus
812 2999 1115 3069 admonere)
1166 3006 1389 3069 possunt
1446 3008 1503 3053 ut
1561 2998 1735 3053 Deus?
1782 2998 1935 3064 Quod
1964 2997 2009 3052 si

452 3092 550 3163 ipsi
582 3107 681 3148 nec
702 3093 978 3147 scientiam
1008 3089 1118 3161 (89)
1173 3103 1239 3143 ex
1295 3091 1490 3159 seipsis
1535 3074 1757 3154 habeni,
1812 3103 1911 3143 nec
1942 3102 2007 3142 ex

451 3182 664 3254 propria
700 3190 978 3252 potestate
1015 3181 1427 3246 chrematizant,
1454 3188 1511 3234 ut
1550 3187 1632 3234 est
1687 3180 1852 3244 etiam
1893 3179 2011 3235 sine

453 3274 556 3327 ulla
587 3272 903 3343 probatione
932 3286 1027 3338 per
1055 3285 1113 3326 se
1161 3270 1539 3334 manifestum;
1592 3283 1685 3323 vos
1707 3283 1858 3332 vero,
1887 3268 2012 3338 quia

452 3382 616 3425 unum
653 3364 901 3431 idemque
930 3362 1349 3417 chreniatizandi
1404 3362 1627 3416 verbum
1654 3361 2017 3417 communiter

454 3462 520 3512 de
544 3457 746 3525 Spiritu
776 3463 965 3511 sancto
994 3464 1059 3508 iet
1110 3454 1176 3508 de
1235 3454 1440 3523 angelis
1473 3453 1811 3523 praedicatur,
1840 3453 1904 3507 ad
1932 3467 2017 3507 re-

455 3548 863 3619 prehensionem
902 3545 1410 3616 accusationemque
1454 3544 1699 3599 conversi
1724 3543 1855 3598 estis
1878 3542 2012 3614 (90):

456 3648 657 3691 temere
685 3647 739 3690 et
766 3638 1069 3691 inconsulte
1109 3635 1316 3703 egistis,
1363 3648 1427 3689 ac
1459 3633 1589 3687 nihil
1613 3634 1680 3687 ad
1710 3648 1840 3687 rem.
1880 3631 2013 3686 Nam

456 3743 522 3782 ne
545 3726 782 3781 si-Deum
812 3726 1026 3795 quidem
1048 3725 1272 3780 Patrem
1325 3724 1723 3779 chrematizare
1777 3723 1852 3794 (id
1908 3733 2015 3789 est,

456 3818 937 3886 oraculaifundere,
995 3827 1087 3871 aut
1132 3818 1405 3886 revelare),
1463 3824 1515 3870 et
1546 3819 1740 3870 bonum
1763 3830 1884 3870 esse
1920 3814 2020 3868 ali-

456 3911 545 3976 qui
576 3910 664 3960 alii
698 3910 834 3961 I‘orte
868 3908 1123 3968 dixerint,
1176 3908 1330 3960 decet
1372 3922 1470 3961 nos
1517 3906 1844 3961 contrarium
1878 3904 2020 3959 aiiir-

458 4014 625 4053 mare.
653 4001 730 4052 An
762 4000 1014 4068 quiddam
1050 3998 1193 4053 aliud
1220 4000 1371 4052 vobis
1400 3998 1613 4051 dicam?
1638 3996 1846 4062 Videte,
1875 4014 2020 4067 qua:-

460 4106 545 4154 so,
574 4105 698 4143 num
734 4104 829 4159 per
852 4091 1122 4160 angelum,
1152 4090 1240 4158 qui
1263 4088 1568 4144 centurioni
1588 4089 2015 4154 chrematizavit,

463 4197 557 4238 seu
582 4181 779 4235 caeleste
806 4198 1105 4249 responsum
1149 4182 1310 4245 dedit,
1330 4179 1568 4235 Sanctus
1609 4193 1939 4246 sanctorum,
1966 4181 2021 4236 id

462 4284 548 4328 est
603 4274 875 4338 Salvator,
913 4274 1265 4345 significetur.
1316 4273 1447 4327 Nam
1484 4274 1583 4328 hoc
1611 4276 1772 4328 etiam
1805 4275 2023 4329 nomine

464 4380 661 4421 arcano
687 4379 848 4421 sensu
897 4367 1062 4420 multa
1099 4382 1219 4420 cum
1252 4366 1492 4435 emphasi
1533 4381 1597 4421 ac
1643 4366 1819 4421 divina
1874 4364 2023 4420 Scri-

2105 1910 2251 1963 καθά
2282 1927 2465 1980 φησιν,
2501 1910 2700 1975 οἰάκων
2733 1909 2973 1980 ἔχεσθαι,
3014 1911 3120 1981 ὅτῳ
3152 1906 3549 1979 κυϐερνητικῆς
3570 1906 3640 1973 οὐχ

2106 1999 2330 2054 ὕπεστιν
2355 2016 2366 2028 ·
2399 1999 2540 2053 οῦτω
2573 2000 2808 2070 χαλεπὸν
2844 2000 2938 2054 καὶ
2977 1999 3270 2059 διδάσκειν,
3312 1999 3422 2067 ὅτῳ
3451 1998 3483 2065 ἡ
3514 1996 3639 2064 χάρις

2104 2093 2198 2146 τοῦ
2228 2091 2371 2145 θείου
2410 2090 2748 2160 Πνεύματος,
2783 2092 2817 2161 ἡ
2850 2089 2959 2143 τῶν
2988 2087 3292 2161 ἀνθρώπων
3336 2088 3434 2139 σὺν
3458 2085 3528 2154 τῷ
3560 2084 3633 2134 ila-

2105 2183 2193 2256 τρὶ
2228 2184 2321 2235 καὶ
2356 2180 2434 2251 τῷ
2459 2181 2572 2251 Υίῶ
2602 2178 2939 2250 ἐργαζομένη
2972 2179 3069 2249 τὴν
3112 2177 3411 2248 σωτηρίαν,
3443 2174 3500 2227 ού
3529 2173 3637 2240 πάρ-

2106 2293 2273 2338 εστιν,
2320 2272 2443 2327 οῦτε
2491 2272 2639 2326 ἐστὶν
2678 2273 2737 2325 τὸ
2777 2272 2972 2325 εἰδέναι
3024 2271 3120 2343 τὴν
3160 2272 3257 2324 καὶ
3306 2271 3364 2323 ὲν
3396 2269 3501 2330 τοῖς
3535 2266 3639 2317 αἰνί-

2106 2384 2308 2439 γμασιν
2342 2366 2449 2419 τῶν
2484 2365 2682 2434 λογίων
2729 2362 3122 2434 εύρισκομένην
3146 2362 3231 2434 [91
3273 2360 3334 2434 a]
3363 2357 3635 2427 ἀσφάλειαν.

2107 2458 2202 2511 καὶ
2229 2457 2327 2528 τὴν
2358 2455 2463 2509 ἀπὸ
2499 2455 2597 2525 τῆς
2626 2456 2934 2524 ἐπιστήμης
2969 2452 3075 2505 τῶν
3109 2452 3321 2504 πιστῶν
3352 2447 3547 2517 ἀνδρῶν
3575 2444 3636 2495 δι·

2106 2549 2334 2621 δομένην
2367 2548 2659 2619 ἀπόκρισιν
2687 2563 2701 2576 ο
2736 2546 2831 2599 καὶ
2863 2546 2969 2613 ὅτῳ
3000 2544 3304 2616 ἐριστικῆς,
3349 2542 3441 2595 καί
3473 2537 3634 2593 ἀντιλο-

2108 2641 2291 2711 γικῆς,
2346 2639 2439 2693 καὶ
2488 2637 2737 2707 ποικίλης
2803 2636 3183 2706 προαιρέσεως
3241 2634 3371 2687 ἄνευ
3419 2632 3512 2683 οὐκ
3550 2628 3637 2679 ἐστι

2108 2733 2264 2801 λόγου
2300 2728 2566 2803 προφορὼ
2598 2723 2729 2781 Οἶδα
2764 2726 2821 2780 δὲ
2859 2724 3062 2794 σαφῶς,
3096 2718 3141 2777 ὦ
3166 2723 3468 2793 εὐδόκιμοι,
3496 2718 3570 2771 καὶ
3591 2715 3634 2766 τὸ

2108 2822 2356 2894 οὐράνιον
2383 2820 2499 2888 φῶς
2529 2817 2903 2879 κατοικοῦντες
2933 2815 3150 2884 ἄγγελοι
3178 2812 3271 2867 τοῦ
3306 2811 3462 2877 Θεοῦ,
3487 2811 3634 2873 ὅτιπερ

2110 2914 2295 2983 ὑμεῖς,
2320 2911 2393 2975 ὼς
2430 2910 2709 2980 ἄμεμπτοι
2744 2908 2839 2962 κα)⁵
2877 2907 3099 2962 τέλειοι.
3131 2905 3227 2957 οὐκ
3257 2901 3541 2975 ἠχθέσθητε
3567 2895 3633 2947 ἐπὶ

2110 3005 2221 3066 τοῖς
2249 3001 2486 3071 λεχθεῖσι
2511 2999 2637 3069 παρ’
2661 2997 2816 3069 ἐμοῦ,
2872 2998 3033 3050 ἕνεκα
3058 2996 3165 3049 τῶν
3194 2995 3342 3048 κατὰ
3369 2992 3463 3064 τὴν
3490 2989 3633 3059 φύσιν,

2112 3098 2172 3150 οὐ
2202 3094 2343 3148 κατὰ
2382 3093 2443 3146 τὸ
2471 3091 2753 3145 ἐπαινετὸν
2781 3094 2876 3161 τῆς
2903 3088 3147 3160 γνώμης,
3179 3088 3382 3158 ὁμοίιον
3413 3086 3527 3154 ὑμῖν
3562 3080 3634 3143 ὰγο

2113 3187 2283 3257 γέλων
2307 3202 2321 3217 ο
2362 3178 2442 3248 οἷς
2474 3183 2533 3251 ἐξ
2579 3182 2753 3254 ἀρχῆς
2810 3181 3013 3252 μέμψις
3058 3176 3541 3250 παρηκολούθησεν,
3578 3168 3632 3228 ὡς

2116 3280 2209 3334 κα).
2238 3278 2549 3349 αἱρετικοῖς,
2572 3278 2683 3338 τοῖς
2708 3276 2787 3338 είς
2816 3273 2978 3344 μέσον
3003 3273 3245 3340 ἄγουσιν,
3271 3272 3349 3333 ῶς
3370 3269 3463 3322 οὐκ
3488 3260 3631 3349 ὲχρῇξδ.

2114 3368 2182 3422 τὰ
2214 3348 2339 3438 ἄρτι
2376 3363 2815 3437 μνημονευθέντα
2834 3379 2849 3392 ⁸
2873 3363 3065 3424 οἵτινες
3097 3360 3224 3430 ὑμῖν
3250 3359 3480 3430 μάλιστα
3507 3348 3629 3405 ἀπεί-

2117 3458 2267 3514 θανοί
2308 3475 2453 3521 τινες
2482 3456 2615 3528 πρὸς
2642 3455 2733 3508 τδν
2762 3453 2906 3507 κατὰ
2937 3454 3035 3523 τῆς
3063 3452 3320 3522 ἀληθείας
3346 3447 3517 3517 ἀγῶνα
3542 3438 3631 3509 φαί-

2116 3566 2316 3605 νονται.
2378 3549 2436 3601 '0
2482 3547 2592 3618 γὰρ
2640 3546 2796 3614 λόγος
2841 3544 2930 3616 μοί
2962 3546 3113 3597 ἐστιν
3162 3542 3305 3613 ὑπὲρ
3358 3538 3447 3592 τοῦ
3489 3528 3629 3587 Baiae}

2117 3641 2455 3713 Πνεύματος,
2495 3639 2588 3694 τοῦ
2629 3638 2948 3709 φωτίζοντος
2975 3635 3211 3697 ἅπαντα,
3245 3635 3341 3687 καὶ
3373 3631 3629 3713 φιλοτιμηυξ

2123 3709 2284 3805 μένου
2319 3733 2387 3787 τὰ
2421 3731 2577 3786 θεῖκὰ
2622 3732 2733 3793 τοῖς
2766 3728 3024 3800 κτίσμασι
3046 3742 3061 3757 °
3097 3726 3189 3779 τοῦ
3221 3725 3430 3796 Πατρὸς
3459 3718 3536 3772 καὶ
3560 3709 3628 3805 τοῦ

2118 3802 2453 3893 Μονογενοῦς
2495 3821 2657 3875 αὑτοῦ
2709 3820 3015 3891 ἐφάμιλλα,
3073 3818 3165 3871 τοῦ
3218 3818 3524 3885 ἀγιάσαντος
3563 3802 3629 3857 καὶ

2120 3918 2284 3989 ὑμᾶς,
2315 3916 2409 3970 καὶ
2445 3913 2895 3983 συνδοξαζομένου
2932 3912 3059 3983 παρ’
3100 3910 3275 3982 ὑμῶν,
3314 3910 3423 3979 ἅμα
3454 3902 3521 3973 τῷ
3546 3898 3626 3950 Πα-

2118 3988 2208 4082 τρὶ
2229 4050 2246 4075 ,
2271 4008 2364 4062 καὶ
2396 4007 2473 4078 τῷ
2511 4006 2647 4078 Υίῷ,
2695 4005 2783 4059 διὰ
2818 4003 2912 4057 τοῦ
2952 4002 3235 4074 τρισαγίου
3270 4002 3437 4055 αἴνου.
3465 3988 3626 4082 Μᾶλλιξκ

2119 4102 2177 4155 δὲ
2212 4100 2303 4156 καὶ
2335 4098 2796 4161 συνεπενεύσατε,
2846 4097 3070 4167 Πνεῦμα
3112 4094 3267 4147 τοῦτο
3316 4094 3411 4164 τῆς
3450 4078 3623 4140 ὑποστά-

2124 4210 2261 4257 σεως
2299 4190 2392 4245 τοῦ
2421 4189 2557 4244 Θεοῦ
2598 4189 2677 4252 ἒν,
2707 4189 2800 4242 καὶ
2832 4189 3011 4258 μόνον,
3063 4187 3159 4240 καὶ
3208 4185 3338 4238 Θεὸν
3370 4171 3625 4245 ἀνευφημή“

2124 4283 2275 4339 σαντί
2317 4300 2437 4354 μοι·
2475 4283 2570 4335 καὶ
2606 4279 2895 4333 ἐϐούλεσθε
2931 4280 2995 4332 ἂν
3035 4280 3175 4347 τάχα
3203 4260 3627 4354 (πανηγυρίξῗὲ

2126 4386 2217 4441 μοι
2264 4344 2330 4421 ὲν·
2364 4366 2443 4437 τῷ
2486 4366 2640 4437 μέρει
2671 4365 2844 4435 τούτῳ
2885 4364 2945 4416 τὸ
2987 4344 3235 4433 βιϐλίον),
3276 4344 3625 4441 adempti-01"?

463 4466 695 4525 pturam,
720 4456 813 4511 ubi
840 4458 907 4512 de
936 4471 1003 4511 eo
1027 4456 1285 4524 loquitur,
1319 4472 1468 4511 usam
1488 4472 1607 4511 esse
1628 4467 1863 4521 constat,
1894 4471 1991 4527 pro

2122 4438 2331 4523 εὐνοίας
2382 4458 2553 4528 ὑμῶν,
2588 4457 2686 4526 τῆς
2730 4454 2857 4526 περὶ
2890 4454 2988 4525 τὴν
3034 4452 3236 4522 σεπτὴν
3276 4451 3369 4503 καὶ
3407 4438 3626 4528 opacum?»

463 4559 645 4618 pterea
705 4551 830 4619 quia
883 4550 929 4603 is
988 4550 1045 4603 in
1093 4548 1485 4612 incarnatione,
1548 4560 1813 4617 quatenus
1852 4547 2021 4603 Filius

465 4640 718 4711 Verbum,
772 4650 1054 4713 paternam
1106 4641 1438 4697 voluntatem
1489 4639 1735 4711 ἢγγειλε,
1777 4642 1877 4696 hoc
1914 4650 2019 4706 est,

463 4736 807 4788 annuntiavit.
847 4731 957 4788 Nec
1005 4733 1148 4788 enim
1193 4724 1337 4786 dixit.
1384 4734 1732 4797 nominatim,
1786 4743 1846 4787 ut
1884 4732 2024 4787 solet

464 4831 676 4893 dicere,
713 4828 1235 4893 Micliacl,'Gabriel.
1271 4841 1368 4881 nec
1402 4836 1606 4881 certum
1648 4827 1790 4881 aliud
1832 4825 2021 4894 hujus-

466 4920 609 4976 modi
648 4935 841 4975 nomen
902 4919 1163 4975 adhibuit.
1203 4918 1469 4986 Quidnam
1511 4934 1641 4987 ergo
1699 4919 1751 4973 in
1776 4919 2024 4974 onmibus

467 5013 728 5066 doctrinis
814 5012 1013 5065 nostris
1088 5011 1290 5066 merito
1372 5010 1648 5064 criminari
1737 5010 1857 5079 quis
1929 5024 2022 5081 po-

538 5165 646 5233 (80)
688 5164 753 5218 In
787 5168 923 5218 hunc
967 5165 1203 5218 modum.
1230 5163 1418 5217 Codex
1480 5162 1721 5226 τοιῶσδε.
1758 5178 1860 5217 non
1896 5176 2025 5215 νυνι)

467 5233 713 5303 τοιώσδε,
745 5235 821 5288 Ita
855 5235 979 5287 alibi
1028 5236 1187 5288 habet
1210 5234 1409 5303 τοιῇδε,
1438 5234 1647 5303 τοιῷδε,
1694 5246 1799 5286 etc.
1847 5233 2021 5287 Simili

470 5307 629 5357 modo
651 5302 941 5373 IEschylns
974 5304 1127 5373 initio
1156 5304 1449 5357 Promethei
1477 5302 1631 5373 vincti
1667 5303 1825 5357 habet
1850 5304 2022 5367 τοιᾶς,

467 5383 521 5428 et
550 5386 688 5427 vers.
720 5372 847 5437 ‘257,
876 5372 1120 5433 τοιῶσδε,
1149 5385 1200 5425 et
1234 5373 1427 5426 similia
1456 5372 1605 5427 alibi.

539 5442 649 5512 (81)
691 5442 1019 5511 Mysterium.
1050 5442 1259 5495 Coloss.
1287 5457 1325 5503 t,
1356 5442 1445 5495 ‘26.
1477 5442 1662 5495 Gra‘ca
1684 5442 1847 5496 editio
1874 5440 2029 5512 paulo

467 5511 657 5576 aliter,
687 5514 873 5565 eodem
917 5522 1089 5565 tamen
1117 5525 1295 5563 sensu.
1334 5512 1465 5565 Vide
1496 5528 1664 5579 segni.
1704 5511 1804 5564 160
1834 5511 1887 5566 a.

541 5582 652 5649 (δῆ.)
693 5581 865 5634 Hisce.
897 5582 1077 5649 Codex
1109 5583 1219 5642 τοῖς
1244 5579 1296 5631 δέ
1317 5618 1331 5641 ,
1370 5596 1464 5647 pro
1498 5580 1689 5634 τοῖσδε.

541 5646 652 5721 (85)
692 5648 757 5721 in
796 5666 931 5721 qutr.
978 5646 1034 5704 In
1070 5650 1241 5721 prima
1274 5646 1417 5721 Petr.
1450 5666 1494 5721 ii,
1529 5651 1615 5704 12.
1664 5648 1795 5705 Vide
1824 5660 1933 5706 net.
1968 5651 2026 5716 5,

468 5736 592 5791 pag.
638 5720 768 5791 £69,
805 5720 859 5775 et
892 5735 1011 5790 quat
1059 5720 1313 5791 Didymus
1374 5720 1535 5791 habet
1578 5724 1920 5778 enarratione
1972 5725 2028 5776 in

474 5787 693 5859 primum
726 5787 871 5854 Petri
900 5787 967 5848 ad
1001 5787 1515 5848 hunc—versiculum.

2126 4552 2359 4626 Τριάδα»
2400 4524 2654 4621 δμέτερά-
2688 4565 2747 4601 τε
2804 4524 2954 4600 εἶναι
2995 4548 3214 4617 ῥήματα
3251 4543 3317 4595 τὰ
3358 4546 3418 4596 ὲκ
3551 4524 3624 4623 τῷ)

2127 4624 2358 4715 Γραφῶν
2411 4638 2647 4702 διανοίας
2696 4638 2953 4708 λεχθέντα
3004 4635 3155 4707 παρὰ
3178 4634 3400 4697 πολλῶν,
3448 4624 3525 4680 καὶ

2128 4707 2437 4805 παρ’-ἐμοῦ,
2478 4730 2573 4783 κα)⁵
2621 4707 2890 4800 μηδέποτε
2927 4726 3135 4797 σιωπὴν
3159 4725 3363 4788 τούτοις
3400 4707 3627 4805 ὲπιῦληθῇ·

2129 4797 2249 4889 ναί,
2281 4797 2374 4876 καὶ
2419 4797 2634 4884 πάντας.
2670 4797 2728 4873 δὲ
2778 4820 2903 4883 τοὺς
2952 4818 3268 4889 ἀνθρώπους
3295 4819 3390 4887 τὴν
3428 4810 3518 4866 ἀπὸ
3552 4797 3628 4852 τῶν

2129 4915 2470 4987 πραγμάτων
2504 4912 2699 4984 σχολὴν
2748 4911 2986 4981 δαπανᾷν
3012 4913 3092 4973 εἰς
3124 4908 3379 4962 ὑπόθεσιν
3412 4893 3623 4987 totum?“

2130 5005 2430 5078 Τοιγαροῦν
2462 5003 2551 5058 διὰ
2580 5003 2758 5068 τοῦτο,
2801 5003 2980 5074 κρίσει
3014 5004 3082 5072 τῇ
3124 4999 3429 5071 ὑπερτάτη.
3458 4991 3512 5043 σὺ
3543 4980 3626 5052 Pb“

2204 5161 2318 5229 (84)
2364 5159 2651 5214 Haberent.
2691 5158 2897 5220 Codex,
2929 5157 3071 5229 ἔχον.
3104 5156 3244 5227 Lego
3282 5150 3436 5225 εἶχον.

2352 5211 2560 5322 gain".
2592 5211 3154 5322 ϐι›(18ξ,τῆχιᾶλιλωί.
3178 5211 3371 5296 "Lego",

2207 5274 2318 5370 (ξιξ)
2345 5274 2431 5353 ἐῷ
2443 5274 3424 5370 ἷᾶίιίικῖιπξῖῖοέίῖίὺῗῖᾗῖὲιλῖῗι-υἶη.
3446 5274 3623 5370 ηειξῇ

2341 5352 2614 5442 éobrtoxii.
2673 5352 2854 5442 Totus"
2863 5352 2966 5422 hic
3006 5352 3157 5442 locus
3203 5366 3358 5442 paulo
3396 5352 3626 5431 perplexim

2135 5435 2537 5498 estin'Gneco.
2567 5438 2723 5492 Deest
2755 5435 2985 5491 fortasse
3018 5437 3196 5503 aliqua
3232 5436 3408 5489 dictio.

2233 5511 2323 5579 88)
2362 5506 2420 5579 δί
2446 5509 2607 5564 enim.
2650 5507 2991 5579 In_secunda_
3012 5505 3253 5579 l‘etr._tt,
3280 5503 3334 5557 4.

2233 5512 2323 5579 88)
2362 5512 2420 5561 Si
2446 5512 2607 5564 enim.
2650 5512 2705 5560 In
2749 5512 2979 5559 secunda
3013 5512 3157 5559 l‘etr.
3194 5520 3253 5566 ιι,
3280 5512 3334 5557 4.

2209 5512 2322 5650 (89)
2363 5578 2667 5650 ξεὶειιιίαηι.
2697 5576 2874 5650 Codex
2898 5576 3142 5650 ,γείσασιι
3170 5574 3331 5650 Lego,
3357 5573 3550 5650 ἴσασι;εΔε
3571 5616 3600 5650 Α

2360 5646 2604 5701 Conversi
2630 5647 2774 5699 estis.
2818 5631 3027 5698 Ludere
3061 5631 3275 5718 videtur
3312 5631 3360 5696 in
3394 5631 3622 5718 duplifiﬂ‘

2133 5712 2476 5793 gniticatione
2508 5731 2692 5773 vocum
2724 5714 3144 5787 κατηγορεῖσθαι
3181 5724 3235 5772 et
3275 5712 3554 5780 κατηγοριαο

2505 5884 2567 5901 ,Αμέ
