3676 6302
125 342 229 397 589

1144 340 1230 394 DE
1269 338 1639 395 TRINITATE
1680 336 1880 393 ιιΒΕιι
1923 337 2301 394 SECUNDUS.

3250 357 3355 415 590

122 451 169 512 ὧ
209 458 334 526 ἅγιε
388 456 626 528 Μιχαὴλ,
677 458 866 529 ἄρχειν
906 456 1015 510 τῶν
1070 458 1375 528 ἀσωμάτων
1426 475 1574 528 σ-ιτρα¹

1931 458 1954 510 ?
2022 468 2114 512 aut
2173 462 2302 530 quid
2368 472 2469 528 est,
2528 465 2582 519 in
2643 482 2750 536 quo
2809 470 3228 532 orthodoxorum
3294 480 3359 536 li-

124 550 566 621 προεχειρίσθης,
616 551 711 603 καὶ
753 550 899 623 ζώνῃ
931 545 1043 604 οἷον
1072 550 1356 622 νοερᾷ[91
1408 550 1461 622 b]
1506 552 1696 621 ἐτιμή-

126 642 246 714 θης,
281 642 378 696 καὶ
401 642 596 696 εὐωδία
631 660 714 706 τις
747 644 845 713 τῆς
874 642 1089 697 πάντων
1126 643 1492 714 δεσποζοῦσης
1524 660 1698 696 πανα-

124 735 256 803 γοῦς
309 736 408 788 καὶ
455 735 796 806 οίκτίρμονος
827 735 1054 806 Τριάδος
1106 735 1391 806 ὑπάρχεις·
1430 736 1493 788 σὺ
1524 735 1612 798 δὲ,
1653 728 1697 787 ὧ

126 828 249 894 ἆγιε
308 827 587 898 Γαϐριὴλ,
648 826 1067 897 διακονήσασθαι
1124 826 1203 896 τῷ
1253 826 1535 899 μυστηρίῳ
1599 827 1698 897 τῆς

122 916 409 988 ἀφράστου
437 917 766 988 οἰκονομίας,
797 917 872 987 ᾡς
900 918 1167 988 ὲχέμυθος
1207 920 1301 971 καὶ
1344 917 1553 981 πιστὸς,
1580 917 1697 984 ἐξε-

122 1008 313 1079 λέγης*
342 1010 503 1073 ἄλλος
531 1010 587 1063 δὲ
613 1009 775 1079 ἄλλῳ,
800 1009 925 1062 οὐδὲ
964 1009 1216 1079 αἰτήσας,
1258 1008 1518 1079 θεοσδότῳ
1544 1008 1701 1078 χαρί-

126 1118 298 1169 σματι
317 1102 611 1171 τετίμηται
630 1142 645 1164 ,
670 1102 769 1171 οἴῳ
797 1102 870 1172 μὴ
901 1102 997 1155 καὶ
1021 1102 1220 1173 ἕτεροι,
1244 1103 1339 1155 καὶ
1370 1103 1467 1172 οἴῳ
1500 1101 1574 1171 μὴ
1608 1100 1702 1154 καὶ

124 1193 328 1261 ἡμεῖς·
355 1192 495 1248 ἀλλά
519 1193 615 1246 καὶ
644 1194 805 1261 ἡμεῖς
828 1232 843 1255 ,
877 1194 976 1261 οἴῳ
1018 1192 1091 1263 μὴ
1131 1194 1223 1247 καὶ
1261 1193 1436 1264 ὑμεῖς.
1494 1195 1555 1247 Ὀ
1592 1193 1702 1265 γὰρ

122 1281 259 1343 Θεὸς
299 1282 512 1349 Λόγος,
558 1283 621 1336 οὐ
672 1282 761 1336 διὰ
802 1282 927 1346 τοὺς
970 1284 1391 1355 ἁμαρτήσαντας
1439 1283 1702 1352 ἀγγέλους

123 1372 388 1440 ἄγγελος,
431 1372 566 1426 ἀλλὰ
598 1373 685 1427 διὰ
722 1374 848 1437 τούς
886 1375 943 1427 ὲν
980 1374 1225 1446 ἁμαρτίᾳ
1253 1374 1570 1446 ἀνθρώπους
1611 1374 1705 1428 ἀν-

122 1461 374 1530 θρωπος,
401 1463 690 1533 ἄτρεπτος,
719 1464 1037 1535 ἀσυγχύτως
1057 1506 1069 1527 ,
1095 1467 1513 1539 ἀναμαρτήτως,
1534 1469 1706 1540 ἀφρά-

127 1568 295 1614 στως,
318 1551 399 1615 ὡς
435 1549 544 1606 οἶδε
569 1555 661 1606 καὶ⁵
690 1555 990 1627 ἠϐουλήθη,
1027 1558 1092 1610 ὲκ
1131 1557 1232 1628 τῆς
1260 1558 1535 1629 Παρθένου
1558 1600 1573 1623 ,
1611 1561 1706 1613 καὶ

122 1644 271 1698 κατά
304 1644 406 1716 τὴν
449 1645 627 1716 σάρκα
669 1647 837 1716 αὐτῆς
882 1648 975 1701 καὶ
1015 1649 1232 1704 πάντων
1260 1650 1416 1721 ἡμῶν
1468 1652 1703 1719 ἐγένετο,

125 1735 326 1805 μείνας
387 1736 421 1787 ὅ
461 1732 550 1806 ἦν.
596 1737 688 1790 καὶ
725 1738 862 1802 ἔστι,
903 1738 995 1793 καί
1054 1739 1225 1804 ἔσται,
1266 1736 1346 1804 εἷς
1392 1742 1485 1795 καὶ⁵
1532 1743 1561 1794 ὁ
1610 1744 1703 1796 αὐ-

121 1796 238 1884 τρς.
342 1820 443 1890 EE;
481 1796 607 1898 γὰρ,
675 1796 859 1898 φησὶν,
920 1829 1091 1897 ἅγιος,
1137 1796 1223 1895 εἷς
1254 1796 1455 1903 Κῦριος
1506 1834 1709 1904 Ἰησοῦς
1741 1796 1780 1850 Β

122 1918 413 1988 Χριστὸς,
465 1920 544 1982 είς
600 1918 757 1985 δόξαν
814 1920 945 1973 Θεοῦ
1006 1923 1234 1994 Πατρός.
1276 1943 1294 1975 ι
1342 1925 1452 1978 Καὶ
1499 1926 1707 1990 οὕτως,

120 2009 196 2071 ὡς
221 2009 341 2062 ἀπὸ
363 2010 472 2079 γῆς
493 2012 572 2072 εἰς
594 2010 854 2082 οὐρανοὺς
878 2012 1063 2084 ἀνέϐη,
1091 2014 1211 2083 ἥξει
1232 2015 1291 2067 τὸ
1314 2015 1582 2087 δεύτερον,
1606 2018 1713 2071 δια-

121 2102 481 2171 κονουμένων
530 2102 678 2173 αὐτῷ
726 2104 1030 2172 ἀγγελικιῖΝ
1073 2107 1375 2177 εὐδοκίμων
1420 2109 1711 2178 φαλάγγων

127 2194 351 2266 μυρίων
378 2196 676 2267 μυριάδων,
700 2198 795 2250 καὶ
810 2197 891 2250 ἔτι
913 2198 1006 2251 καὶ
1031 2202 1208 2269 κρινεῖ
1229 2202 1323 2253 καὶ
1344 2203 1554 2273 ποιήσει
1572 2203 1713 2256 κατά

122 2288 223 2357 τὴν
255 2286 675 2358 φιλανθρωπίαν
708 2288 894 2343 αὐτοῦ.
924 2289 1015 2342 Διὸ
1042 2291 1179 2360 μετά
1217 2290 1315 2354 τάς
1367 2293 1709 2364 Ἐκκλησίαςς

122 2379 219 2432 καὶ
241 2375 393 2432 οἴκοι
418 2378 697 2450 εὐκτήριοι
719 2378 797 2450 τῷ
836 2378 976 2451 Θεῷ,
1020 2380 1120 2452 τῆς
1158 2383 1530 2454 προσηγορίας
1561 2383 1713 2454 ὑμῶν

123 2472 445 2543 ἐπώνυμοι,
472 2466 519 2525 ὦ
546 2472 836 2542 εὐάρεστος
861 2470 1093 2543 ξυνωρὶς
1120 2473 1496 2544 ἀρχαγγέλων,
1529 2474 1626 2527 οὐκ
1656 2475 1714 2527 ἐν

129 2566 331 2633 μόναις
374 2566 501 2627 ταῖς
537 2562 774 2628 πόλεσιν,
818 2563 955 2617 ἀλλά
993 2564 1089 2617 καὶ
1125 2567 1416 2628 στενωποῖς
1450 2565 1556 2636 ἰδία
1578 2606 1592 2629 ,
1622 2566 1715 2619 καὶ

118 2657 357 2720 οἰκίαις,
392 2658 489 2709 καὶ
510 2658 703 2727 ἀγροῖς
736 2655 1084 2726 ίδρύσθησαν,
1111 2658 1318 2727 χρυσῷ,
1343 2658 1437 2711 καὶ
1462 2658 1713 2729 ἀργύρῳ,

126 2744 158 2813 ἢ
191 2745 299 2797 καὶ
337 2744 597 2810 ἐλέφαντι
640 2743 1005 2814 κοσμηθέντες
1027 2761 1043 2776 ο
1078 2744 1221 2799 ίασίν
1261 2762 1320 2799 τε
1359 2748 1408 2799 οί
1442 2747 1716 2819 ἄνθρωποι

126 2839 220 2891 καὶ
265 2838 357 2902 είς
401 2835 476 2889 τά
514 2835 784 2909 ἀπωτέρω
824 2837 921 2908 τῆς
962 2838 1331 2909 ἐνεγκαμένης
1370 2841 1567 2904 αὐτοὺς
1609 2859 1716 2911 χω-

1798 547 1961 610 dein,
2025 550 2170 604 nulla
2230 566 2295 604 rx
2364 562 2518 622 parte
2553 557 2947 614 emendationis
2997 562 3360 639 indigentem,

1797 654 2055 695 accusare
2102 644 2223 711 quis
2257 648 2465 710 possit?
2502 648 2780 714 Quomodo
2815 662 2994 708 autem
3034 659 3357 714 credendum

1799 746 1903 785 non
1940 734 2065 799 erit,
2138 734 2403 804 Spiritum
2468 740 2686 808 quidem
2745 753 2991 798 sant-tum
3052 759 3107 800 ut
3158 748 3356 819 Regem

1800 822 1914 877 sive
1936 833 1993 877 ut
2017 825 2206 887 Deum,
2247 828 2465 896 angelos
2497 845 2625 884 vero
2668 843 2726 885 ut
2762 833 3125 901 administros,
3163 840 3275 894 sive
3304 850 3361 894 ut

1799 910 2054 976 famulos,
2089 916 2527 974 chrematizare?
2558 920 2710 976 Sicut
2745 938 2873 993 ergo
2904 926 3113 982 dillicile
3167 942 3269 995 est,
3301 944 3361 987 ut

1805 1004 1966 1075 199
1993 1006 2175 1071 aiunt,
2221 1018 2279 1060 ut
2322 1010 2677 1078 gubernacula
2724 1025 2898 1071 teneat
2946 1020 2991 1073 is
3039 1021 3126 1087 qui
3170 1025 3364 1090 guber-

1802 1098 1963 1151 nandi
1995 1109 2111 1154 arte
2154 1109 2341 1155 caret:
2376 1102 2448 1157 ita
2489 1104 2700 1159 dillicile
2742 1116 2825 1161 est
2868 1118 2925 1163 ut
2972 1111 3017 1165 is
3048 1114 3235 1169 doceat
3277 1119 3361 1171 cui

1803 1188 1966 1242 divini
2015 1189 2248 1259 Spiritus
2280 1196 2470 1261 gratia,
2513 1212 2631 1264 quae
2670 1198 2943 1255 hominum
2988 1204 3215 1260 salutem
3258 1224 3362 1264 una

1804 1292 1921 1330 cum
1955 1277 2119 1333 Patre
2148 1292 2203 1334 et
2233 1280 2367 1335 Filio
2391 1294 2662 1351 operatur,
2692 1303 2797 1342 non
2829 1294 3013 1358 adest;
3040 1302 3094 1348 et
3124 1297 3204 1350 cui
3232 1313 3367 1368 prae-

1807 1378 1955 1423 terea
1985 1385 2310 1440 cognoscere
2351 1389 2453 1427 non
2484 1375 2642 1431 datur
2671 1378 2836 1443 illam,
2878 1397 2995 1449 qua:
3024 1384 3107 1437 vel
3148 1385 3198 1441 in
3240 1388 3366 1457 ipsis

1805 1460 2106 1514 divinorum
2146 1463 2486 1519 oraculorum
2515 1467 2886 1537 aenigmatibus
2920 1474 3210 1541 invenitur,
3249 1494 3367 1532 ccr-

1806 1558 1913 1604 tam
1940 1554 2260 1607 sententiam
2289 1565 2449 1624 atque
2480 1557 2993 1629 interpretationem,
3017 1575 3070 1620 et
3091 1582 3229 1632 eam,
3251 1584 3369 1638 qua:

1806 1660 1871 1699 ex
1916 1646 2144 1700 scientia
2191 1647 2424 1702 ﬁdelium
2464 1650 2699 1705 virorum
2739 1654 3027 1723 profertur,
3062 1661 3367 1729 responsio-

1809 1749 1964 1801 nem;
2013 1737 2102 1805 qui
2165 1737 2377 1791 demum
2432 1738 2550 1794 sine
2593 1744 2948 1798 contendendi
2996 1755 3051 1800 et
3097 1751 3371 1804 contradio

1809 1825 1959 1879 cendi
1997 1825 2239 1892 libidine,
2278 1841 2343 1881 ac
2382 1828 2499 1881 sine
2535 1832 2770 1885 versutia
2817 1832 2959 1903 loqui
3000 1837 3190 1892 nescit.
3236 1838 3371 1896 Νοτί

1810 1929 1986 1970 autem
2032 1919 2252 1986 optime,
2283 1933 2316 1973 ο
2362 1920 2566 1992 inclyti,
2596 1936 2660 1976 ac
2704 1924 2977 1980 cmlestem
3010 1926 3180 1984 lucem
3218 1931 3371 1987 habi-

1814 2015 1989 2061 tantes
2017 2006 2189 2077 angeli
2220 2006 2337 2071 Dei,
2382 2007 2548 2065 iratos
2579 2012 2706 2065 mihi
2734 2027 2831 2067 vos
2866 2030 2973 2070 non
3019 2033 3158 2086 esse,
3191 2028 3375 2090 utpore

1812 2096 2308 2166 irreprehensibiles
2335 2114 2398 2155 ac
2428 2102 2713 2171 perfectos,
2747 2106 2815 2160 ob
2868 2120 2930 2162 ea
2965 2122 3082 2178 quae
3118 2124 3148 2165 a
3179 2127 3263 2167 me
3291 2113 3374 2167 di-

1812 2200 1897 2243 cta
1932 2201 2057 2244 sunt
2081 2190 2290 2247 illorum
2322 2194 2632 2262 angelorum
2667 2212 2851 2262 causa,
2884 2201 2976 2269 qui
3025 2211 3216 2257 natura
3255 2206 3376 2275 qui-

1812 2283 1934 2337 dem
1966 2284 2118 2338 vobis
2162 2285 2365 2339 similes
2396 2296 2541 2352 sunt,
2593 2287 2841 2345 laudabili
2887 2307 3014 2347 vero
3051 2304 3228 2351 mente
3267 2311 3375 2351 non

1814 2374 1974 2441 item;
2017 2376 2214 2445 quique
2247 2377 2315 2432 ab
2347 2377 2502 2433 initio
2530 2380 3001 2448 reprehensionem
3042 2396 3373 2456 meruerunt,

1814 2465 1952 2520 sicut
1976 2466 2212 2521 haeretici
2241 2468 2429 2533 etiam,
2473 2470 2562 2538 qui
2604 2486 2665 2526 ea
2704 2473 2759 2526 in
2806 2475 3039 2529 medium
3076 2476 3378 2537 inconsulte

1814 2556 2068 2625 all‘erunt,
2107 2574 2226 2627 quae
2273 2574 2444 2630 nuper
2475 2576 2891 2620 commemorata
2948 2577 3094 2634 sunt,
3137 2584 3378 2640 quosque

1816 2650 2047 2705 maxime
2100 2652 2341 2722 ineptos,
2407 2652 2475 2707 ad
2527 2664 2798 2712 certamen
2853 2666 3037 2714 contra
3094 2662 3376 2718 veritatem

1816 2743 2133 2810 ineundum,
2187 2760 2306 2800 esse
2354 2746 2694 2816 c0gnoscitis.
2730 2747 2859 2802 Mihi
2889 2749 3030 2804 enim
3080 2765 3257 2808 sermo
3294 2762 3380 2809 est

1817 2851 1915 2905 pro
1945 2836 2126 2891 divino
2160 2836 2386 2906 Spiritu,
2417 2838 2507 2907 qui
2550 2839 2731 2894 omnia
2764 2839 3058 2907 illuminat;
3087 2843 3177 2910 qui
3221 2856 3377 2899 crea-

131 2930 223 3000 ρία
255 2928 338 2983 τὰ
370 2928 567 2999 ἔχοντα
595 2922 704 2984 οἷον
757 2929 831 2992 ὡς
876 2931 1141 3001 πρυτάνια
1192 2932 1583 3002 ὲπιτευγμάτωι

1931 2942 1957 2981 s
1987 2926 2189 2992 divina,
2220 2942 2325 2983 non
2350 2943 2505 2984 secus
2539 2944 2601 2984 ac
2627 2932 2791 2983 Pater
2815 2939 2867 2985 et
2895 2928 3212 3001 Unigeuitus
3241 2934 3377 3004 ejus,

127 3023 409 3092 εὐκτήρια
445 3019 882 3091 προϐεϐλημένα,
906 3020 1011 3073 οὐκ
1031 3020 1314 3084 ὀκνοῦντες
1351 3022 1445 3075 καὶ
1485 3023 1579 3075 πέλ

1927 3021 2076 3089 gitur;
2105 3022 2192 3090 qui
2218 3037 2312 3077 vos
2340 3024 2502 3076 etiam
2534 3023 2916 3091 sanctiﬁcaiit;
2945 3026 3141 3095 quique
3171 3041 3199 3080 a
3231 3028 3379 3083 vobis

126 3111 441 3175 διαλαϐεῖν,
479 3110 547 3182 ἢν
572 3109 698 3174 δέοι,
725 3111 953 3183 μακρὸν,
990 3110 1082 3164 καὶ
1118 3111 1328 3166 πολλῶν
1354 3112 1549 3183 ἐφεξῆς
1576 3133 1578 3141 ί

1946 3114 2227 3182 trisagium
2258 3115 2513 3185 hymnum
2544 3132 2647 3170 una
2682 3132 2803 3172 cuni
2840 3117 3004 3172 Patre
3032 3130 3087 3174 et
3114 3119 3251 3175 Filio
3272 3122 3378 3191 glo-

130 3203 238 3272 ρῶν
274 3203 405 3257 ὁδὸν
436 3202 549 3255 ἐσθ’
582 3203 671 3256 ὅτε
699 3204 793 3257 καὶ
835 3203 1108 3275 ἀργαλέαν
1152 3204 1428 3270 ἐξανύσαι,
1477 3204 1552 3268 ὡς
1600 3223 1718 3259 πει-

131 3294 511 3365 ραθησόμενοι
540 3293 780 3357 πλείονος
811 3294 1021 3357 εὐνοίας
1040 3294 1137 3364 μὲν
1160 3296 1259 3366 τῆς
1277 3297 1405 3366 περὶ
1428 3296 1526 3369 τὴν
1550 3314 1719 3368 πρεσ-

128 3385 284 3439 ϐείαν
310 3385 426 3438 ἀπὺ
456 3385 629 3455 ὑμῶν,
668 3386 957 3455 μετουσίας
995 3386 1049 3439 δὲ
1078 3388 1176 3458 τῆς
1204 3388 1312 3441 τῶν
1342 3388 1721 3460 φιλοτιμουμέ-

130 3497 231 3532 νων
269 3478 424 3549 ὑπὲρ
464 3478 559 3531 τοῦ
612 3474 671 3532 εὖ
703 3478 797 3550 [92
822 3478 878 3551 a]
940 3479 1158 3547 ἀγαθῶν
1204 3480 1356 3552 παρά
1413 3479 1507 3533 τοῦ
1560 3479 1715 3533 Θεοῦ.

142 3570 229 3623 Ἕν
282 3570 399 3640 γὰρ
455 3571 577 3633 ταῖς
625 3570 809 3637 ἁγίαις
864 3570 1029 3623 αὐτοῦ
1076 3571 1422 3642 ἐκκλησίαις,
1474 3571 1567 3624 καὶ
1610 3572 1721 3634 τοῖς

134 3663 480 3733 εὐκτηρίυις,
519 3662 613 3714 καὶ
648 3663 984 3734 μαρτυρίοις,
1019 3663 1092 3726 ὡς
1137 3664 1195 3716 ἐν
1228 3664 1407 3727 ἄλλοις
1452 3664 1719 3735 οὐρανοῖς,

134 3757 199 3808 τὰ
226 3756 575 3809 ἀνέκλειπτα
620 3753 785 3807 αὐτοῦ
823 3754 1129 3826 προῦθηκεν
1159 3756 1366 3825 ἀγαθά·
1409 3756 1501 3809 καὶ
1526 3757 1617 3824 ἀφ’
1647 3749 1722 3809 ὧν

138 3844 289 3910 αἶπος
328 3847 500 3911 αὐτὸς
541 3848 572 3900 ὁ
616 3847 877 3909 Βασιλεὺς
902 3847 1010 3899 τῶν
1046 3847 1453 3917 βασιλευόντων,
1486 3850 1578 3902 καὶ
1612 3848 1721 3900 Κῦ-

140 3955 249 4008 ριος
282 3938 398 3990 τῶν
428 3937 812 4006 κυριευόντων,
873 3936 1075 3991 δέδωκέ
1113 3955 1173 3990 τε
1213 3939 1305 3991 καὶ¹
1347 3938 1616 4010 ὁσημέραι
1644 3938 1724 3991 δί-

141 4031 299 4083 δωσιν
355 4030 639 4096 ἑκάστοις,
698 4030 807 4083 ἀπὸ
846 4030 1070 4095 τούτων,
1121 4031 1360 4095 εὐσεϐῶς
1412 4033 1506 4085 καὶ
1562 4032 1723 4095 ὁσίως

142 4122 633 4193 προσφερομένην,
691 4122 900 4191 δέχεται
958 4123 1289 4193 ἀναίμακτον
1354 4123 1574 4189 θυσίαν,
1634 4126 1725 4177 καὶ

144 4216 321 4267 πάντα
367 4214 488 4284 ἔχει
528 4214 599 4267 τά
628 4215 778 4286 παρά
800 4215 1101 4287 ἀνθρώπων
1131 4216 1288 4287 γέρα.
1321 4215 1545 4286 Νομίζω
1566 4217 1621 4270 δὲ
1644 4220 1724 4281 είς

145 4310 208 4359 τὰ
242 4306 387 4360 κατά
422 4305 736 4376 αἱρετικῶν,
767 4308 859 4361 καὶ
890 4310 968 4370 είς
1004 4307 1071 4360 τά
1120 4309 1245 4378 περὶ
1294 4308 1585 4376 θεολογίας,
1629 4310 1725 4362 καὶ

144 4401 207 4452 τὰ
240 4401 416 4467 ἄλογα
447 4398 587 4463 ζῶα,
620 4398 875 4468 μενοῦνγε
898 4401 1022 4462 τοὺς
1052 4400 1230 4463 λίθους
1256 4401 1470 4463 αὐτοὺς,
1495 4404 1558 4471 τῇ
1588 4418 1722 4472 προ-

148 4489 312 4561 θυμίᾳ
348 4489 801 4560 συμφθέγγεσθαι
844 4492 993 4561 ἡμῖν.
1032 4491 1095 4542 Τί
1128 4492 1235 4563 γὰρ
1278 4492 1337 4543 οὐ
1380 4494 1565 4545 ποιεῖὸ
1597 4493 1723 4564 περὶ

150 4581 275 4633 Θεὸν
306 4582 480 4653 ἕρως;
522 4580 556 4651 ἧ
590 4582 695 4634 τίνι
734 4584 1051 4653 παραχωρεῖ
1092 4582 1309 4653 φίλτρον
1362 4583 1559 4653 ἀληθὲς
1590 4600 1722 4654 καρ-

151 4670 290 4734 cling;
322 4674 473 4724 Ἴστε
506 4671 617 4740 γάρ
658 4672 777 4737 (σὺν
828 4672 947 4741 Θεῷ
979 4672 1035 4723 δὲ
1067 4673 1241 4725 πάντα
1275 4672 1553 4744 εἰρήσθω),
1582 4672 1723 4725 οὓτω

156 4764 266 4829 μεθ’
300 4764 460 4832 ὐμιῖιν
494 4779 555 4815 τε
589 4763 685 4814 καὶ
723 4763 830 4814 τῶν
864 4764 927 4815 ὲκ
960 4762 1056 4833 τῆς
1091 4763 1360 4835 ἡμετέρας
1388 4763 1600 4833 φύσεως
1631 4780 1725 4831 γε·

154 4851 380 4917 γονὸτων
406 4852 583 4917 ἁγίων
615 4851 1023 4920 πρεσϐευόντων
1058 4854 1417 4923 πεπραχέναι,
1451 4854 1525 4917 ὡς
1556 4854 1722 4924 μηδέ-

157 4960 219 4995 να
246 4962 351 5004 πω,
385 4944 553 5013 μέχρι
586 4944 679 4995 καὶ
716 4944 973 5015 τήμερον,
998 4940 1108 4997 οἷον
1152 4944 1307 5013 δίκην
1340 4945 1461 4997 τινά
1509 4963 1599 5015 μοι
1628 4945 1722 4997 καὶ

157 5036 491 5105 κακηγορίας
518 5034 734 5087 ἑλέσθαι
762 5034 946 5105 λαχεῖν
991 5036 1132 5106 ὑπὲρ
1185 5037 1338 5106 ὑμῶν
1380 5036 1487 5088 τῶν
1523 5037 1724 5107 ἡμετέ-

162 5142 261 5194 ρων
288 5126 596 5196 πρέσϐεων,
632 5124 739 5177 τῶν
774 5127 937 5195 τιμάς
964 5126 1059 5189 τάς
1100 5127 1234 5196 πρὸς
1257 5127 1317 5179 τὸ
1341 5128 1537 5198 μέτρον
1572 5127 1726 5198 ὑμῶν

163 5218 306 5285 παρὰ
334 5218 502 5270 πᾶσιν
546 5216 814 5286 ἐχόντων’
848 5218 982 5289 μηδὲ
1024 5219 1244 5289 ὀνόματι
1290 5219 1514 5271 καλέσαι
1546 5236 1613 5289 με
1642 5221 1722 5282 εἰς

164 5307 340 5373 ἀγῶνα
366 5309 456 5361 τὸν
479 5309 611 5379 mpl.
637 5307 849 5374 τούτου,
875 5310 970 5363 καὶ
989 5311 1187 5381 κρίσιν,
1215 5310 1388 5363 καίτοι
1407 5312 1727 5383 εὑρισκομέ-

166 5417 263 5449 νων
282 5400 390 5451 τῶν
414 5400 484 5452 τά
517 5401 594 5471 μὴ
626 5402 751 5454 ὄντα
774 5402 1219 5474 κατηγορούντων
1238 5418 1251 5433 ·
1282 5403 1418 5456 ἀλλά
1447 5404 1581 5474 μηδέ
1610 5420 1727 5457 τινα

168 5492 483 5560 πιραῆναι
532 5492 801 5561 διελέγξαι
840 5511 931 5563 με,
956 5494 1034 5557 ὡς
1085 5494 1205 5564 εἴην
1250 5493 1441 5561 λόγους
1491 5494 1730 5557 ἀκούσας

239 5649 350 5715 (91)
394 5648 628 5719 Legatus.
682 5648 948 5713 Lucianus
996 5664 1207 5718 quoque
1248 5648 1411 5719 verbo
1455 5647 1723 5700 διακονεῖ-

177 5717 295 5769 σθαι
335 5717 487 5773 simili
530 5722 642 5773 fere
673 5736 831 5773 sensu
868 5735 995 5773 usus
1022 5717 1233 5772 videtur
1279 5720 1330 5772 in
1373 5718 1608 5787 Dialogis
1644 5720 1727 5783 fa-

179 5790 369 5841 bulosis
389 5792 603 5855 selectis,
628 5791 847 5860 Dialogo
880 5804 939 5852 lt,
968 5806 1086 5860 pag.
1115 5789 1184 5844 66
1208 5808 1223 5856 ;
1253 5804 1373 5845 nam
1402 5787 1707 5843 Mercuriuv-

1821 3206 2081 3261 riticatur.
2130 3207 2234 3262 Sed
2279 3208 2409 3261 mihi
2453 3210 2630 3276 potius
2664 3208 2923 3278 Spiritum
2956 3211 3096 3267 hunc
3131 3214 3380 3284 hyposta-
3470 3212 3473 3215 ’

1819 3298 1893 3352 sis
1921 3297 2015 3351 Dei
2049 3314 2213 3352 unum
2263 3308 2319 3353 et
2363 3299 2557 3361 solum,
2599 3309 2652 3354 et
2690 3301 2852 3354 Deum
2895 3302 3216 3371 praedicandi
3253 3319 3381 3360 con-

1820 3390 2063 3445 sensistis
2094 3407 2110 3444 :
2139 3405 2202 3444 ac
2232 3390 2460 3445 fortasse
2492 3390 2561 3445 ob
2598 3391 2939 3447 immodicum
2981 3404 3221 3450 vestrum
3254 3414 3379 3467 erga

1819 3487 2104 3545 augustam
2160 3486 2212 3530 et
2253 3478 2760 3533 consubstantialem
2792 3478 3111 3537 Trinitatem
3143 3499 3379 3541 amore-tt

1816 3564 1975 3638 {mihi
2027 3574 2204 3619 autem
2250 3582 2400 3622 meus
2443 3566 2547 3622 hac
2588 3569 2638 3621 in
2677 3579 2829 3637 parte
2860 3570 2992 3626 liber
3029 3575 3380 3645 panegyricus

1821 3655 2022 3729 evadit]
2055 3666 2227 3710 vestra
2259 3672 2378 3713 esse
2420 3659 2624 3714 velletis
2666 3661 2849 3726 verba,
2893 3678 3010 3732 qua:
3042 3680 3107 3717 ex
3141 3662 3382 3735 Scriptu-

1825 3764 2003 3803 rarum
2054 3751 2320 3804 sententia
2360 3768 2388 3804 a
2442 3751 2640 3817 multis,
2688 3762 2847 3821 atque
2882 3754 2932 3807 in
2967 3770 3201 3824 praesens
3232 3771 3262 3811 a
3299 3773 3383 3812 me

1816 3838 1963 3894 dicta
2002 3849 2145 3903 sunt,
2194 3848 2249 3893 et
2309 3855 2579 3910 nunquam
2627 3842 2738 3896 haec
2798 3844 3010 3899 silentio
3059 3845 3231 3913 obrui.
3291 3850 3383 3903 sed

1822 3946 2010 3986 omnes
2048 3932 2314 3998 homines,
2357 3948 2476 3987 cuni
2526 3948 2555 3987 a
2595 3936 2822 4004 negotiis
2867 3946 3080 4002 vacant,
3120 3939 3170 3994 in
3219 3939 3384 3996 hocce

1824 4034 2144 4094 argumento
2180 4033 2390 4095 tempus
2421 4026 2731 4095 impendere
2766 4031 3048 4098 exoptatis.
3100 4029 3249 4086 Hanc
3288 4033 3385 4100 igi-

1827 4125 1913 4171 tur
1950 4118 2019 4171 ob
2061 4131 2278 4170 causam
2311 4126 2364 4170 tu
2413 4117 2649 4186 quidem.
2694 4133 2728 4174 o
2767 4131 2951 4175 sancte
2999 4120 3247 4188 Michael,
3296 4140 3386 4178 su-

1824 4208 2236 4278 premojudicio
2266 4210 2331 4264 ad
2360 4209 2730 4279 imperandum
2772 4212 3102 4281 incorporeis
3142 4216 3365 4271 exerciti

1823 4302 1924 4355 bus
1976 4300 2198 4364 electus,
2246 4314 2313 4356 ac
2344 4300 2506 4355 veluti
2552 4301 2776 4370 spiritali
2818 4303 3031 4373 cingulo
3075 4305 3386 4361 honestatus

1826 4407 1907 4455 es,
1933 4402 1987 4447 et
2018 4394 2198 4447 suavis
2240 4393 2457 4461 quidam
2500 4394 2635 4447 odor
2663 4394 2876 4448 exsistis
2921 4395 3271 4452 sanctissima:
3304 4413 3387 4450 re-

1754 4473 1798 4527 Ι)
1829 4501 1944 4538 rum
1989 4485 2226 4539 omnium
2274 4485 2535 4549 domina),
2586 4494 2640 4539 et
2690 4484 3050 4541 misericordis
3090 4486 3384 4543 Trinitatis.

1827 4577 1905 4631 Tn
1949 4592 2093 4641 vero,
2147 4593 2179 4631 ο
2211 4587 2395 4631 sancte
2436 4576 2675 4642 Gabriel,
2709 4585 2890 4646 utpote
2935 4578 3114 4630 arcani
3166 4578 3386 4632 tacitur-

1829 4684 1931 4722 nus
1982 4683 2045 4722 ac
2076 4668 2247 4721 lidelis
2287 4677 2488 4729 custos,
2539 4668 2743 4735 legatus
2778 4667 2889 4737 (9i)
2934 4668 2997 4719 ad
3032 4669 3385 4734 praestandum

1829 4761 2115 4816 ineﬂ'abilis
2154 4760 2543 4813 lucarnatinuis
2577 4762 2831 4829 mysterio
2867 4758 3224 4811 ministerium
3266 4759 3387 4811 ele-

1827 4863 1949 4906 ctus
1990 4866 2069 4905 es.
2109 4850 2210 4904 Alii
2261 4860 2441 4903 autem
2470 4848 2631 4917 200
2655 4848 2775 4902 aliis
2822 4846 2997 4911 donis,
3026 4847 3178 4900 vobis
3218 4861 3248 4898 a
3278 4845 3388 4901 Deo

1830 4942 1991 5005 datis,
2017 4957 2084 4995 ne
2107 4951 2351 5009 petentes
2374 4940 2612 5009 quidem,
2638 4939 2811 4993 ornati
2841 4938 3007 5002 estis;
3038 4952 3273 5006 quorum
3293 4940 3389 4993 (Ιο-

1830 5050 2020 5087 norum
2063 5032 2332 5085 nonnullis
2382 5032 2595 5097 quidem
2645 5030 2732 5083 alii
2783 5029 3047 5084 honestati
3098 5044 3202 5084 non
3242 5039 3387 5095 sunt,

1832 5124 2102 5180 nonnullis
2125 5136 2303 5177 autem
2332 5122 2596 5178 honestati
2635 5137 2739 5176 non
2770 5121 2967 5176 fuimus
2992 5138 3090 5177 nos
3123 5141 3137 5176 :
3169 5123 3261 5177 sed
3293 5138 3389 5178 nos

1831 5231 2047 5286 quoque
2078 5214 2346 5269 nonnullis
2375 5214 2611 5267 decorati
2644 5228 2851 5279 sumus,
2875 5213 3068 5274 quibus
3104 5228 3197 5268 vos
3223 5214 3390 5269 bone-

1829 5311 1953 5365 stati
2000 5324 2105 5363 non
2136 5307 2337 5363 fuistis.
2384 5307 2514 5359 Nam
2553 5306 2692 5359 Deus
2738 5306 2971 5359 Verbum
3023 5320 3125 5358 non
3176 5316 3391 5375 propter

1830 5411 2117 5472 peccantes
2149 5397 2365 5468 angelos
2410 5397 2651 5466 angelus,
2688 5397 2779 5451 sed
2821 5405 3036 5466 prepter
3081 5404 3391 5465 peccatores

1830 5490 2080 5548 homines
2128 5491 2307 5555 homo,
2352 5489 2488 5541 citra
2533 5488 2903 5553 mutationem,
2940 5488 3077 5541 citra
3119 5484 3387 5541 confusio-

1832 5647 1907 5699 ait
1946 5645 2047 5699 diis
2079 5641 2460 5707 διακονεῖσθαι,
2488 5640 2541 5695 id
2562 5652 2665 5707 est,
2685 5650 2744 5695 ut
2765 5654 2863 5711 ego
2894 5640 3238 5708 interpretor,
3266 5634 3392 5691 dee-

1835 5732 1952 5770 rum
1988 5734 2005 5766 ι
2039 5716 2269 5783 legatum
2302 5728 2439 5767 esse.
2477 5730 2495 5761 ι
