3676 6304
366 330 472 387 595
1591 327 1823 382 DlDYMl
1863 325 2331 381 ALEXANDRINI
3462 329 3545 384 596

368 450 497 505 nino
524 462 757 520 unquam
801 447 1126 519 neglexerim
1189 449 1270 504 eis
1340 463 1438 518 pro
1497 449 1638 504 virili
1682 461 1835 519 parte
1909 450 2192 515 obsistere,
2232 460 2306 513 et,
2351 456 2541 503 contra
2589 461 2750 518 quam
2804 446 2988 503 deceat
3010 445 3112 517 (5),
3154 461 3332 504 socors
3368 447 3547 508 fuerim.

368 545 619 613 Quinimo
675 559 707 599 e
745 544 1018 599 contrario
1044 543 1285 612 plerique
1313 547 1463 597 aiunt
1511 558 1595 599 me
1631 559 1727 612 pro
1787 542 2087 612 huiusmodi
2159 545 2318 598 rebus
2355 542 2409 597 in
2458 540 2693 596 medium
2759 555 2973 609 semper
3009 540 3269 610 prodiisse
3316 558 3487 613 magna
3510 548 3550 601 vi

366 652 421 696 et
448 655 601 706 voce,
631 656 693 695 ac
723 640 841 694 sine
865 639 1266 709 perturbatione
1293 638 1391 709 (6),
1431 640 1497 693 ad
1531 639 1674 693 litem
1720 648 1811 693 aut
1873 639 2239 695 intentaudam
2293 646 2388 691 aut
2446 634 2814 693 sustinendam
2875 634 2975 706 (7).
3012 635 3143 690 Nam
3181 635 3376 691 lucrum
3417 643 3553 695 niaxi-

372 751 514 789 mum
546 743 601 790 et
647 745 904 789 aeternum
939 742 1066 803 puto
1091 734 1194 787 mei
1226 724 1496 802 ipsius,‘et
1556 750 1738 788 eorum
1769 735 1859 803 qui
1894 750 1960 789 ex
2000 748 2087 789 me
2131 745 2254 788 sunt
2314 732 2413 804 (8),
2467 745 2783 800 eorumque,
2835 731 2925 801 qui
2976 731 3250 786 nobiscum
3304 736 3551 800 exsistum,

369 845 583 884 omnem
619 830 856 884 laborem
889 840 1124 896 strenue,
1155 845 1239 895 ac,
1273 830 1315 883 si
1345 844 1481 899 opus
1538 829 1719 895 fuerit,
1779 830 2071 900 periculum
2152 830 2332 886 subire
2382 843 2479 898 pro
2517 827 2699 892 Patre,
2764 836 2818 881 et
2865 826 3022 893 Filio,
3056 836 3110 881 et
3150 828 3343 898 Spiritu
3380 846 3554 899 sancio,

370 922 459 988 qui
506 937 601 976 nos
630 921 777 983 fecit.
808 930 861 975 et
893 921 1083 983 salvat,
1135 929 1188 974 et
1225 919 1563 987 iudicaturus
1604 929 1709 985 est,
1749 937 1813 975 ac
1875 921 1956 975 sui
1998 926 2166 989 ipsius
2195 922 2270 991 (9)
2300 935 2460 979 causa
2524 918 2856 989 benignitate
2883 911 3556 990 prosecuturus.Cumcrgo

375 1017 656 1079 noveritis,
715 1025 899 1083 utpote
966 1015 1120 1069 electi
1186 1016 1501 1070 adoratores
1541 1016 1892 1073 sanctissimae
1921 1015 2221 1081 Trinitatis,
2270 1024 2325 1069 et
2370 1013 2591 1068 humani
2669 1012 2878 1081 generis
2917 1011 3076 1082 legati
3124 1022 3281 1081 atque
3328 1025 3558 1077 oratores,

378 1105 515 1159 nulla
552 1121 637 1161 me
678 1107 729 1160 in
784 1122 842 1160 re
886 1106 1143 1175 obsequio
1187 1105 1260 1159 illi
1297 1105 1549 1173 defuisse,
1598 1107 1740 1176 quod
1786 1106 1936 1161 vobis
1974 1116 2093 1176 post
2141 1107 2279 1161 hanc
2308 1105 2422 1177 (10)
2485 1102 2806 1159 Trinitatem
2844 1119 3019 1158 rerum
3083 1105 3318 1158 omnium
3355 1121 3558 1162 causam.

380 1212 539 1268 atque
572 1201 749 1254 omnia
782 1200 1140 1254 viviﬁcantem
1173 1200 1331 1270 203
1360 1202 1599 1268 debetur,
1629 1210 1814 1269 utpote
1836 1202 1928 1271 qui
1969 1201 2101 1255 mihi
2126 1201 2266 1270 apud
2324 1200 2568 1255 eamdem
2594 1197 2914 1253 Trinitatem
2979 1198 3400 1265 patrocinamini,
3426 1214 3451 1250 a
3475 1214 3557 1267 qua

378 1292 731 1361 cogitationes
785 1292 1187 1361 locutionesque
1259 1292 1550 1362 sapientes,
1595 1302 1648 1348 et
1686 1293 1734 1347 ei
1772 1303 1936 1362 gratae
2006 1302 2168 1363 atque
2245 1299 2497 1362 acceptae,
2553 1291 2815 1361 nobisque
2864 1291 3045 1354 utiles,
3104 1305 3167 1345 ac
3224 1292 3403 1345 deinde
3443 1292 3562 1347 vobis

378 1402 589 1457 quoque
617 1387 886 1457 placentes
920 1388 1397 1442 subministrantur
1445 1405 1458 1441 :
1504 1396 1759 1457 tantoque
1798 1387 2051 1442 libentius
2119 1387 2240 1442 dico
2283 1405 2302 1439 ι
2365 1386 2579 1453 deinde,
2611 1403 2631 1437 ι
2701 1394 2899 1455 quanto
2942 1386 3344 1441 convenientiae
3379 1396 3453 1440 est
3489 1404 3564 1441 na-

378 1488 553 1532 turam
579 1487 813 1533 creatam
844 1486 962 1549 post
984 1479 1274 1533 increatam
1306 1479 1577 1543 collocari,
1607 1490 1767 1549 atque
1798 1480 1871 1535 ita
1901 1495 1930 1533 a
1965 1480 2120 1535 nobis
2150 1480 2399 1534 decenter
2448 1479 2858 1534 commemorari
2888 1497 2902 1531 :
2936 1477 3231 1547 supplicate
3260 1478 3560 1544 peculiariter

378 1584 478 1639 pro
505 1584 609 1637 me,
671 1579 722 1625 et
757 1584 853 1638 pro
880 1569 953 1628 iis,
992 1569 1083 1638 qui
1118 1569 1222 1624 orti
1267 1578 1391 1624 sunt
1450 1586 1516 1625 ex
1581 1585 1687 1636 me,
1725 1585 1789 1625 ac
1825 1584 1924 1639 pro
1981 1571 2047 1625 iis
2108 1572 2198 1639 qui
2241 1584 2454 1624 mecum
2514 1578 2660 1633 sunt,
2710 1579 2763 1623 et
2820 1583 2916 1637 pro
2978 1568 3226 1623 omnibus
3279 1568 3391 1637 (nec
3453 1570 3565 1624 enim

378 1662 532 1717 vobis
551 1675 864 1719 concessum
892 1671 994 1729 est,
1019 1671 1077 1717 ut
1099 1662 1387 1733 quidquam
1446 1663 1694 1733 amplius,
1748 1679 1906 1733 quam
1965 1663 2085 1731 hoc,
2142 1662 2295 1718 nobis
2323 1662 2649 1732 praebeatis),
2692 1671 2751 1715 ut
2789 1671 2843 1717 et
2886 1663 2938 1715 in
2971 1676 3089 1715 mea
3142 1660 3209 1716 de
3242 1661 3343 1716 hac
3382 1676 3434 1716 re
3474 1677 3570 1717 sen-

384 1756 549 1813 tentia
618 1753 907 1809 immobilis
954 1768 1316 1823 permaneam,
1382 1763 1437 1808 et
1494 1768 1680 1809 omnes
1736 1770 1867 1809 mea:
1907 1768 2114 1824 preces,
2169 1768 2302 1823 quas
2343 1753 2489 1806 novit
2528 1750 2638 1818 illa,
2687 1766 2805 1821 qua:
2859 1752 2972 1808 sola
3033 1751 3182 1805 novit
3212 1752 3407 1816 omnia,
3432 1763 3481 1807 et
3502 1753 3568 1807 cui

384 1846 566 1901 omnia
622 1856 877 1915 prospere
922 1842 975 1897 in
1023 1852 1282 1897 aeternum
1328 1842 1527 1899 cedunt
1585 1844 1720 1914 (11),
1750 1845 1974 1913 Optima,
2022 1854 2077 1899 et
2114 1858 2211 1913 per
2254 1858 2315 1898 se
2356 1843 2588 1914 perfecta
2636 1853 2692 1898 et
2751 1844 3024 1899 individua
3058 1841 3317 1907 Trinitas,
3379 1855 3573 1912 accepta:

386 1941 518 2007 sint,
574 1947 629 1994 et
689 1938 917 2009 benigne
964 1938 1286 2005 audiantur;
1332 1954 1534 2008 nosque
1574 1954 1693 1992 cum
1746 1940 1996 1995 omnibus
2031 1938 2155 1995 ﬁliis
2202 1938 2338 2010 (12),
2399 1953 2518 1994 cum
2558 1945 2668 1993 tota
2716 1940 2896 2002 domo,
2949 1952 3073 1992 cum
3121 1944 3233 1992 tota
3290 1934 3493 2002 familia,
3530 1947 3573 1991 et

386 2050 509 2089 cum
546 2032 791 2088 omnibus
829 2032 1016 2086 amicis
1051 2030 1231 2103 [amici
1264 2046 1393 2086 vero
1426 2034 1578 2088 nobis
1642 2043 1767 2090 sunt
1831 2032 2139 2106 orthodoxi]
2169 2033 2445 2089 vobiscum
2477 2048 2605 2099 una,
2651 2041 2707 2087 et
2765 2047 2885 2086 cum
2952 2030 3202 2086 omnibus
3245 2032 3437 2086 sanctis
3478 2046 3573 2086 eam

389 2126 627 2191 laudare,
703 2124 977 2195 trisagium
1046 2124 1302 2193 hymnum
1370 2126 1630 2192 canendo,
1705 2126 1760 2179 in
1834 2125 1985 2181 caelis
2053 2140 2151 2195 per
2220 2124 2425 2180 inﬁnita
2476 2124 2669 2181 saccula
2736 2124 3091 2189 saeculorum,
3153 2132 3210 2180 et
3267 2124 3574 2203 promissum,

391 2229 553 2286 atque
617 2230 648 2269 a
691 2216 847 2270 nobis
907 2214 1166 2270 creditum
1215 2215 1641 2283 interminabile,
1700 2228 1754 2274 et
1826 2218 2159 2274 individuum
2200 2217 2319 2287 ejus
2390 2232 2611 2289 regnum
2682 2233 2778 2289 per
2836 2219 3061 2289 gratiam
3144 2218 3313 2289 ipsius
3364 2216 3577 2288 conseqhi

392 2326 713 2366 mereamur.
777 2312 969 2365 Amen.
1041 2311 1233 2365 Amen.
1286 2311 1478 2366 Amen.
1820 2306 1824 2311 ’

467 2404 559 2458 ιχ.
593 2403 698 2459 Sed
718 2403 831 2475 jam
859 2413 1067 2473 tempus
1081 2414 1163 2459 est
1185 2405 1251 2459 ad
1273 2405 1543 2476 inceptum
1580 2416 1919 2475 argumentur

2131 2406 2202 2459 9'.
2249 2404 2388 2458 Ἀλλ’
2420 2403 2539 2477 ὥρα
2583 2403 2692 2476 γὰρ
2740 2405 2822 2470 εἰς
2870 2406 2969 2478 τὴν
3024 2407 3320 2481 ἀρχθεϊσαν
3372 2408 3583 2465 ὑπόθεσιν

392 2494 614 2550 reverti.
652 2492 787 2559 Quia
816 2509 918 2548 una
952 2509 1073 2549 cum
1100 2494 1331 2559 Christo,
1362 2505 1543 2565 utpote
1573 2494 1715 2551 Deus
1737 2505 1792 2550 et
1813 2495 1844 2550 ε

2132 2494 2215 2559 θις
2256 2490 2350 2548 οὖν
2390 2494 2659 2548 τείνεσθαι
2688 2493 2782 2566 [95
2835 2495 2913 2569 α].
2953 2497 3075 2551 Ὀτι
3121 2499 3221 2552 σὺν
3268 2499 3347 2570 τῷ
3384 2500 3579 2570 Χριστῷ.

393 2584 555 2651 diter,
579 2584 918 2653 iudicaturus
957 2594 1041 2640 est
1096 2586 1278 2640 omnia
1312 2585 1543 2655 Spiritus
1582 2594 1820 2641 sanctus.

2135 2602 2155 2637 ε
2187 2584 2320 2648 Θεὸς
2356 2585 2449 2638 καὶ
2488 2586 2844 2657 Δημιουργὸς,
2872 2588 2933 2641 τὸ
2979 2586 3134 2656 ἅγιον
3174 2588 3395 2660 Πνεῦμα
3420 2591 3587 2661 κρίνειν

389 2678 481 2744 jus
506 2685 588 2731 est
613 2676 753 2731 enim
785 2676 965 2730 omnia
998 2674 1265 2743 judicare,
1299 2676 1402 2731 nisi
1434 2676 1548 2746 ejus
1579 2676 1669 2746 qui
1732 2676 1841 2731 Deil

2134 2677 2244 2731 λλει
2280 2678 2349 2731 τὰ
2386 2678 2581 2732 πάντα.
2606 2679 2762 2743 Τίνος
2807 2678 2916 2752 γὰρ
2948 2680 3044 2734 καὶ
3069 2680 3215 2735 ἔστιν
3243 2683 3434 2752 κρῖναι,
3461 2680 3489 2753 ἢ
3514 2680 3586 2734 τοῦ

393 2777 450 2823 et
488 2769 647 2839 regias
678 2767 1060 2824 dominationis
1090 2770 1519 2824 communionem
1562 2783 1685 2824 cum
1730 2769 1820 2824 illo

2136 2770 2341 2823 ινωνίαν
2365 2768 2578 2841 ἔχοντος
2609 2770 2745 2841 πρὸς
2768 2770 2859 2824 τὸν
2880 2773 3183 2841 ποιήσαντα
3218 2772 3354 2826 αὐτὰ
3382 2772 3588 2842 θεότητος

404 2861 516 2926 bet,
544 2862 634 2929 qui
661 2862 772 2930 ipsa
802 2862 969 2916 fecit?
1005 2860 1079 2915 Ita
1111 2863 1398 2931 prophetat
1423 2863 1590 2917 Isaias
1617 2879 1632 2915 :
1660 2881 1678 2915 ι
1706 2861 1856 2933 Εενοε

2135 2861 2156 2913 ἱ
2200 2860 2505 2932 βασιλείας;
2533 2861 2608 2925 ὡς
2637 2862 2969 2932 προφητεύε.
3006 2862 3233 2927 Ἡσαΐας
3290 2863 3386 2935 μέν
3407 2880 3421 2894 ο
3450 2881 3466 2914 ι
3496 2861 3587 2926 Ἔξ-

402 2964 490 3007 tur
519 2952 630 3023 (1‘5)
662 2954 808 3022 virga
830 2970 895 3007 ex
924 2954 1103 3008 radice
1132 2952 1305 3018 Jesse,
1336 2964 1390 3009 et
1423 2952 1520 3008 ﬁos
1544 2969 1609 3008 ex
1646 2955 1854 3014 radicel

2138 2951 2335 3004 εὑσεται
2362 2952 2552 3022 ῥάὸδος
2586 2953 2650 3005 ὲκ
2688 2952 2785 3022 τῆς
2822 2950 2978 3022 ῥίζης
3017 2953 3238 3015 Ἰεσσαὶ,
3267 2954 3360 3007 καὶ
3384 2953 3519 3016 ἄνθος
3542 2953 3590 3004 ἐκ

400 3046 676 3098 ascendet.
702 3043 767 3098 Et
796 3045 1099 3112 requiescet
1124 3059 1285 3114 super
1309 3060 1431 3100 cum
1458 3044 1691 3115 Spiritus
1715 3045 1805 3100 Dei
1826 3045 1845 3115 (

2138 3059 2160 3104 ;
2205 3040 2359 3113 ῥίζης
2400 3042 2761 3113 ἀναϐήσεται,
2804 3042 2899 3095 καὶ
2936 3042 3311 3098 ἀναπαύσεται
3356 3045 3437 3097 ἐπ’
3462 3043 3590 3097 αὐτὸν

401 3133 631 3201 Spiritus
663 3134 939 3202 sapientiae
962 3143 1015 3188 et
1044 3134 1371 3203 intellectus,
1404 3136 1637 3206 Spiritus
1666 3138 1853 3193 consili

2143 3129 2286 3201 εῦμα
2321 3130 2415 3183 τοῦ
2458 3129 2614 3195 Θεοῦ,
2646 3130 2873 3202 Πνεῦμα
2939 3132 3131 3201 σοφίας
3178 3132 3276 3187 καὶ
3347 3132 3591 3194 συνέσεως,

402 3223 754 3289 fortitudinis,
788 3222 1023 3293 Spiritus
1066 3224 1305 3279 scientia:
1339 3234 1392 3279 et
1424 3227 1671 3295 pietatis;
1699 3236 1753 3283 et
1792 3243 1854 3295 re;

2146 3219 2289 3290 εῦμα
2340 3219 2532 3291 βουλῆς
2573 3221 2665 3272 κα)⁵
2717 3220 2917 3290 ἰσχύος,
2953 3221 3176 3292 Πνεῦμα
3247 3221 3484 3292 γνώσεως
3520 3220 3595 3273 καὶ

405 3314 483 3368 bit
509 3329 632 3370 eum
666 3313 898 3384 Spiritus
930 3316 1140 3370 timoris
1165 3315 1283 3373 Dei.
1310 3316 1425 3372 Non
1447 3319 1740 3373 secundum
1764 3319 1851 3387 opi

2140 3311 2375 3374 σεϐεία;’
2405 3313 2501 3365 καὶ
2521 3311 2785 3382 ἐμπλήσει
2821 3311 2982 3365 αὑτὸν
3031 3312 3259 3385 Πνεῦμα
3296 3313 3450 3382 φόϐου
3466 3311 3592 3366 Θεοῦ.

406 3419 526 3459 nem
566 3407 847 3473 judicabit,
906 3423 1079 3476 neque
1122 3408 1415 3463 secundum
1456 3409 1719 3478 loquelam
1756 3425 1858 3481 argi

2170 3402 2307 3456 κατὰ
2334 3403 2432 3475 τὴν
2454 3403 2610 3468 δόξαν
2629 3405 2825 3474 κρινεῖ,
2844 3404 2963 3457 οὐδὲ
2982 3404 3121 3457 κατὰ
3146 3405 3246 3475 τὴν
3279 3405 3457 3458 λαλιὰν
3474 3404 3595 3469 ἐλέγ-

406 3496 510 3551 Sed
540 3498 802 3567 judicabit
838 3499 1022 3553 humili
1056 3498 1220 3572 204.
1248 3499 1529 3569 judicium,
1570 3510 1624 3555 et
1657 3511 1844 3570 arguet

2142 3511 2177 3545 ,ο
2228 3495 2363 3549 ἀλλὰ
2409 3498 2586 3568 κρινεί
2633 3494 2876 3567 ταπεινῷ
2902 3497 3105 3567 κρίσιν,
3138 3498 3235 3550 καὶ
3280 3496 3474 3567 ἐλέγξει
3498 3496 3594 3557 τοὺς

405 3589 598 3659 perbos
621 3589 756 3661 (16),
788 3599 842 3645 et
871 3590 1121 3646 liberabit
1154 3590 1382 3645 humiles
1408 3600 1587 3654 terrae,
1617 3604 1671 3647 et
1702 3608 1857 3662 percu

2146 3588 2471 3659 ερηφάνους,
2497 3590 2590 3642 καί
2619 3588 2879 3655 ὲξελεῖται
2910 3590 3036 3654 τοὺς
3070 3592 3362 3653 ταπεινοὺς
3392 3590 3481 3659 τῆς
3498 3586 3596 3655 γῆς,

408 3694 607 3738 terram
638 3682 805 3737 verbo
834 3682 946 3737 oris
968 3682 1072 3747 sui,
1096 3692 1151 3736 et
1181 3682 1231 3735 in
1270 3680 1472 3752 Spiritu
1512 3698 1607 3752 per
1629 3683 1767 3737 labia
1794 3684 1860 3737 inl

2144 3679 2163 3731 ὶ
2199 3679 2430 3746 πατάξει
2473 3681 2570 3751 τὴν
2601 3680 2705 3750 γῆν
2731 3680 2809 3751 τῷ
2852 3680 2996 3751 λόγῳ
3033 3682 3127 3735 τοῦ
3157 3682 3420 3752 στόματος
3446 3676 3596 3741 αὐτοῦ,

404 3771 548 3828 ﬁciet
606 3773 796 3843 impios
824 3773 959 3844 (l7).
989 3791 1009 3825 ι
1060 3770 1279 3842 Virgam
1332 3784 1386 3828 et
1430 3760 1615 3828 ﬁerent
1672 3788 1737 3828 ex
1789 3790 1856 3828 rai

2146 3772 2244 3824 ὶὲν
2274 3771 2550 3843 Πνεῦματι
2582 3771 2669 3825 διὰ
2689 3772 2911 3842 χειλέων
2958 3772 3137 3827 ἁνελεῖ
3187 3773 3419 3836 ἀσεϐεῖς.
3446 3791 3463 3823 ι
3500 3769 3598 3823 re.

404 3861 555 3919 Jesse
589 3863 734 3918 illum
765 3863 917 3929 dicit,
953 3864 1045 3934 qui
1079 3879 1144 3920 ex
1176 3864 1287 3933 ipsa
1331 3866 1484 3934 quasi
1522 3880 1739 3933 germen
1773 3881 1856 3935 ρι’(

2149 3883 2197 3919 ον
2231 3866 2323 3920 καὶ
2350 3865 2508 3929 ἀνθος
2534 3867 2598 3918 ὲκ
2620 3865 2718 3936 τῆς
2754 3863 2908 3935 ῥίζης
2932 3864 3133 3919 Ἰεσσαὶ
3152 3865 3325 3935 λέγει,
3347 3864 3432 3918 τὸν
3453 3864 3503 3929 ἐξ
3528 3861 3601 3915 σῦς

407 3955 460 4009 in
482 3955 882 4022 lncarnatione,
910 3970 974 4010 ac
1003 3954 1085 4010 sui
1119 3956 1303 4011 odoris
1335 3956 1598 4010 suavitate
1622 3966 1820 4010 terram
1848 3975 1859 4010 ι

2150 3975 2173 4020 ς
2205 3958 2262 4011 ὲν
2287 3959 2354 4027 τῇ
2398 3956 2805 4028 ὲνανθρωπήσει
2852 3956 3250 4027 βλαστήσαντα,
3287 3957 3381 4009 καὶ
3411 3957 3471 4024 τῇ
3504 3956 3602 4005 ἐαυ-

410 4045 902 4114 roboravit:super
939 4059 1099 4114 quem
1144 4046 1309 4099 etiam
1333 4046 1701 4114 quiescentem
1734 4046 1862 4101 vidit

2150 4049 2165 4101 5
2193 4048 2387 4121 εὐωδία
2406 4050 2504 4120 τὴν
2520 4048 2741 4121 ὑφήλιον
2772 4047 3041 4119 ρὡαντα,
3060 4050 3146 4118 ἐφ’
3172 4048 3233 4101 ὃν
3250 4048 3426 4119 εδομεν
3451 4048 3500 4097 ὲν
3524 4044 3602 4095 Εὑ-

408 4138 461 4190 in
512 4136 814 4206 Evangeliis
864 4136 1124 4207 Spiritum
1172 4144 1417 4191 sanctum
1478 4154 1491 4189 :
1531 4151 1689 4205 quem
1755 4138 1855 4192 den

2151 4139 2346 4209 γελίοις
2389 4140 2840 4209 ἀναπαυσάμενον
2872 4140 2931 4193 τὸ
2960 4139 3111 4209 ἅγιον
3157 4138 3383 4209 Πνεῦμα
3405 4156 3418 4168 ·
3448 4134 3603 4208 κριτὴν

479 4316 559 4389 (5)
591 4313 800 4369 Doceat.
833 4314 1112 4392 Didymus,
1137 4317 1238 4392 οὐκ
1267 4316 1519 4392 ἐνδέον-ιιι.
1551 4314 1691 4392 Qua“
1716 4330 1848 4392 voce
1877 4334 1931 4371 cc

2153 4338 2201 4392 ῳ,
2226 4321 2277 4373 id
2303 4330 2435 4392 _est,
2482 4322 2573 4373 «in
2610 4330 2889 4375 aeternum.
2916 4339 2934 4371 ι
2978 4321 3043 4373 Ἠ
3095 4319 3306 4392 αῐνεσις
3341 4314 3494 4392 adeo?)
3519 4315 3605 4385 (in-

410 4384 530 4460 dein
564 4400 726 4460 sensu
753 4385 941 4460 ‘utitur
986 4384 1082 4440 Dio
1136 4389 1379 4460 Cassius,
1414 4401 1537 4460 pag.
1589 4384 1693 4460 8ξὸ
1723 4388 1976 4442 editionis
2078 4384 2213 4460 quit)
2248 4389 2398 4460 μένει
2447 4392 2533 4444 ἐπ’
2558 4392 2803 4460 ἄπειρον,
2829 4393 2881 4445 id
2920 4402 3020 4455 est,
3059 4389 3478 4460 claudatiqejus
3520 4399 3606 4438 Ina-

412 4456 673 4510 Reimari.
702 4455 837 4509 Aliis
862 4469 1011 4517 vero,
1041 4467 1097 4511 ut
1130 4458 1392 4513 Clementi
1435 4459 1487 4511 in
1517 4470 1592 4508 vn
1623 4455 1970 4523 Stromatum,
2080 4455 2171 4514 net
2197 4455 2270 4513 ’ἰὴ
2328 4471 2613 4518 aeternum.
2641 4481 2658 4512 ι
2693 4455 2815 4516 ’δῦνε
2880 4480 2898 4513 ι
2925 4461 3212 4514 inllnitum.
3240 4477 3260 4510 ι
3321 4455 3449 4511 Cum
3500 4467 3605 4507 vero

409 4526 473 4579 τὸ
493 4524 683 4603 Διῖνδεον
710 4525 907 4603 dicitur
941 4542 960 4574 ι
985 4526 1035 4579 id
1060 4529 1202 4603 quod
1242 4531 1414 4603 deest.
1445 4546 1465 4579 ι

2150 4533 2322 4594 rbum,
2359 4530 2677 4603 κατορθοῦν,
2714 4532 2985 4600 duplicent
3036 4530 3234 4585 habeat
3288 4525 3602 4603 signiﬁcatio:

483 4595 562 4669 (6)
593 4593 1019 4651 Perturbatione.
1063 4592 1245 4654 Codex
1269 4638 1286 4664 ,
1327 4599 1556 4669 ἦρεμος,
1607 4614 1730 4655 cum
1781 4611 1977 4667 aspero
2078 4616 2224 4661 nem,
2262 4592 2397 4655 verti
2430 4592 2671 4655 fortasse?
2700 4592 2862 4654 etiam
2897 4611 3114 4669 posset:
3140 4617 3160 4650 ι
3187 4614 3311 4665 quin
3341 4592 3512 4653 omnia
3551 4592 3603 4645 ad

412 4668 625 4739 spirit";
722 4737 730 4739 Α
867 4736 874 4739 _
1020 4736 1063 4739 __
1778 4737 1788 4739 _
1842 4738 1845 4739 ν
1913 4737 1941 4739 η
2082 4685 2395 4739 prosperum
2434 4672 2635 4724 exitum
2669 4672 2721 4723 in
2749 4668 3006 4725 aeternum
3039 4670 3240 4738 dirigit.
3269 4687 3288 4721 ι

480 4737 560 4807 (7)
587 4735 987 4811 sustinendam.
1020 4736 1167 4811 verti
1220 4739 1380 4795 etiam
1433 4750 1644 4811 potest:
1683 4758 1701 4791 ι
1724 4737 1792 4790 ad
1832 4737 1979 4807 jndi-
2084 4735 2099 4739 ’
2157 4735 2269 4808 (ιε)
2306 4738 2483 4811 Filiis.
2513 4741 2718 4804 Codex,
2747 4743 3052 4803 παντεκνεί,
3083 4735 3405 4811 {et—reliqua.
3448 4735 3607 4790 Utrum

411 4809 553 4880 ciunt
580 4808 837 4880 dandum,
863 4816 956 4860 aut
980 4808 1369 4880 accipiendum.
1399 4807 1448 4862 »⁷
2088 4807 2264 4880 autem
2326 4810 2665 4865 scribendum
2714 4811 2783 4863 sit
2838 4808 3128 4880 πανδημεί,
3176 4807 3410 4876 exempli
3453 4818 3606 4880 causa.

482 4876 560 4949 (δ)
707 4887 955 4949 ruerunt.
991 4873 1121 4931 Vide
1145 4893 1315 4946 segni.
1350 4882 1451 4935 148
1486 4882 1534 4933 b.

2154 4879 2400 4949 ιμψηφεί,
2442 4880 2719 4941 πανσυδεί,
2755 4891 2807 4933 et
2847 4873 3062 4941 caetera,
3097 4896 3163 4932 an
3213 4873 3606 4949 vero—fuﬁum.

483 4946 560 5021 (9)
588 4946 683 5000 Sui
710 4947 894 5013 ipsius.
930 4949 1135 5012 Codex,
1175 4950 1359 5004 αὑτοῦ.
1404 4952 1605 5021 Legere
1639 4957 1823 5011 malim
1882 4956 1935 5009 ai

2157 4946 2373 5021 ιμψήφὶ,
2396 4950 2646 5011 πανσυδί,
2670 4954 2943 5019 disputant
2968 4949 3325 5021 grammatici.
3356 4947 3609 5021 Ego

410 5014 587 5089 τοῦ.
636 5085 663 5089 _
804 5086 813 5089 _
1482 5014 1508 5021 ⁷
2091 5014 2516 5089 εἰς’δοιίῲιυτειιιι
2563 5014 2778 5085 retinui,
2816 5023 2867 5072 in
2916 5014 3025 5089 qiio
3063 5019 3321 5073 similium
3348 5014 3604 5071 vocabulo-

484 5086 598 5168 (μί-0)
626 5085 754 5168 Post
794 5086 948 5168 (tunc.
975 5090 1176 5155 Codex,
1236 5090 1401 5161 μηδέν
1451 5109 1518 5164 με
1562 5096 1790 5168 ταύτην.
1841 5096 1936 5165 Le;

1766 5116 1790 5151 ι.
1841 5096 1985 5165 Lego
2020 5159 2052 5168 _
2091 5085 2505 5168 runi_pos_tretna
2533 5091 2734 5168 syllaba
2761 5085 3218 5168 circumflectitur.

417 5158 585 5231 μηδὲν
620 5156 950 5231 μετῖαὑτήν-
1237 5156 1248 5161 ⁷
1297 5156 1307 5161 ⁷
1452 5156 1465 5164 ’
1723 5156 1734 5168 ’

1723 5156 1734 5168 ’
1919 5156 1947 5165 ”
2012 5159 2055 5217 C
2159 5156 2267 5231 (15)
2292 5156 2629 5231 Egrediettir.
2658 5160 2762 5231 lsa.
2791 5176 2866 5223 xt,
2908 5160 3020 5212 1-4.

485 5226 613 5307 (Η)Δ
635 5226 856 5307 (Ξεάαηξς
884 5226 941 5281 in
975 5231 1181 5307 Graeco,
1211 5237 1291 5298 εἰς
1322 5237 1494 5289 αἴσιον
1525 5240 1619 5292 καὶ
1644 5240 1728 5291 ἐπ’
1759 5237 1937 5307 ἄπειρι

2159 5226 2269 5307 (id)
2299 5226 2382 5283 Ex
2414 5232 2608 5307 redire.
2667 5229 2853 5285 Graeca
2907 5230 3104 5307 Bi_l1lia_
3129 5229 3330 5307 habent
3358 5245 3372 5307 ξ
3392 5241 3500 5307 _«ex_
3541 5235 3611 5301 ra-

416 5294 776 5377 ξιαλτ-ορβοῦσα.
812 5294 942 5377 Quae
969 5305 1131 5377 verba
1167 5294 1284 5357 non.
1328 5307 1460 5360 satis
1508 5311 1791 5377 perspicua
1834 5324 1868 5360 ει

2158 5315 2201 5354 :e
2225 5294 2360 5368 ejus.
2389 5320 2407 5352 ι
2444 5301 2703 5377 Didymus
2750 5315 2919 5372 segni.
2951 5300 3054 5353 125
3086 5299 3137 5365 b,
3169 5303 3332 5354 habet
3354 5299 3413 5361 ἐξ
3446 5294 3610 5359 αὐτῆς.

416 5368 474 5444 In
503 5366 739 5444 Epistola
767 5366 834 5417 ad
867 5370 1171 5424 Archintum
1196 5376 1467 5439 prwsulem
1500 5366 1768 5439 transtuli,
1804 5394 1823 5426 ι
1849 5378 1976 5429 inli-
2084 5371 2134 5422 id
2162 5366 2265 5444 est,
2297 5388 2404 5444 rex
2443 5366 2623 5444 ipsa};
2730 5440 2758 5444 __
2790 5366 2840 5444 _'
2895 5441 2937 5444 __
3027 5440 3036 5444 _
3155 5377 3206 5444 ’__
3378 5436 3411 5444 ﬁ
3506 5434 3515 5444 .
3555 5430 3564 5439 ε

414 5436 710 5513 ηίλῑθψοοιιι
739 5450 757 5490 :
789 5453 808 5485 ι
840 5455 959 5492 nam
990 5455 1090 5493 vox
1123 5436 1345 5513 ἄπειρον
1374 5447 1489 5501 sine
1531 5448 1693 5501 dubio
1722 5436 1862 5500 valet

2157 5439 2264 5513 (15)
2297 5442 2407 5513 ρεί.
2433 5436 2649 5513 (Ῑοῐηρξζ
2677 5440 2861 5513 editio,
2895 5440 3130 5513 Κυρίου,
3152 5440 3207 5491 id
3234 5449 3319 5492 est
3345 5436 3609 5513 tDominit

421 5509 759 5587 diliﬁttilum,
789 5523 809 5555 ι
845 5519 938 5562 aut
972 5498 1302 5587 (aeternum:
1336 5536 1354 5567 ι
1381 5498 1713 5587 γοοίΐτίέῖιίέ,
1737 5498 1861 5569 ineo

2297 5498 2583 5587 Superbos,-
2603 5509 2779 5565 Verba
2808 5498 2933 5587 ista.
2957 5498 3083 5573 τοὺς
3110 5498 3483 5587 eqs-5minqu
3501 5519 3514 5533 .

415 5583 1009 5653 diciokquisuverterct,
1044 5600 1061 5632 ι
1098 5583 1391 5651 inexperto,
1422 5606 1439 5635 ι
1482 5579 1623 5639 οιιΓ(
1657 5589 1836 5653 ignoto
1866 5630 1867 5633 η

2162 5579 2371 5644 ἑλεῖται,
2416 5582 2477 5653 id
2521 5591 2629 5644 est,
2694 5580 3127 5653 «superbos;et
3169 5579 3476 5653 liberabit,»
3522 5581 3614 5625 sive

418 5651 505 5705 do.
533 5669 552 5701 ι
586 5648 757 5705 Simili
793 5652 999 5705 ratione
1028 5656 1077 5705 in
1114 5648 1515 5708 cmnnientariis
1546 5657 1599 5709 in
1631 5648 1886 5709 Psalmos.
1907 5656 1973 5708 ad
2089 5672 2108 5703 ι
2135 5664 2311 5715 eruet,
2345 5672 2363 5703 ι
2397 5652 2589 5704 desunt
2619 5652 2673 5704 in
2704 5648 2955 5705 omnibus
2980 5649 3328 5719 editionibus.
3538 5711 3546 5719 ο

414 5723 878 5794 postremajerba
910 5723 1098 5790 psalmi
1124 5740 1213 5788 cx,
1237 5727 1376 5794 quod
1396 5724 1605 5779 Psaltes
1638 5728 1734 5787 ait,
1781 5727 1859 5786 εἰς

2164 5722 2265 5793 ξ17)
2298 5721 2515 5791 Impias.
2562 5720 2733 5777 Biblia
2782 5721 2968 5777 Gracca
2996 5742 3012 5774 ι
3048 5717 3239 5787 ἁσεῦἧ,
3276 5719 3330 5773 id
3357 5725 3459 5781 est,
3497 5717 3616 5766 tint-

416 5791 587 5845 αἰῶνα
618 5789 711 5844 τοῦ
744 5789 961 5863 αἰῶνος,
994 5789 1267 5867 Didymus
1300 5796 1456 5852 aliter
1511 5796 1659 5861 dicit,
1696 5796 1780 5849 ἐπ’
1814 5796 1868 5849 di

831 5789 961 5863 ivoig,
994 5789 1267 5867 Didymus
1300 5796 1456 5852 aliter
1511 5796 1659 5861 dicit,
1696 5796 1780 5849 ἐπ’
1814 5796 1967 5849 ἄπει·
2074 5789 2283 5865 pium.)
