3676 6320
352 301 455 356 599

1588 302 1821 357 DIDYMI
1862 303 2326 361 ALEXANDRINI
3449 311 3526 366 503

351 417 649 469 animarum
709 414 893 467 oculos
946 412 1244 476 illustrans,
1279 415 1505 469 diversis
1554 431 1693 485 sazpe
1742 417 1913 471 modis

2050 438 2073 472 ε
2112 421 2365 485 πολλάκις
2398 422 2666 491 διαφόρως
2720 419 2788 472 τὰ
2816 418 2909 491 [91
2936 418 2992 490 a]
3019 419 3292 490 μέλλοντα,
3322 425 3405 476 καὶ
3430 442 3532 495 συγ-

347 510 584 580 suggerit
615 507 726 578 (28)
779 507 976 569 futura,
1009 508 1154 561 etob
1192 510 1457 577 propriam
1512 510 1800 563 bonitatem
1860 522 1913 565 et

350 600 736 669 benignitatem
788 600 1055 660 concedit,
1115 610 1174 652 nt
1218 611 1465 653 creatura
1516 601 1803 670 aliquando
1851 617 1913 655 ea

347 707 465 758 qua:
517 694 765 745 humanae
794 702 1001 746 natura),
1032 692 1386 745 conducibilia
1429 700 1554 746 sunt
1611 705 1770 761 atque
1809 696 1915 748 uti-

350 783 442 845 lia,
466 782 746 851 eloquatur
777 799 791 836 :
840 798 958 851 quae
1005 784 1216 850 quidem
1246 782 1515 836 interdum
1564 800 1667 839 non
1721 786 1793 849 ei,
1822 787 1911 853 qui

350 887 445 940 per
482 882 787 927 creaturam
849 874 1135 937 concessit,
1196 877 1289 928 sed
1341 874 1438 943 ipsi
1487 873 1598 945 (29)
1654 887 1915 932 creatura:

349 976 570 1033 accepta
602 965 763 1019 refert
792 964 902 1035 (30)
936 966 1226 1020 materialis
1269 976 1452 1020 nostra
1487 978 1706 1024 natura.
1739 969 1915 1023 Testi-

351 1056 527 1109 monia
561 1070 687 1109 vero
723 1056 788 1109 de
848 1056 1179 1123 prtescientia
1224 1056 1455 1126 Spiritus
1492 1073 1560 1113 ex
1608 1061 1916 1130 apostolicis

350 1146 501 1200 Actis
538 1150 840 1213 desumpta,
886 1147 1000 1200 hiec
1052 1156 1196 1201 sunt.
1248 1146 1325 1201 Ex
1377 1160 1603 1216 persona
1650 1150 1793 1206 Petri
1850 1152 1916 1206 ad

350 1235 563 1292 Judmos
594 1256 606 1290 :
648 1256 666 1288 ι
708 1238 815 1292 Viri
849 1238 959 1310 (51)
993 1237 1211 1304 fratres,
1237 1241 1519 1310 Oportebat
1544 1242 1750 1311 impleri
1774 1242 1916 1297 Serio

352 1339 561 1397 pturam
618 1330 755 1403 ('59.),
805 1346 963 1399 quam
1009 1331 1255 1400 prazdixit
1292 1331 1528 1403 Spiritus
1562 1342 1776 1388 sanctus
1824 1350 1919 1401 per

352 1436 412 1475 os
449 1420 614 1474 David
649 1422 714 1475 de
764 1421 924 1485 .luda,
977 1422 1065 1487 qui
1101 1421 1274 1476 factus
1326 1432 1409 1476 est
1436 1422 1539 1476 dux
1574 1433 1760 1477 eorum
1785 1424 1949 1493 (55),.

351 1511 442 1578 qui
475 1514 1003 1580 comprehenderunt
1035 1511 1241 1569 Jesum.
1281 1533 1298 1567 ι
1339 1513 1508 1569 Recte
1558 1524 1733 1569 autem
1760 1516 1916 1583 dixit,

357 1618 376 1651 ε
413 1603 741 1671 oportebat;
810 1622 829 1655 ι
883 1618 1006 1656 nam
1068 1605 1235 1657 solius
1286 1604 1376 1658 Dei
1436 1619 1613 1659 sermo
1674 1605 1795 1661 talis
1837 1614 1920 1659 est

2016 514 2199 581 χωρεῖ,
2218 511 2283 565 δι’
2310 512 2514 565 οἰκείαν
2558 511 2870 581 ἀγαθότητα
2926 510 3020 562 καὶ
3060 510 3455 583 φιλανθρωπίαν,
3483 520 3532 571 τὰ

2016 605 2152 673 πρὸς
2178 606 2237 657 τὸ
2283 605 2550 675 χρήσιμον
2598 600 2948 656 συντελοῦντα
2996 604 3062 671 τῇ
3094 601 3387 675 ἀνθρωπεία
3408 606 3533 673 φύσει

2016 694 2257 763 ἐκλέγειν
2300 694 2434 747 ποτὲ
2477 692 2574 764 τὴν
2611 691 2822 745 κτίσιν’
2871 690 3011 762 ἅπερ
3069 690 3178 743 ἐσθ’
3208 692 3347 763 ὅτεή
3392 695 3535 759 {volux

2016 781 2170 851 ἡμῶν
2193 780 2371 850 φύσις,
2412 781 2472 833 ού
2505 780 2582 851 τῷ
2615 780 2981 850 χορηγήσαντι
3030 778 3118 832 διὰ
3143 779 3305 852 μέσης
3337 785 3422 852 τῆς
3448 786 3535 837 κτί-

2018 888 2175 936 σεως,
2204 872 2318 923 ἀλλ’
2362 872 2497 942 αύτῇ
2530 871 2841 941 ἐπιγράφει.
2872 871 2935 923 Αἱ
2963 871 3019 924 δέ
3056 874 3182 943 περὶ
3214 872 3307 941 τῆς
3328 876 3535 943 προγνώο

2018 978 2153 1023 σεως
2178 958 2270 1012 τοῦ
2298 960 2607 1030 Πνεύματος
2655 959 2763 1012 ἀπὸ
2789 960 2896 1012 τῶν
2928 960 3293 1013 ἀποστολικῶν
3326 962 3537 1032 Πράξεων

2021 1051 2312 1121 μαρτυρίαι
2342 1052 2476 1104 εἰσιν
2521 1052 2577 1103 ἐν
2607 1052 2837 1114 τούτοις.
2881 1050 3015 1103 Ἀπὸ
3069 1050 3160 1103 τοῦ
3214 1052 3405 1123 Πέτρου
3432 1058 3539 1124 πρὸς

2016 1144 2142 1205 τοὺς
2176 1143 2465 1205 Ἰουδαίους
2486 1160 2499 1172 ·
2538 1142 2809 1223 ικἊνδρες
2838 1141 3074 1211 ἀδελφοὶ,
3107 1142 3211 1194 ἔδει
3236 1143 3539 1215 πληρωθῆναι

2016 1233 2113 1303 τὴν
2143 1234 2383 1304 Γραφὴν,
2449 1235 2516 1305 ἣν
2562 1237 2788 1306 προεῖπε
2858 1236 2917 1288 τὸ
2957 1234 3179 1304 Πνεῦμα
3222 1234 3282 1287 τὸ
3314 1234 3450 1303 ἅγιον
3475 1238 3541 1290 διὰ

2021 1328 2287 1394 στόματος
2338 1325 2501 1379 Δαυῒδ
2535 1326 2661 1397 περὶ
2699 1326 2885 1391 Ἰούδα,
2934 1328 3025 1380 τοῦ
3078 1327 3359 1397 γενομένου
3386 1329 3540 1399 ὁδηγοῦ

2018 1415 2126 1468 τῶν
2192 1415 2558 1470 συλλαϐόντων
2618 1418 2839 1488 Ἰησοῦν.
2903 1438 2921 1468 ι
2983 1414 3056 1471 Εῦ
3114 1418 3289 1470 τοίνυν
3332 1413 3540 1485 εἶπετὺ,

2026 1526 2042 1554 ι
2065 1506 2171 1558 ἔδει
2190 1524 2203 1537 υ
2231 1526 2248 1557 ι
2282 1507 2417 1559 Θεοῦ
2453 1508 2560 1578 γὰρ
2586 1508 2744 1578 μόνου
2775 1509 2881 1573 πᾶς
2910 1509 3063 1578 λόγος
3090 1509 3187 1563 οὐκ
3217 1511 3541 1582 ἀτελεύτητος.

2020 1598 2129 1649 Καὶ
2166 1598 2273 1651 ἀπὸ
2304 1598 2396 1651 τοῦ
2428 1598 2644 1652 Παύλου
2670 1616 2683 1629 ’
2724 1618 2742 1651 ι
2770 1600 2844 1653 Τὸ
2904 1600 3124 1672 Πνεῦμα
3168 1602 3229 1655 τὸ
3258 1603 3401 1671 ἆγιον
3436 1605 3547 1657 κατὰ

351 1691 549 1754 omnis,
592 1702 651 1745 ut
686 1706 794 1746 non
826 1692 1083 1761 compleri
1134 1709 1239 1747 non
1294 1694 1481 1762 povsit.
1536 1693 1603 1747 Et
1650 1695 1810 1766 206
1851 1711 1917 1750 ex

2045 1692 2177 1744 πόλιν
2211 1691 2640 1764 διαμαρτύρεταί
2698 1711 2765 1764 με
2815 1693 2989 1763 λέγον,
3040 1694 3119 1747 ὅτι
3158 1694 3330 1765 δεσμὰ
3358 1698 3440 1748 καὶ
3466 1696 3549 1749 θλί-

354 1794 581 1848 persona
619 1780 768 1835 Pauli
806 1800 821 1838 :
860 1800 879 1834 ι
922 1754 1153 1854 έρίιίιυε
1177 1754 1532 1855 (SD-sanctus
1565 1754 1920 1857 per-singulas

2045 1783 2145 1853 μεις
2177 1800 2243 1854 με
2269 1754 2536 1854 μένόυσιν.
2568 1804 2586 1837 ι
2620 1754 2729 1838 Κοὶι
2777 1785 2864 1839 διὰ
2888 1754 2985 1838 τοῦ
3019 1754 3293 1857 προφήτόυ
3332 1787 3384 1840 δὲ
3418 1788 3547 1856 Ἀγά-

354 1873 598 1928 civitates
660 1874 789 1928 mihi
830 1882 1157 1944 protestatur
1220 1876 1448 1941 dicens,
1514 1876 1653 1945 quod
1710 1877 1918 1931 vincula

353 1973 408 2017 et
434 1963 803 2019 tribulatioues
838 1980 922 2019 me
953 1976 1189 2019 manent.
1228 1984 1246 2017 ι
1315 1965 1416 2019 Per
1446 1969 1762 2036 prophetam
1793 1981 1920 2021 vero

354 2054 598 2123 Agabum
649 2053 904 2109 frumenti
943 2066 1238 2125 egestatem
1275 2056 1387 2127 (35)
1417 2057 1467 2110 ia
1506 2066 1645 2110 terra
1694 2059 1764 2112 ob
1819 2058 1919 2112 bo-

356 2145 557 2198 tninum
608 2145 796 2200 delicta
859 2145 1092 2201 futuram
1146 2148 1527 2218 praenuntiavit
1570 2147 1682 2220 (56)
1736 2157 1923 2218 utpote

354 2236 546 2300 bonus,
591 2238 732 2292 sicut
790 2237 992 2293 fecerat
1039 2240 1198 2294 etiam
1248 2240 1299 2293 in
1358 2239 1568 2305 Ninive,
1621 2248 1681 2293 ut
1720 2240 1926 2295 scilicet

359 2329 545 2381 timore
564 2327 813 2396 perculsi,
841 2344 935 2397 per
973 2330 1343 2397 prenitentiam
1373 2330 1570 2383 malum
1609 2329 1922 2401 effugerent.

359 2414 590 2484 Contigit
630 2430 755 2471 vero
795 2432 855 2471 ea
924 2418 1095 2472 fames
1139 2418 1308 2473 multo
1354 2429 1473 2487 post
1528 2427 1769 2489 tempore
1826 2422 1926 2474 sub

2026 1875 2143 1939 ϐου,
2174 1875 2433 1929 σιτοδείαν
2462 1876 2723 1947 ἐσομένην
2751 1880 2814 1946 τῇ
2844 1877 2933 1929 ὑπ’
2961 1877 3207 1949 οὐρανὸν,
3258 1878 3342 1931 διὰ
3366 1878 3450 1941 τὰς
3476 1880 3548 1931 ἀν-

2027 1967 2258 2040 θρώπων
2281 1966 2672 2037 πλημμελείας,
2708 1970 3105 2039 προεμήνυσεν,
3137 1970 3213 2033 ὡς
3235 1969 3442 2036 ἀγαθὸς,
3470 1987 3549 2023 κα-

2024 2058 2092 2111 θὰ
2120 2058 2212 2111 καὶ
2255 2058 2344 2109 ἐπὶ
2374 2058 2470 2127 τῆς
2497 2058 2697 2129 Νινευῆ
2717 2074 2733 2089 ο
2762 2058 2838 2121 ὡς
2888 2058 2954 2112 ἂν
2984 2059 3385 2129 εὐλαϐηθέντες,
3422 2076 3551 2128 μετα-

2023 2149 2139 2218 νοίᾳ
2175 2149 2394 2217 φύγοιεν
2441 2150 2501 2201 τὸ
2560 2151 2749 2204 κακόν.
2785 2151 2942 2212 Ἧτις
2989 2152 3083 2205 καὶ
3133 2151 3329 2221 συνέῧη
3380 2150 3552 2213 πολλοῖς

2028 2239 2248 2311 ὕστερον
2276 2240 2486 2310 χρόνοις
2507 2241 2597 2292 ἐπὶ
2642 2239 2929 2293 Κλαυδίου.
2966 2241 3074 2293 Καὶ
3105 2242 3163 2294 ἐν
3194 2240 3488 2309 Εύαγγελίῳ
3511 2241 3554 2292 δὲ

2026 2331 2054 2381 ό
2087 2329 2318 2399 Χριστὸς
2346 2330 2472 2400 περὶ
2503 2328 2598 2382 τοῦ
2646 2330 2958 2400 Πνεύματός
2996 2348 3157 2401 φησιν
3178 2347 3192 2359 ·
3245 2350 3263 2381 ι
3288 2331 3389 2383 Καὶ
3407 2330 3466 2382 τὰ
3486 2332 3556 2399 ἐρ·

2028 2420 2230 2491 χόμενα
2252 2421 2541 2489 ἀναγγελεῖ
2578 2423 2703 2492 ὑμῖν
2723 2438 2735 2451 ’
2767 2442 2785 2474 ι
2833 2422 2976 2475 τοῦτ’
3032 2423 3166 2487 ἐστι,
3214 2421 3283 2475 τὰ
3315 2421 3555 2490 μέλλοντα.

358 2506 592 2563 Claudio.
623 2510 759 2576 Quin
792 2512 1023 2566 etiamin
1049 2512 1336 2583 Evangelio
1366 2515 1610 2571 Christus
1645 2515 1711 2570 de
1739 2515 1946 2586 Spiritu
1992 2520 2103 2570 ait:
2150 2537 2168 2568 ι
2211 2517 2275 2571 Et
2307 2533 2425 2585 quae
2453 2518 2565 2588 (57)
2600 2519 2841 2582 veniunt,
2870 2519 3216 2573 annuutiabit
3252 2518 3435 2581 vobis;
3475 2535 3493 2569 ι
3518 2516 3558 2569 id

358 2607 461 2662 est,
495 2614 613 2667 quae
646 2599 820 2655 futura
856 2611 999 2656 sunt.

984 2690 1135 2745 CAP.
1179 2691 1311 2747 Vlll.

362 2780 433 2834 De
470 2784 815 2849 prwscientia,
867 2792 917 2853 et
966 2792 1250 2848 potestate,
1304 2800 1461 2852 quam
1518 2801 1609 2853 par
1666 2802 1721 2840 se
1773 2787 1923 2841 habet

884 2851 1113 2921 Spiritus
1163 2851 1394 2907 sanctus.

428 2941 558 2998 Post
588 2943 822 2997 divinam
856 2958 1017 3012 porro
1048 2942 1288 3013 Spiritus
1332 2945 1424 2999 Dei
1462 2953 1729 3013 naturam,
1761 2929 1925 3017 atque

361 3033 655 3104 energiam,
690 3037 803 3089 sive
825 3036 1212 3103 operationem,
1240 3035 1680 3093 manifestissime
1707 3040 1924 3093 omnino

2670 2694 2825 2751 ΚΕΦ.
2860 2695 2939 2747 H'.

2027 2786 2165 2853 Περὶ
2201 2783 2309 2850 τῆς
2336 2785 2724 2852 προγνώσεως
2775 2784 2871 2837 καὶ
2919 2758 3448 2852 αὺτὲξουσιότητος
3479 2782 3563 2835 τοῦ

2526 2857 2698 2924 ἁγίου
2728 2857 3086 2924 Πνεύματος.
3322 2864 3323 2867 “

2095 2945 2249 2999 Μετὰ
2269 2945 2332 3016 δὴ
2364 2945 2461 3016 τὴν
2500 2945 2650 2998 θείαν
2682 2945 2843 3014 φύσιν
2871 2946 2963 2998 καὶ
2992 2944 3276 3013 ἐνέργειαν
3308 2941 3397 2995 τοῦ
3427 2940 3565 2995 [ivsti-

2028 3054 2203 3108 ματος
2225 3036 2317 3090 τοῦ
2338 3037 2492 3103 Θεοῦ,
2514 3036 2850 3107 τρανέστατα
2904 3035 3093 3105 κομιδῆ
3132 3035 3264 3104 περ).
3285 3034 3382 3102 τῆς
3408 3031 3564 3095 αὐτεξ-

362 3128 753 3190 auctoritatem,
789 3141 949 3193 quam
976 3141 1071 3196 per
1110 3142 1170 3182 se
1216 3128 1330 3197 ipse
1364 3128 1545 3194 habet,
1581 3139 1635 3184 et
1680 3131 1922 3185 volunta-

2045 3130 2330 3199 iuctdr'qtoc;
2357 3130 2518 3182 αὑτοῦ
2570 3129 2661 3181 καὶ
2692 3127 2992 3182 ἐθελουσίου
3048 3128 3307 3197 διανομῆς
3336 3127 3400 3179 τὰ
3436 3127 3566 3193 λόγια

366 3218 498 3271 riam
554 3218 671 3286 ejus
737 3217 1172 3273 distributionem
1236 3219 1643 3289 Scripturarum
1708 3222 1925 3278 oracula

365 3321 662 3379 exponunt.

432 3398 473 3462 l.
511 3399 643 3465 Quia
684 3416 789 3454 non
828 3409 886 3454 ut
914 3401 1181 3466 minister,
1221 3402 1312 3456 sed
1342 3402 1558 3471 propria
1603 3403 1923 3457 auctoritate

364 3490 540 3543 omnia
598 3490 747 3554 facit,
785 3499 859 3552 et,
910 3500 1069 3559 prout
1120 3491 1256 3553 vult,
1308 3491 1678 3545 subministrat
1741 3492 1924 3545 chari-

365 3597 557 3643 smata,
592 3592 935 3653 quotcunque
976 3582 1283 3647 ineffabilis,
1321 3592 1376 3636 et
1435 3583 1926 3652 supersubstantia-

364 3672 449 3738 lis,
485 3684 536 3727 et
568 3677 723 3729 unica
768 3674 989 3744 largitur
1042 3685 1233 3730 natura
1269 3694 1283 3729 :
1318 3687 1372 3730 et
1399 3691 1732 3745 quaecunque
1790 3677 1926 3742 vult,

438 3830 550 3901 (28)
600 3830 860 3901 Snggerit.

370 3970 422 4020 in
492 3972 877 4035 compositione
924 3972 1071 4031 vim,
1121 3981 1177 4022 ut
1224 3986 1373 4036 mque
1426 3970 1598 4022 valeat
1643 3970 1933 4033 interdum,

369 4049 533 4109 atque
562 4039 687 4109 πρό,
717 4041 766 4090 id
795 4048 876 4092 est
906 4058 925 4089 ι
945 4050 1087 4092 ante.
1115 4059 1132 4091 ι
1167 4040 1239 4091 Ita
1267 4040 1605 4109 Phavorinus
1631 4039 1679 4091 iu
1709 4040 1932 4109 Lexico:

379 4106 662 4179 ’Υπειπείν
701 4108 867 4179 (inqui
876 4109 925 4179 ι)
944 4109 1065 4179 ἀντι
1091 4109 1184 4161 τοῦ
1213 4111 1509 4179 προειπεῖν,
1530 4108 1622 4160 καὶ
1648 4106 1935 4162 ὑπολαϐών

370 4179 489 4229 ἀντὶ
544 4176 638 4229 τοῦ
688 4176 990 4247 προλαϐὼν.
1043 4178 1120 4232 Ac
1175 4176 1303 4231 sane
1351 4178 1682 4230 commodius
1737 4180 1787 4230 iu
1834 4181 1934 4233 hoc

376 4248 583 4317 Didymi
620 4248 734 4300 loco
763 4258 1078 4317 verteretur,
1133 4266 1151 4297 ι
1174 4256 1568 4315 praemonstrat,
1598 4267 1616 4297 ι
1644 4262 1748 4314 quo
1772 4251 1929 4301 modo

370 4316 586 4369 vertunt
626 4318 834 4385 vulgata
882 4316 1110 4378 LexiCa,
1150 4333 1310 4385 quam
1372 4335 1390 4366 ι
1425 4318 1725 4370 subindicat
1755 4336 1766 4375 ;
1796 4337 1813 4369 ι
1875 4328 1933 4370 ιιι

372 4385 712 4454 perspicuum
774 4395 872 4439 est.
934 4386 1128 4440 Verum
1190 4388 1327 4440 haud
1386 4386 1531 4445 scio.
1574 4402 1641 4439 an
1699 4387 1748 4439 id
1789 4387 1928 4454 quod

946 3829 1000 3884 In
1061 3830 1285 3891 Graeco.
1353 3814 1719 3884 ὑποδείκνυσι.
1799 3830 1936 3884 Sunt

366 3912 544 3953 autem
603 3916 691 3967 qui
736 3912 1010 3963 censeant,
1051 3902 1444 3968 praepOsitionis
1491 3901 1597 3953 ὑπό
1658 3916 1776 3954 eam
1818 3915 1937 3953 esse

2030 3220 2383 3288 διαλέγονται.

2100 3400 2177 3451 Α’.
2212 3399 2331 3451 Ὅτι
2376 3399 2439 3449 οὐ
2489 3397 2827 3461 διακονικῶς,
2872 3398 2985 3449 ἀλλ’
3017 3397 3370 3460 αύθεντικῶς,
3423 3395 3570 3448 πάντα

2032 3491 2172 3542 ποιεί
2224 3490 2315 3542 καὶ
2342 3489 2590 3558 παρέχει,
2617 3488 2797 3551 καθὼς
2828 3489 3091 3559 βούλεται,
3142 3488 3211 3541 τὰ
3265 3488 3569 3557 χαρίσματα,

2032 3583 2237 3650 ὅσαπερ
2280 3582 2344 3634 ἂν
2383 3582 2738 3651 ήᾶφραστος,
2801 3582 2892 3635 καὶ
2942 3581 3285 3652 ὑπερούσιος,
3327 3579 3429 3657 ,καὶ
3462 3577 3572 3647 μόνη

2034 3676 2317 3747 χαρίσαιτο
2350 3675 2541 3743 φύσις·
2596 3675 2691 3727 καὶ
2739 3675 2948 3743 ἐνεργεῖ
2991 3673 3091 3726 ὅσα
3135 3671 3335 3737 ἐθέλει,
3368 3670 3456 3724 καὶ
3476 3667 3575 3718 πνεῖ

2036 3839 2146 3881 not.
2190 3829 2239 3890 l,
2271 3843 2390 3897 pag.
2428 3828 2517 3881 25.
2571 3826 2836 3897 Praeterea
2882 3843 2976 3897 pro
3012 3847 3030 3879 ι
3058 3827 3292 3897 impleri,
3346 3846 3364 3878 ι
3416 3825 3571 3897 habet,

2041 3918 2059 3948 ι
2086 3896 2353 3965 compleri
2390 3917 2407 3949 ι
2439 3914 2451 3949 :
2490 3907 2542 3950 et
2589 3913 2685 3965 pro
2744 3916 2763 3946 ι
2802 3896 3037 3958 loeutus.
3065 3914 3083 3947 ι
3142 3896 3309 3950 habet
3370 3914 3389 3945 ς
3413 3896 3575 3962 prmio-

2034 3979 2209 4022 cutns.
2240 3986 2258 4018 ›
2286 3966 2392 4019 Vox
2414 3983 2537 4020 vero
2562 3967 2668 4026 illa,
2696 3985 2713 4014 α
2745 3967 2793 4020 id
2822 3977 2925 4028 est,
2954 3984 2972 4017 ι
3005 3966 3443 4020 ihidesideratur.
3468 3966 3575 4028 Ome

2035 4039 2235 4091 codicis
2268 4039 2431 4090 nostri
2466 4035 2719 4090 lectiones
2750 4036 2873 4089 mihi
2898 4037 3109 4105 quidem
3142 4037 3315 4104 magis
3338 4037 3573 4093 arrident,

2034 4121 2194 4175 quam
2236 4106 2477 4173 vulgatm.
2530 4107 2763 4160 Numero
2793 4116 2969 4158 autem
2997 4106 3065 4161 29
3095 4106 3335 4175 ejusdem
3370 4106 3482 4157 libri
3510 4105 3576 4175 sic

2040 4173 2220 4229 rursus
2290 4178 2514 4229 all'ertur
2591 4177 2693 4229 iste
2761 4177 3107 4229 versiculus:
3159 4175 3225 4228 Et
3283 4174 3474 4227 Petrus
3522 4173 3578 4224 ad

2038 4256 2314 4314 consortes
2344 4248 2462 4300 fidei
2502 4246 2738 4314 loquitur
2772 4261 2784 4296 :
2821 4264 2842 4314 ι
2871 4246 3164 4314 Oportebat
3196 4246 3405 4313 impleri
3435 4242 3572 4313 (cod.

2038 4328 2210 4369 noster
2241 4332 2259 4368 :
2286 4313 2505 4383 Oportet
2544 4313 2833 4385 cempleri]
2874 4313 3227 4384 Seripturam,
3262 4330 3425 4384 quam
3459 4328 3579 4381 pne-

2036 4386 2190 4447 dixit,
2219 4404 2235 4435 ι
2277 4396 2329 4438 et
2355 4387 2577 4452 reliqua.
2681 4383 2691 4391 ’

375 4449 704 4511 Phavorinus
767 4456 876 4519 ait,
943 4456 1052 4509 ullo
1106 4467 1253 4509 certo
1317 4455 1562 4525 exemplo
1624 4449 1934 4510 confirmari
1966 4464 2013 4519 ι)
2109 4455 2218 4524 (52)
2260 4449 2605 4522 Scripturam.
2648 4453 2832 4511 Greca
2874 4455 3037 4510 editio
3089 4453 3238 4525 addit
3279 4451 3501 4522 ταύτην,
3534 4449 3578 4501 id

413 4534 553 4576 neat.

372 4539 553 4663 “"8355
608 4593 737 4659 Ipsi.
786 4594 985 4653 Codex.
1038 4595 1197 4664 αύτή.
1248 4594 1414 4664 Lego,
1452 4595 1610 4665 αὐτῇ.
1651 4593 1760 4647 Nisi
1816 4595 1937 4662 quis

373 4664 542 4734 malit,
573 4665 734 4734 αὐτῇ,
764 4665 813 4717 id
841 4675 931 4734 est
957 4682 973 4714 ι
996 4666 1094 4718 sibi
1122 4665 1243 4733 ipsi.
1280 4684 1297 4714 ι

444 4733 553 4853 (502
598 4734 819 4799 Accepta
848 4733 1023 4801 refert.
1072 4735 1127 4787 In
1174 4734 1378 4800 Graeco,
1421 4734 1732 4806 ἐπιγράφει.
1775 4734 1909 4787 Nimi

444 4819 491 4853 Ill
558 4806 849 4853 mvoacsei:
888 4803 1227 4853 dicebantur.
1267 4805 1355 4853 aui
1398 4805 1467 4853 τὰ
1504 4803 1825 4853 ὀφειλόμενα
1852 4806 1909 4853 ea

373 4819 491 4874 rum
527 4803 849 4874 ἐπιγραφεῖς
888 4803 1227 4874 dicebantur.
1267 4805 1355 4872 qui
1398 4805 1467 4857 τὰ
1504 4803 1825 4874 όῲειλόμενα
1852 4806 1937 4873 ἐφ’

374 4873 601 4945 ἐκάστου
626 4871 840 4943 eam?
867 4871 1199 4945 ἐπέγραφον,
1226 4871 1409 4939 idest,
1446 4891 1464 4925 ι
1489 4875 1578 4942 qui
1609 4871 1935 4939 singulorum

372 4942 553 4997 debita
589 4942 933 4997 adnotabant.
969 4961 987 4993 ›

442 5012 554 5082 (51)
607 5011 930 5082 νίνὶηΑοιζ
968 5029 1006 5079 ι,
1059 5014 1147 5067 16.
1189 5012 1424 5067 Primam
1477 5012 1635 5082 hujus
1685 5015 1936 5068 versiculi

372 5079 579 5148 partem
606 5082 683 5136 sic
714 5081 866 5153 all'ert
890 5079 1195 5153 '[lieologus
1223 5093 1402 5153 noster
1427 5083 1480 5135 in
1511 5079 1607 5137 lib.
1638 5082 1712 5135 De
1734 5084 1937 5149 Spiritu

371 5158 577 5211 sancto,
605 5167 729 5204 num
782 5152 816 5205 5
851 5169 867 5212 ;
921 5151 1120 5207 Petrus
1136 5168 1347 5222 quoque
1376 5152 1428 5204 in
1453 5166 1517 5205 eo
1540 5167 1807 5215 sermone,
1833 5170 1938 5222 quo

371 5222 724 5290 praesentibus
788 5223 1143 5289 persuadebat
1190 5246 1200 5278 :
1259 5241 1278 5274 ι
1313 5222 1673 5289 Oportuerat,
1727 5224 1936 5290 inquit,

374 5288 583 5357 impleri
652 5288 1007 5359 Scripturatu,
1075 5307 1235 5359 quam
1306 5288 1514 5345 locutus
1565 5301 1647 5345 est
1703 5288 1936 5360 Spiritus

370 5367 640 5431 sanctus,»
676 5360 853 5431 idest,
876 5361 943 5431 to
965 5362 1187 5431 Πνεῦμα
1221 5360 1281 5413 τὸ
1308 5362 1483 5429 ἅγιον,
1517 5383 1534 5411 ι
1557 5376 1650 5429 per
1684 5376 1744 5415 os
1771 5362 1937 5415 David

370 5429 436 5482 de
469 5427 626 5482 Juda.
659 5447 676 5481 ι
722 5428 795 5482 Ita
820 5430 950 5483 editi
980 5427 1143 5485 libri':
1178 5427 1498 5486 nostri'vero
1523 5427 1723 5485 codicis
1750 5446 1939 5485 exara-

372 5506 455 5551 tor
498 5514 618 5551 cum
667 5501 970 5568 scripsisset
1025 5516 1247 5565 vocem,
1309 5501 1745 5570 «praesentibus,
1804 5519 1822 5551 ›
1883 5502 1936 5553 iu

371 5569 613 5637 margine
644 5570 971 5639 emendavit,
1033 5588 1050 5620 ι
1076 5569 1378 5639 patribus.)
1413 5569 1547 5623 Tum
1581 5585 1698 5638 pro,
1733 5588 1752 5621 ι
1780 5586 1939 5637 opor-

373 5648 566 5701 tuerat,
602 5659 619 5690 ι
670 5638 847 5701 habet,
893 5658 909 5689 ‹
934 5638 1146 5709 oportet
1167 5660 1185 5690 ι
1213 5657 1226 5692 :
1252 5641 1326 5693 ita
1355 5642 1495 5693 enim
1522 5641 1746 5709 verbum
1806 5640 1933 5700 ἔδει,

374 5719 460 5760 aut
512 5710 805 5779 προσῆκεν,
840 5708 1123 5780 aliquando
1170 5711 1449 5780 accipitur.
1490 5708 1622 5765 Vide
1666 5724 1783 5778 quae
1823 5710 1932 5764 dixi

2036 4521 2127 4578 est
2157 4543 2174 4574 ι
2202 4521 2420 4578 hanc.»
2466 4525 2568 4579 Sed
2596 4542 2712 4579 eam
2744 4541 2925 4582 vocem
2955 4540 3128 4593 neque
3152 4521 3308 4591 Vulg.
3341 4525 3583 4593 interpres

2041 4594 2186 4666 legit,
2230 4610 2401 4662 neque
2440 4593 2696 4664 Didymus
2725 4597 2838 4666 ipse
2867 4596 2919 4649 in
2950 4588 3124 4649 allatis
3164 4588 3351 4646 verbis
3398 4593 3487 4645 lib.
3520 4588 3583 4641 De

2040 4663 2245 4732 Spiritu
2260 4676 2473 4732 sancto.

2109 4734 2218 4801 (35)
2251 4731 2468 4796 Eorum,
2505 4744 2609 4787 etc.
2646 4734 2827 4789 Graeca
2875 4733 3058 4795 editio,
3100 4735 3213 4794 τοῖς
3250 4730 3583 4784 συλλαϐοῦσι.

2044 4802 2310 4875 vulgatus
2325 4803 2424 4875 int.
2461 4804 2670 4857 videtur
2700 4806 2894 4875 legisse
2910 4816 2979 4875 ut
3010 4804 3289 4875 Didymus.

2111 4872 2222 4941 (54)
2273 4870 2517 4956 Spiritus.
2564 4870 2822 4956 Αειηίχ,
2869 4874 2959 4956 23.
3009 4870 3195 4928 Graeca
3245 4873 3587 4956 editionpost

1956 4950 1959 4953 '
2039 4942 2484 5013 διαμαρτύρεται,
2539 4945 2738 4997 omittit
2809 4944 3046 4998 voculam
3116 4958 3202 5011 με.
3270 4942 3382 4997 Sed
3450 4942 3585 5007 Vulg.

2040 5011 2537 5096 interpreslegit‘ut
2567 5013 2841 5096 Didymus.

2109 5079 2220 5150 (53)
2264 5079 2575 5150 Egeitatem.
2632 5079 2832 5147 Codex,
2917 5082 3168 5135 σιτοδίαν.
3232 5079 3384 5150 Lego
3460 5095 3586 5131 σιτο⁸

2038 5151 2213 5202 δεὶαν·
2248 5156 2340 5205 sed
2376 5168 2478 5205 non
2521 5157 2777 5206 continuo
2818 5152 3093 5207 librarium
3139 5161 3388 5204 nostrmu
3426 5164 3589 5215 repre-

2040 5221 2243 5285 hendo;
2298 5236 2422 5274 nam
2463 5223 2553 5274 alii
2598 5235 2808 5289 quoque
2847 5223 2979 5276 satis
3029 5220 3223 5275 vetusti
3280 5220 3487 5289 librarii
3524 5218 3587 5269 ita

2039 5291 2406 5411 siripseruut,
2479 5303 2537 5345 ut
2590 5286 2774 5346 videre
2828 5291 2955 5346 licet
3002 5292 3163 5347 etiam
3228 5292 3373 5357 apud
3434 5286 3591 5357 llesy-

2040 5376 2068 5411 (Σ
2111 5376 2238 5411 111111.

2040 5376 2238 5416 Cllllllll.

2111 5429 2223 5502 (56)
2259 5429 2659 5484 Prtenuntt'avt't.
2690 5431 2808 5483 Act.
2842 5444 2919 5494 XI,
3098 5427 3451 5502 Jonteporro
3479 5441 3591 5495 pro-

2040 5499 2237 5566 phetia,
2276 5516 2377 5566 qua
2404 5517 2507 5555 non
2554 5505 2767 5565 laniem,
2801 5502 2893 5554 sed
2940 5501 3157 5555 Ninives
3191 5499 3590 5555 subversionem

2041 5572 2439 5637 praenuntiavit,
2471 5571 2736 5623 nemiuem
2762 5572 2911 5623 latet.

2109 5640 2218 5707 (57)
2262 5640 2325 5692 Lt
2359 5657 2492 5704 quin.
2521 5639 2673 5693 Joan.
2706 5656 2815 5706 xvt,
2852 5640 2937 5693 15.
