3732 6306
359 304 465 362 603

1591 310 1830 366 DIDYMI
1871 302 2337 364 ALEXANDKINI

3505 294 3630 349 604

357 420 700 487 Operationes
747 421 1026 487 virtutum,
1053 424 1140 477 alii
1168 434 1347 480 autem
1385 427 1796 497 prophetia,alii
1832 444 1917 481 au-

2116 424 2421 497 οαδραμεῖν,
2477 422 2536 475 ἓν
2563 420 2683 492 μὲν,
2708 420 2791 473 δτι
2844 417 2933 473 διὰ
2959 417 3059 489 τὴν
3090 416 3224 490 πρὸς
3258 414 3352 469 τὸν
3383 416 3629 483 Πατέρα

363 517 471 561 tem
504 510 757 563 discretio
791 510 902 581 (45)
956 512 1270 581 spirituum,
1301 515 1453 569 alteri
1502 526 1679 571 autem
1727 532 1923 585 genera

363 599 690 669 linguarum,
715 602 806 657 alii
839 613 1018 659 autem
1052 606 1766 677 interpretatiolinguarum.
1802 609 1925 664 Haec

359 700 538 743 autem
568 693 747 746 omnia
799 705 1055 761 operatur
1103 712 1241 751 unus
1268 706 1431 765 atque
1472 698 1609 752 idem
1662 698 1919 767 Spiritus,

360 780 603 835 dividens
659 798 901 838 seorsum
959 788 1253 855 unicuique
1296 799 1452 856 prout
1504 790 1632 846 vult.
1667 808 1687 842 ι
1744 789 1925 861 Neque

362 887 495 927 vero
526 875 640 929 haec
668 876 844 931 obiter
875 882 1244 947 praaterennda
1274 892 1415 935 sunt.
1445 880 1575 934 Nam
1606 884 1777 950 primo
1800 884 1925 951 qui-

361 964 478 1018 dem
506 966 1041 1042 animadvertendum
1096 982 1198 1036 est,
1254 974 1394 1040 quod
1435 972 1599 1042 208
1638 972 1708 1027 ob
1750 973 1928 1027 omni-

361 1056 572 1109 tnodam
623 1055 855 1126 Spiritus
914 1062 1084 1114 sancti
1144 1077 1265 1115 cum
1332 1062 1492 1117 Patre
1542 1063 1924 1132 aequalitatem,

360 1148 511 1217 prius
546 1151 789 1205 meminit
826 1153 991 1220 ipsius
1049 1150 1301 1221 Spiritus,
1336 1165 1443 1207 tum
1476 1154 1618 1216 Filii,
1665 1169 1730 1208 ac
1774 1156 1928 1209 dein-

360 1252 487 1307 ceps
515 1239 604 1294 Dei
636 1253 688 1295 et
721 1243 898 1299 Patris
932 1245 1021 1313 qui
1061 1255 1315 1311 operatur
1358 1248 1534 1297 omnia
1568 1247 1617 1298 in
1651 1246 1921 1300 omnibus.

362 1330 613 1388 Set-Unda
645 1332 767 1388 ilittd
820 1337 1215 1391 observandum
1248 1348 1350 1400 est,
1388 1340 1525 1406 quod
1551 1378 1566 1402 ,
1621 1353 1742 1392 cum
1779 1354 1929 1408 supe-

362 1428 476 1479 rius
529 1427 768 1493 dixisset,
833 1431 997 1484 Deum
1045 1432 1253 1499 operari
1311 1432 1488 1484 omnia
1545 1431 1596 1484 in
1653 1432 1923 1499 omnibus,

365 1528 526 1568 unam
562 1520 898 1584 postmodum
954 1522 1117 1575 totius
1159 1523 1447 1576 testimonii
1488 1523 1925 1589 consequentiam

362 1613 526 1670 atque
552 1604 887 1661 harmoniam
924 1610 1183 1674 iudicans,
1232 1620 1285 1663 et
1311 1609 1378 1673 de
1406 1610 1562 1665 Patre
1590 1626 1742 1678 irque
1775 1626 1837 1665 ac
1863 1612 1928 1665 de

365 1697 571 1763 Spiritu
615 1698 729 1766 ejus
796 1701 1196 1771 intelligendum
1237 1704 1545 1767 ostendens,
1593 1703 1868 1772 subjungit
1910 1720 1925 1757 :

369 1806 388 1837 ι
433 1787 554 1843 Haec
579 1801 760 1844 autem
806 1786 985 1846 omnia
1022 1806 1278 1863 operatur
1314 1810 1452 1848 unus
1488 1805 1542 1848 et
1578 1795 1716 1849 idem
1755 1795 1926 1864 Spiri-

368 1887 457 1931 tus
503 1880 748 1936 dividens
800 1896 1044 1937 seorsum
1101 1886 1389 1954 unicuique
1438 1894 1594 1954 prout
1620 1886 1774 1942 vult;
1810 1905 1828 1938 ι
1871 1894 1929 1939 ιιι

364 1966 489 2022 inde
516 1968 773 2038 Spiritum
801 1984 1048 2028 sanetum
1082 1976 1319 2030 declat-et
1346 1992 1467 2031 esse
1502 1977 1665 2031 Deum
1713 1978 1925 2046 propria

363 2071 429 2109 ex
460 2057 635 2126 seipso
660 2064 982 2118 auctoritate
999 2067 1276 2132 praeditmn
1304 2085 1317 2119 :
1348 2082 1523 2136 neque
1540 2082 1687 2134 vero,
1714 2071 1838 2121 dum
1857 2069 1925 2122 ita

362 2161 423 2202 se
455 2152 609 2218 gerit,
639 2152 934 2224 quidquam
984 2159 1291 2225 aggreditur
1337 2158 1472 2228 (44),
1506 2160 1647 2228 quod
1677 2161 1929 2216 inconve-

363 2240 519 2296 niens
552 2243 644 2308 sit,
672 2261 771 2302 nee
820 2248 1063 2302 ordinem
1113 2265 1308 2304 novum
1340 2250 1565 2315 invehit,
1594 2265 1692 2307 nec
1745 2254 1813 2307 ab
1862 2267 1928 2308 eo

367 2331 509 2398 quod
552 2343 698 2389 recte
738 2350 797 2391 se
832 2338 1014 2401 habet,
1071 2341 1307 2407 aberrat,
1342 2341 1434 2396 sed
1484 2341 1705 2397 iilaesam
1748 2354 1927 2399 servat

363 2421 487 2478 ﬁdei
546 2427 925 2494 COgnitionem,
964 2438 1020 2484 et
1070 2430 1350 2501 tlieologici
1410 2433 1673 2489 sermonis
1725 2434 1931 2502 purita‘

362 2522 471 2567 tem
506 2530 522 2569 :
558 2532 733 2587 neque
764 2520 1051 2575 individuae
1072 2534 1281 2577 natura:
1309 2538 1371 2576 ac
1393 2522 1639 2594 dignitati
1676 2525 1926 2595 injuriam

363 2604 547 2672 infert,
582 2610 724 2664 sicut
753 2610 788 2664 ii
820 2611 1047 2677 faciunt,
1075 2616 1165 2683 qui
1196 2613 1386 2669 Filium
1430 2626 1485 2670 et
1521 2617 1780 2682 Spiritum
1807 2633 1929 2674 san-

362 2709 511 2756 ctum
538 2718 643 2758 non
684 2719 808 2759 cum
853 2706 1011 2763 Patre
1060 2720 1473 2777 connumerant,
1508 2713 1600 2767 sed
1635 2713 1733 2767 sub
1770 2712 1930 2769 Patre

363 2802 676 2848 numerant.
742 2793 982 2863 Namque
1040 2811 1138 2850 nec
1178 2798 1420 2863 fortuito,
1467 2815 1531 2855 ac
1577 2802 1697 2857 sine
1744 2816 1927 2870 causa,

366 2898 544 2953 neque
569 2886 784 2953 propria
821 2890 1142 2942 auctoritate
1168 2891 1441 2943 nominum
1477 2893 1718 2945 ordinem
1753 2893 1929 2948 inver-

365 2972 430 3025 tit
458 2989 471 3024 :
509 2974 601 3027 sed
630 2976 698 3039 is,
730 2977 818 3045 qui
859 2978 1093 3047 loquitur
1120 2980 1171 3033 in
1199 2995 1284 3044 eo,
1325 2980 1596 3049 Christus,
1626 2991 1684 3037 ut
1713 2999 1926 3040 omnem

364 3077 487 3115 cum
533 3064 887 3135 malignorum
942 3070 1206 3134 cordium,
1241 3080 1351 3124 tum
1380 3086 1588 3139 eorum,
1618 3089 1738 3142 quae
1792 3090 1930 3129 non-

369 3150 496 3205 dum
525 3167 779 3221 perversa
811 3157 948 3211 facta
983 3169 1129 3223 sunt,
1157 3162 1516 3230 suspicionem
1546 3164 1713 3231 tollat,
1742 3164 1925 3222 diver-

366 3242 443 3295 sis
471 3244 642 3299 modis
681 3261 839 3300 uuam
888 3251 1235 3322 eamdemque
1265 3256 1544 3310 veritatem
1589 3257 1763 3326 docet,
1802 3274 1930 3329 per-

369 3333 562 3390 fectam
607 3338 811 3395 scilicet
841 3357 960 3396 esse
983 3346 1035 3397 in
1065 3345 1329 3401 Trinitate
1358 3359 1410 3402 et
1440 3351 1714 3420 potentiae,
1745 3362 1798 3408 et
1826 3358 1928 3411 lto-

366 3430 534 3497 noris,
568 3440 621 3485 et
650 3433 795 3497 usiaa,
852 3435 966 3490 sive
997 3438 1307 3493 substantiae
1351 3441 1709 3509 aequalitatem
1740 3462 1756 3499 :
1805 3461 1928 3501 eum

367 3518 494 3575 alibi
529 3523 743 3592 quidem
768 3529 906 3597 apud
928 3530 1177 3584 eumdem
1206 3530 1427 3587 Paulum
1461 3536 1656 3590 dixerit
1687 3555 1702 3591 :
1735 3556 1754 3590 ι
1787 3539 1929 3595 Idem

368 3622 547 3666 autem
583 3613 724 3670 Deus
758 3626 859 3682 est,
888 3620 977 3687 qui
1013 3634 1270 3689 operatur
1295 3624 1474 3677 omnia
1500 3626 1553 3679 in
1587 3630 1867 3697 omnibus;
1904 3650 1923 3683 ι

368 3704 493 3757 alibi
525 3720 651 3761 vero
674 3710 814 3778 apud
865 3711 1263 3781 Evangelistam
1301 3715 1447 3770 dicat
1475 3732 1557 3771 ει
1589 3716 1932 3789 Baptizantes

368 3790 480 3863 (ῑὸ)
511 3809 605 3849 eos
635 3795 688 3849 in
720 3800 936 3852 nomine
970 3800 1167 3869 Patris,
1191 3812 1245 3857 et
1276 3803 1419 3871 Filii,
1454 3816 1509 3860 et
1536 3806 1771 3876 Spiritus
1802 3824 1930 3865 san-

368 3885 441 3939 cti
475 3902 489 3938 :
528 3903 547 3936 ι
594 3902 736 3941 nunc
771 3900 950 3943 autem
998 3895 1139 3960 apud
1173 3894 1415 3963 Paulum,
1460 3906 1516 3950 ut
1541 3908 1700 3953 antea
1728 3900 1930 3957 dictum

370 3984 470 4040 est,
514 3978 591 4031 sic
654 3979 905 4050 loquatur
940 4002 955 4037 :
998 4001 1016 4035 ι
1051 3985 1173 4038 lltec
1208 3997 1386 4041 autent
1443 3992 1623 4044 omnia
1681 4001 1933 4061 operatur

368 4081 506 4121 unus
548 4079 603 4123 et
642 4071 779 4125 idem
822 4075 1073 4141 Spiritus,
1113 4078 1356 4134 dividens
1420 4097 1661 4136 seorsum
1708 4086 1934 4155 singulis

371 4159 660 4214 sicutvult.
691 4180 709 4212 ι
741 4161 878 4227 Quin
906 4166 1064 4217 etiam
1105 4167 1155 4219 in
1180 4168 1412 4236 Epistola
1439 4173 1505 4224 ad
1552 4172 1805 4229 liebrteos
1832 4176 1934 4230 hoc

370 4249 542 4313 ipsum
572 4250 864 4318 capitulum
891 4268 1372 4326 argumentumque
1394 4264 1677 4315 conﬁrmat
1706 4265 1787 4318 his
1812 4280 1935 4320 ver-

371 4335 452 4388 bis
477 4354 491 4389 :
528 4355 547 4388 (
573 4338 917 4395 Contcstaute
940 4342 1049 4412 (4G)
1075 4342 1184 4397 Deo
1210 4356 1263 4397 ct
1284 4348 1471 4416 signis,
1496 4360 1551 4404 ct
1574 4354 1857 4429 portentis,
1881 4363 1935 4410 et

2023 516 2153 587 περὶ
2180 515 2357 569 πάντα
2385 512 2607 585 ἰσότητα
2654 511 2749 565 τοῦ
2796 508 3319 579 ἀγίουΠνεύματος,
3374 507 3627 577 «primo»

2027 606 2296 677 μέμνηται
2324 601 2510 666 αὑτοῦ,
2561 597 2679 654 εἶτα
2708 599 2803 653 τοῦ
2848 599 2999 664 Υιοῦ,
3028 599 3123 652 καὶ
3170 597 3472 668 μετέπειτα
3513 593 3623 645 τοῦ

2023 696 2155 752 Θεοῦ
2185 697 2278 750 καὶ
2326 694 2538 766 Πατρδς
2590 691 2935 764 ἐνεργοῦντος
2988 690 3055 745 τὰ
3082 690 3257 745 πάντα
3288 692 3349 742 ἐν
3400 690 3624 740 πᾶσινο

2023 788 2270 857 δεύτερον
2291 786 2368 849 δὲ,
2393 786 2477 839 ὅτι
2498 782 2754 855 ἀνωτέρω
2775 781 2942 836 εἰπὼν
2978 782 3071 835 τὸν
3099 780 3230 833 Θεὸν
3257 780 3511 850 ἐνεργεῖν
3545 780 3625 830 τὰ

2026 881 2201 933 πάντα
2256 879 2316 931 ἐν
2348 878 2533 940 πᾶσιν,
2582 876 2776 943 ἐπάγει
2819 874 2947 945 μίαν
2982 872 3248 943 ἁρμονίαν
3291 870 3624 941 μαρτυρίας

2025 969 2369 1040 ἐκτιθέμενος
2400 965 2642 1038 περὶτοῦ
2670 963 2881 1035 Πατρὸς
2912 962 3119 1016 καὶτοῦ
3151 961 3472 1031 Πνεύματος
3510 961 3625 1013 αὐ·-

2025 1061 2119 1115 τοῦ
2141 1076 2154 1090 ’
2226 1081 2243 1112 ι
2269 1058 2454 1113 Ταῦτα
2481 1057 2539 1110 δὲ
2596 1057 2773 1111 πάντα
2811 1056 3023 1126 ἐνεργεῖ
3061 1053 3119 1106 τὸ
3155 1053 3212 1107 ἒν
3255 1054 3353 1106 καὶ
3382 1052 3447 1104 τὸ
3472 1050 3623 1103 αὐτὸ

2027 1154 2274 1224 Πνεῦμα,
2314 1150 2554 1223 διαιροῦν
2617 1149 2721 1219 ἰδία
2771 1148 2983 1217 ἑκάστῳ
3026 1143 3206 1207 καθὼς
3259 1143 3556 1213 βούλεται·
3592 1161 3614 1193 ι

2029 1248 2094 1301 ἵν’
2125 1249 2190 1299 ἐκ
2249 1244 2440 1297 τούτου
2490 1242 2621 1295 Θεὸν
2670 1238 3012 1303 αὐτεξούσιον
3060 1235 3273 1307 δηλώσῃ
3324 1235 3390 1287 τὸ
3448 1234 3623 1301 ἅγιον

2026 1337 2251 1407 Πνεῦμα
2275 1352 2286 1367 ·
2315 1336 2415 1387 οὐκ
2446 1333 2744 1404 ἀπροσήκῳ
2772 1329 3055 1400 πράγματι
3102 1326 3454 1395 ἐγχειρήσας,
3488 1324 3620 1376 οὐδὲ

2025 1430 2126 1502 τὴν
2149 1428 2300 1495 τάξιν
2327 1426 2747 1495 καινοτομήσας,
2780 1421 2901 1475 οὐδὲ
2932 1418 3242 1491 διαμαρτὼν
3270 1416 3384 1473 ,τοῦ
3427 1414 3621 1481 καλῶς

2028 1522 2268 1592 ἔχοντος*
2300 1519 2411 1574 ἀλλ’
2439 1520 2677 1589 ἄτρωτον
2720 1515 2998 1585 φυλάττων
3023 1511 3121 1583 τὴν
3158 1510 3358 1579 γνῶσιν
3386 1508 3491 1577 τῆς
3524 1505 3622 1559 πί.

2031 1631 2218 1678 στεως,
2263 1613 2356 1665 καὶ
2383 1612 2481 1682 τῆς
2502 1610 2776 1678 θεολογίας
2829 1608 2927 1679 τὴν
2960 1605 3302 1677 καθαρότητα
3324 1621 3341 1637 ·
3378 1605 3478 1655 καὶ
3512 1604 3619 1672 οὐχ

2030 1705 2263 1776 ὑϐρίζων
2289 1705 2386 1774 τὴν
2443 1702 2736 1775 ἀμέριστον
2773 1699 2932 1769 φύσιν
2978 1702 3071 1751 καὶ
3099 1697 3275 1763 ἀξίαν,
3303 1697 3383 1759 ὼς
3444 1697 3498 1747 οἱ
3537 1695 3616 1763 μὴ

2032 1795 2507 1868 συναριθμοῦντες,
2551 1794 2666 1848 ἀλλ’
2699 1790 3131 1864 ὑπαριθμοῦντες
3168 1787 3246 1858 τῷ
3293 1786 3477 1856 Πατρὶ
3522 1786 3619 1837 τὸν

2028 1890 2157 1943 Υίὺν
2181 1888 2275 1942 καὶ
2292 1888 2354 1941 τὸ
2381 1886 2533 1955 ἆγιον
2577 1883 2823 1955 Πνεῦμα.
2870 1881 3005 1936 Οὐδὲ
3029 1881 3140 1951 γὰρ
3165 1878 3349 1941 ἁπλῶς
3378 1878 3479 1930 καὶ
3515 1879 3616 1945 ἀφ’

2028 1977 2222 2033 ἑαυτοῦ
2268 1976 2567 2046 ἀνέστρεφε
2621 1973 2731 2027 τῶν
2772 1970 3048 2042 ὀνομάτων
3095 1969 3194 2041 τὴν
3242 1965 3615 2020 ἀκολουθίαν·

2026 2071 2139 2124 ἀλλ’
2169 2073 2197 2123 ὁ
2253 2067 2429 2121 λαλῶν
2461 2069 2518 2119 ἐν
2575 2064 2722 2135 αὐτῷ
2750 2063 3002 2135 Χριστὸς,
3026 2110 3029 2111 ν
3056 2060 3166 2114 τῶν
3199 2059 3489 2130 κακοήθων
3516 2058 3617 2111 καὶ

2027 2160 2398 2232 ἀδιαστρόφων
2426 2157 2663 2229 καρδιῶν
2722 2156 2996 2225 ἀφανίζων
3042 2153 3141 2224 τὴν
3168 2152 3458 2223 ὑπόληψιν,
3484 2151 3613 2207 δια·

2029 2255 2207 2325 φόρως
2230 2252 2327 2323 τὴν
2365 2250 2620 2321 ἀλήθειαν
2673 2248 2772 2319 τῆς
2803 2246 3140 2317 ίσοδυνάμου,
3194 2245 3287 2297 καὶ
3312 2242 3615 2314 ὁμοτίμω,

2028 2344 2121 2397 καὶ
2150 2341 2430 2413 ὁμοουσίου
2462 2340 2700 2393 διδάσκει
2728 2337 2976 2410 Τριάδος,
2998 2336 3183 2391 ἄλλοτε
3218 2335 3315 2405 μὲν
3346 2334 3508 2405 παρά
3533 2332 3617 2405 τῷ

2028 2431 2175 2502 αὐτῷ
2220 2430 2417 2501 Παύλῳ
2455 2427 2724 2501 είρηκώςο
2792 2428 2890 2481 ιὈ
2924 2426 2979 2479 δὲ
3022 2425 3185 2488 αὐτὸς
3234 2424 3368 2487 Θεός
3425 2422 3523 2495 [95
3554 2421 3614 2495 ι]

2029 2527 2175 2578 ἐστιν
2196 2525 2224 2577 ὁ
2246 2521 2482 2593 ἐνεργῶν
2506 2522 2573 2575 τά
2599 2520 2775 2574 πάντα
2804 2520 2863 2572 ἐν
2885 2520 3048 2572 πᾶσιν
3074 2535 3088 2548 ο
3112 2536 3133 2569 ι
3158 2516 3343 2571 ἄλλοτε
3363 2515 3424 2568 δὲ
3452 2515 3617 2584 παρά

2031 2615 2111 2685 τῷ
2142 2613 2511 2684 Εὑαγγελιστῇ
2552 2610 2723 2680 λέγων
2750 2627 2766 2642 ·
2807 2629 2825 2662 ι
2855 2609 3214 2672 Βαπτίζοντες
3274 2607 3473 2670 αὐτοὺς
3526 2607 3614 2671 εἰς

2028 2707 2090 2760 τὸ
2144 2706 2312 2777 ὄνομα
2341 2704 2433 2758 τοῦ
2493 2704 2727 2773 Πατρδς,
2757 2703 2851 2756 καὶ
2877 2700 2969 2755 τοῦ
3000 2701 3151 2767 Υίοῦ,
3184 2700 3278 2753 καὶ
3311 2698 3406 2753 τοῦ
3445 2698 3613 2765 ἁγίου

2003 2797 2375 2868 εΠνεύματος·
2397 2816 2416 2849 ι
2478 2796 2573 2850 νῦν
2600 2795 2658 2849 δὲ
2690 2793 2841 2866 παρά
2867 2791 3083 2862 Παύλῳ,
3136 2790 3213 2853 ὼς
3243 2788 3575 2861 προείρηται
3594 2806 3610 2819 ο

2037 2910 2057 2945 ι
2082 2889 2267 2944 Ταῦτα
2293 2890 2350 2943 δὲ
2377 2888 2553 2942 πάντα
2584 2889 2794 2957 ἐνεργεῖ
2814 2886 2875 2940 τὸ
2895 2886 2952 2939 ἒν
2980 2886 3073 2939 καὶ
3102 2884 3164 2938 τὸ
3196 2883 3327 2938 αὐτὸ
3354 2881 3610 2952 Πνεῦμα,

2030 2982 2272 3055 διαιροῦν
2304 2982 2409 3053 ἰδίᾳ
2437 2982 2652 3052 ἑκάστῳ
2678 2979 2859 3041 καθὼς
2888 2978 3153 3049 βούλεται.
3178 2996 3198 3029 ι
3234 2977 3533 3046 Συνηγορεῖ
3551 2975 3615 3027 δὲ

1954 3121 1998 3179 C
2032 3076 2127 3129 καὶ
2176 3075 2234 3128 ἐν
2279 3076 2346 3144 τῇ
2401 3074 2538 3179 πρὸς
2570 3072 2851 3144 Ἐϐραίους
2886 3068 3183 3170 Ἐπιστολῇ.
3219 3067 3297 3138 τῷ
3326 3065 3615 3179 utfiunt»

2033 3165 2226 3236 τούτῳ,
2267 3165 2467 3237 ἐχούσῃ
2496 3157 2598 3216 ὦδε
2620 3179 2634 3194 ο
2668 3181 2686 3215 ι
2709 3159 3308 3233 Συνεπιμαρτυροῦντος
3335 3156 3611 3211 τοῦ-Θεοῦ

2036 3259 2284 3329 σημείοις
2309 3275 2367 3311 τε
2390 3258 2483 3309 καὶ
2511 3256 2729 3327 τέρασι,
2774 3256 2871 3309 καὶ
2903 3254 3171 3316 ποικίλαις
3202 3251 3483 3320 δυνάμεσι,
3515 3249 3616 3303 καὶ

2033 3350 2345 3421 Πνεύματος
2400 3348 2552 3416 ἁγίου
2615 3349 2918 3419 μερισμοῖς,
2970 3345 3110 3399 κατά
3162 3345 3258 3413 τὴν
3297 3341 3465 3396 αὑτοῦ
3514 3341 3613 3396 θί-

2034 3440 2210 3511 λησιν.
2240 3458 2259 3491 ι
2321 3438 2428 3491 Καὶ
2470 3437 2783 3490 δεσποτικαὶ
2838 3434 2896 3489 δὲ
2950 3435 3139 3503 φάσεις
3196 3435 3324 3503 παρ’
3382 3433 3611 3503 Ἰωάννῃ

2035 3534 2286 3603 ἔχουσιν’
2357 3529 2471 3583 «Τὸ
2545 3528 2767 3599 Πνεῦμα
2823 3528 2957 3580 ὅπου
3021 3526 3162 3580 θέλει
3224 3527 3377 3578 πνεῖ·
3412 3545 3433 3578 ι
3491 3527 3610 3592 καὶ,

2043 3623 2160 3676 «Τὸ
2206 3620 2433 3692 Πνεῦμά
2476 3623 2624 3674 ἐστιν
2676 3621 2711 3690 ὴ
2764 3619 3056 3690 ἀλήθεια.)
3114 3619 3224 3673 Καὶ
3302 3618 3613 3688 ἐμπρεπὲς,

2039 3716 2171 3787 φησι
2195 3757 2209 3781 ,
2254 3713 2541 3785 πρωτείοις
2586 3713 2855 3782 θεότητος,
2894 3711 3030 3765 ἀλλά
3065 3711 3138 3781 μὴ
3164 3710 3254 3765 ἐπὶ
3282 3709 3613 3781 δευτερείοις

2040 3810 2231 3880 ὑμνεῖν
2258 3807 2388 3861 αὐτό
2410 3823 2425 3839 ο
2459 3806 2523 3859 ἵν’
2557 3807 2650 3858 ἐπὶ
2687 3807 2751 3875 τῇ
2797 3803 2908 3875 ζωῇ
2937 3803 3035 3874 τὴν
3078 3801 3375 3871 ἀσφάλειαν
3424 3800 3610 3871 ἔχητε.

2037 3902 2110 3955 Τὸ
2134 3899 2242 3971 γὰρ
2265 3896 2607 3968 εὐεργετοῦν,
2633 3893 3070 3967 εὐχαριστεῖσθαι
3093 3893 3188 3947 καὶ
3210 3892 3612 3964 θεραπεύεσθαι

2038 3991 2209 4062 φιλεῖο
2252 3991 2389 4059 ὅπερ
2426 3980 2583 4059 εῦρον
2630 3988 2805 4039 εἰπεῖν
2840 3985 3041 4048 ἀδόλως
3075 3985 3170 4039 καὶ
3192 3984 3242 4037 oi
3274 3981 3409 4047 ἔξω·
3451 4002 3473 4035 ι
3507 3984 3613 4037 Τὸν

2038 4078 2330 4151 εὐεργέταν
2361 4079 2588 4145 ἀγαναῖς
2619 4075 2874 4147 ἀμοιΰαῖς
2904 4074 3277 4130 ἁποτίννυσθε.
3316 4093 3337 4126 ι
3372 4074 3442 4126 El.
3478 4074 3609 4143 γὰρ,

2039 4174 2222 4243 φησιν,
2258 4171 2493 4241 ἀμείνων
2524 4171 2553 4222 ὁ
2580 4166 2923 4231 αὐτεξούσιος
2952 4166 3291 4232 ὑπεξουσίου,
3318 4165 3424 4236 ἤδη
3460 4165 3558 4219 καὶ
3585 4165 3613 4216 6

2038 4265 2321 4336 ἄνθρωπος
2345 4260 2687 4326 αὑτεξούσιος
2717 4258 2814 4324 ὣν,
2842 4258 3103 4329 κρείττων
3145 4258 3272 4327 παρ’
3302 4256 3436 4326 ὑμῖν
3476 4255 3612 4308 ἀπο-

2041 4354 2267 4425 φανθείη
2326 4352 2416 4405 τοῦ
2453 4352 2608 4421 ἁγίου
2652 4347 2989 4419 Πνεύματος.
3016 4346 3120 4400 Φεῦ
3144 4344 3251 4398 τῶν
3271 4344 3465 4398 δεινῶν
3494 4347 3507 4398 l
3532 4344 3612 4397 Τὰ

368 4426 534 4480 variis
563 4429 870 4499 virtutibus,
894 4443 948 4486 et
976 4431 1210 4519 Spiritus
1232 4440 1404 4491 sancti
1440 4426 1930 4511 distributionibus,

2116 4465 2137 4511 ;
2186 4445 2370 4515 θεῖκῆς
2415 4443 2694 4511 δυνάμεως
2750 4442 2843 4509 καὶ
2891 4439 3104 4509 φύσεως
3149 4437 3392 4508 σύμϐολα
3414 4436 3497 4501 ὡς
3522 4437 3613 4489 ἐπὶ

364 4516 516 4587 juxta
544 4520 709 4588 ipsius
733 4516 1082 4583 Voluntatem.
1110 4549 1128 4579 ι
1160 4529 1224 4583 Ει
1253 4528 1462 4585 Domini
1491 4536 1772 4591 sententia:
1793 4539 1933 4606 apud

2116 4538 2256 4609 ,στῆς
2315 4535 2653 4605 ἐκδεχόμενοι
2703 4532 3113 4594 Μακεδονιανοὶ,
3160 4530 3612 4600 περινενοήκασιν

366 4609 624 4667 Joannem
656 4615 735 4669 sic
766 4618 964 4672 habent
993 4636 1006 4672 :
1052 4637 1071 4670 ι
1107 4620 1340 4689 Spiritus
1370 4623 1479 4693 (47)
1540 4624 1627 4677 ubi
1659 4626 1770 4678 vult
1825 4629 1933 4697 spi-

2116 4632 2282 4693 άτας,
2322 4628 2414 4681 καὶ
2450 4627 2692 4698 ἔγραψαν
2736 4624 3045 4692 εἰσάγοντες
3074 4622 3339 4693 πρόσωπα
3390 4620 3611 4692 ὀρθοδό-

368 4715 479 4771 t'at;
512 4724 530 4758 ι
566 4718 618 4761 et
648 4725 663 4761 :
698 4708 965 4779 «Spiritus
988 4722 1069 4766 est
1089 4712 1198 4783 (48)
1225 4717 1472 4769 veritas.»
1504 4714 1559 4770 id
1589 4718 1808 4785 perinde
1831 4727 1933 4786 est,

2116 4742 2126 4776 ι
2164 4722 2259 4776 καὶ
2296 4717 2734 4774 Μακεδονιανοῦο
2792 4716 2889 4770 καὶ
2932 4716 3027 4769 τοῦ
3060 4715 3159 4786 μὲν
3195 4712 3480 4786 ὀρθοδόξου
3523 4713 3611 4766 νῦν

367 4822 431 4862 ac
462 4807 506 4860 si
545 4808 791 4864 diceret:
843 4809 1004 4863 Decet
1034 4825 1127 4865 vos
1166 4811 1337 4881 ipsum
1391 4822 1448 4866 ut
1510 4813 1674 4865 Deum
1722 4812 1933 4884 hymnis

2116 4814 2457 4887 ρικόπτοντες
2482 4811 2590 4863 τῶν
2623 4806 2948 4873 ἀποδείξεων
2968 4849 2982 4873 ,
3022 4807 3118 4861 νῦν
3156 4805 3273 4860 οὐδὲ
3305 4806 3610 4877 προφέρον-

367 4900 659 4966 celebrare,
709 4918 815 4956 non
864 4903 915 4957 iu
972 4904 1205 4958 secundo
1236 4905 1530 4959 divinitatis
1586 4904 1753 4975 gradu
1806 4922 1929 4960 eum

2116 4923 2127 4968 ;
2172 4906 2301 4968 ὅσας
2346 4904 2543 4973 ἐχρῆν·
2574 4900 2761 4955 ἄλλοτε
2791 4897 3100 4970 ἀποροῦντα
3132 4895 3412 4959 ποιοῦντες
3455 4896 3610 4949 αὐτὸν

367 4994 532 5063 209
568 4998 901 5062 collocando,
935 5000 1027 5053 sed
1072 4998 1124 5052 in
1160 4999 1369 5067 primo:
1406 5008 1463 5049 ut
1494 4999 1841 5052 securitatem
1875 5000 1929 5051 in

2116 4998 2164 5069 pi.
2191 4998 2289 5066 τὴν
2335 4995 2680 5065 ἀντιλογικὴν
2714 4993 2809 5046 καὶ
2855 4990 3237 5061 ἀποδεικτικὴν
3283 4989 3608 5059 ἀπόκρισιν·

367 5086 477 5139 vita
511 5085 620 5156 (49)
655 5087 920 5143 habeatis.
979 5088 1114 5144 Nam
1142 5090 1233 5159 qui
1268 5090 1528 5145 beneﬁcia
1561 5089 1792 5155 confert,
1826 5089 1929 5145 sibi

2116 5091 2192 5143 cui.
2226 5087 2530 5159 διαχέοντες
2567 5086 2662 5139 καὶ
2705 5084 2949 5148 ἀνιέντες
2992 5084 3150 5154 δῆθεν
3193 5081 3472 5145 πειθανοῖς
3516 5080 3618 5151 ρήο.

298 5210 321 5325 ξ
394 5234 395 5237 γ

2119 5336 2233 5405 (45)
2262 5335 2615 5402 Baptizantes.
2654 5333 2843 5405 Matth.
2874 5347 3069 5405 xxvnt,
3102 5330 3190 5386 i9.

2113 5400 2227 5477 (46)
2284 5400 2632 5477 pointestante.
2694 5403 2984 5477 Hebr._tt,
3040 5400 3097 5458 4.

2115 5472 2228 5545 (4'1)
2272 5474 2520 5545 Spiritus.
2552 5472 2707 5545 λούει.
2744 5489 2829 5545 ιιι,
2862 5472 2916 5545 8.

2116 5540 2226 5618 (48)
2267 5544 2497 5629 Spitjltts
2524 5554 2620 5598 est.
2655 5542 2827 5613 Epist.
2875 5542 2898 5597 ι
2944 5541 3101 5597 Joan.
3141 5557 3197 5607 ν,
3235 5540 3290 5597 6.
3335 5540 3474 5598 Vide
3503 5554 3603 5597 not.

2046 5616 2107 5670 ad
2126 5615 2302 5684 segni.
2338 5617 2406 5669 60
2437 5615 2486 5668 b.
3542 5688 3547 5693 _

2118 5685 2230 5755 (49)
2266 5683 2331 5737 In
2354 5686 2479 5740 rita.
2512 5682 2733 5754 Nempe,
2762 5692 2819 5738 ut
2856 5697 2958 5755 ego
2985 5683 3330 5754 interpretor,
3365 5702 3385 5735 ι
3424 5684 3476 5738 in
3510 5694 3599 5738 rita

2047 5766 2267 5812 interna.
2304 5773 2325 5808 ι

440 5335 551 5411 (45)
582 5335 1085 5411 Discretio.__Gra:ca
1125 5340 1292 5411 editio
1321 5355 1336 5395 :
1362 5338 1685 5411 διακρίσεις,
1730 5339 1782 5393 id
1829 5346 1932 5404 est,

376 5426 394 5461 ι
418 5408 785 5479 tliscretiones.
807 5428 826 5460 ι
862 5407 1140 5479 Vulguint.
1178 5409 1304 5479 legit
1331 5419 1386 5462 ut
1423 5407 1695 5479 Didymus.

440 5476 553 5544 (44)
611 5476 1425 5546 Aggreditur.‘Eodem'modo
1484 5476 1702 5533 verbum
1753 5478 1935 5548 ἐγχει-

374 5550 487 5620 ρεῖν
521 5549 780 5620 construit
806 5548 1050 5620 Clemens
1072 5550 1121 5620 in
1161 5550 1386 5615 septimo
1433 5549 1783 5620 Strontatum,
1816 5564 1936 5617 pag.

373 5617 502 5688 890.
518 5634 642 5688 eum
665 5618 739 5669 ait
772 5639 783 5673 :
816 5619 939 5680 Τοῖς
974 5618 1247 5688 μεγίστοις
1271 5617 1651 5688 ἐγχειροῦντας
1682 5618 1939 5688 πράγμα-

376 5705 447 5740 σι.
487 5686 723 5741 Notauda
764 5686 985 5757 quoque
1010 5705 1131 5749 vox,
1175 5686 1491 5759 ἀπροσήκῳ,
1532 5706 1636 5758 qua
1678 5686 1806 5744 usus
1840 5686 1938 5744 est

374 5768 561 5814 auctor
595 5760 751 5814 etiam
784 5775 950 5827 segni.
987 5759 1050 5811 77
1076 5766 1124 5813 υ.
