3676 6302
95 321 195 378 605

1112 324 1197 378 DE
1233 323 1608 380 TlilNITA'l‘E
1648 322 1846 379 LIBER
1889 323 2271 382 SECUNDUS.

3211 323 3317 380 606

92 451 221 501 μασι
288 434 388 507 τὴν
418 436 674 508 ἀλήθειαν
713 438 806 491 καὶ
844 437 903 491 τὸ
948 439 1209 508 ἐμμελές·
1255 441 1347 493 καὶ
1379 439 1563 503 ἁπλῶς
1600 441 1689 500 ὲν,

1866 443 1962 495 tias
1989 443 2095 511 agi,
2125 458 2188 497 ac
2218 457 2275 496 se
2305 440 2409 496 coli
2453 448 2636 495 amat:
2684 439 2850 511 quod,
2886 447 2946 494 ut
2979 440 3204 495 candide
3238 441 3319 493 lo-

88 527 261 580 οὖδενὶ
307 528 379 581 τὰ
419 528 608 597 λόγια,
642 529 678 582 ἃ
722 532 836 601 μετ’
872 530 1177 600 ἀξιώματος
1207 532 1302 586 τοῦ
1356 534 1656 604 πρέποντος

88 618 348 688 ἐχρήσθη.
384 620 679 690 τιθέμενοι⁹
708 623 787 685 είς
805 622 833 674 ὃ
852 622 909 675 δὲ
930 624 1111 686 αὐτοῖς
1132 624 1277 676 δοκεῖ
1304 624 1658 695 περιάγοντες

92 707 177 779 [96
210 708 265 780 a]
292 712 388 762 τὸν
429 710 613 779 λόγον,
658 713 750 765 καὶ
793 714 1016 777 ἑαυτοὺς
1067 714 1361 777 ἀνθοῦντας
1397 714 1524 785 περὶ
1564 714 1656 769 τὸν

89 802 282 852 οἰκεῖον
312 802 538 867 σκοπὸν,
566 804 659 856 καὶ
693 804 953 857 ἀπνευστὶ
978 804 1066 857 τὸν
1095 805 1248 873 λόγον
1272 804 1531 876 είροντας,
1562 804 1657 858 καὶ

89 892 310 958 νικητὰς
339 892 562 946 πάντων
598 895 733 963 μετὰ
753 896 1147 965 εὐλαϐοφανοῦς
1175 895 1451 967 εἰρωνείας
1472 895 1655 963 εἰσφέ-

94 998 289 1051 ροντεςθ
316 983 694 1053 διασύρουσιν,
747 986 821 1050 ὥς
869 1004 932 1056 γε
977 988 1274 1058 νομίξουσι,
1316 988 1413 1058 τὴν
1446 986 1656 1057 ὀρθοδ⁰’

92 1074 221 1137 ξίαν.
261 1076 422 1144 Ἔχει
451 1077 561 1146 δὲή
596 1078 689 1130 τοῦ
721 1078 1118 1133 Μακεδονιανοῦ
1152 1079 1301 1150 φωνὴ
1322 1079 1480 1149 δῆθεν
1507 1096 1658 1147 γενο-

92 1164 218 1233 μένη
269 1167 416 1234 πρὸς
457 1167 767 1237 ὁρθόδοξον,
812 1170 959 1223 τόνδε
1004 1170 1095 1224 τὸν
1142 1171 1367 1241 τρόπον·
1404 1170 1654 1239 Ἐλεγες’

89 1256 332 1325 Ἑνεργεῖ
356 1258 513 1320 Θεὸς
547 1262 758 1329 ἐνεργεῖ
787 1262 879 1315 καὶ
911 1262 1064 1329 ἅγιον
1097 1262 1338 1333 Πνεῦμα·
1365 1264 1456 1316 καὶ
1479 1265 1541 1316 ὲκ
1560 1262 1654 1315 τοῦ

89 1347 327 1413 ἐνεργεῖν
355 1350 453 1400 καὶ
474 1350 733 1421 ἐνεργεῖν,
765 1352 981 1404 ἐϐούλου
1004 1351 1064 1404 τὸ
1089 1353 1323 1423 ίσότιμόν
1343 1371 1398 1406 τε
1429 1354 1520 1406 καὶ
1546 1355 1656 1406 ἰσο-

87 1436 320 1504 δύναμον
342 1440 489 1511 ἁγίῳ
520 1443 793 1513 Πνεύματι
817 1446 909 1496 καὶ
938 1444 1055 1514 Θεῷ
1093 1444 1355 1515 ὑπάρχειν
1375 1486 1387 1497 .
1417 1443 1559 1511 Ἐγὼ
1600 1443 1657 1496 δὲ

88 1529 160 1580 Em
183 1529 280 1581 ἐπὶ
320 1532 640 1602 ἐτεροειδῶν
671 1552 730 1586 τε
764 1537 857 1589 καὶ
888 1536 1246 1607 διαφερόντων
1288 1539 1352 1608 τῇ
1382 1537 1539 1605 φύσει
1566 1537 1657 1590 καὶ

86 1619 190 1677 τοῖς
220 1619 509 1687 ὁρισμοῖς,
551 1621 612 1674 τὸ
652 1624 893 1695 ἐνεργεῖν
926 1624 1095 1695 ἰατροί
1122 1641 1181 1677 τε
1209 1625 1302 1678 καὶ
1346 1626 1540 1686 πάντες
1567 1625 1660 1678 ἄν-

90 1706 293 1777 θρωποι
322 1710 717 1781 λαμϐάνουσιν,
750 1715 857 1768 εἴτε
889 1717 980 1769 ἐπὶ
1016 1715 1221 1770 ὑδάτων
1258 1716 1473 1787 θερμῶν
1495 1759 1508 1780 ,
1549 1717 1657 1769 εἴτε

89 1799 169 1849 ἐπὶ
198 1799 316 1853 τῶν
349 1802 703 1873 ἐσθιομένων,
734 1808 841 1859 εἴτε
879 1807 970 1860 ἐπὶ
1001 1806 1257 1876 βοτανῶν,
1292 1808 1383 1859 ἐῶ·
1422 1806 1577 1859 τοῦτο
1601 1807 1657 1860 δὲ
1689 1784 1732 1838 Β

91 1890 241 1957 μόνον
269 1891 553 1963 δείκνυμι,
577 1896 657 1947 ὅτι
695 1898 790 1950 καὶ
818 1898 909 1951 ἐπὶ
932 1900 1029 1969 τῆς
1055 1900 1295 1962 ἐναντίας
1318 1900 1601 1971 δυνάμεως
1630 1904 1659 1954 ὁ

90 1982 214 2046 θεῖος
257 1985 464 2056 εἴληφε
511 1988 686 2057 λόγος,
723 1992 999 2062 εἰρηκότος
1041 1992 1136 2046 τοῦ
1169 1994 1488 2046 Ἀποστόλου
1532 1995 1660 2067 περὶ

90 2074 171 2125 τοῦ
200 2075 617 2147 Ἀντιχρίστουο
660 2101 678 2133 ι
713 2076 787 2134 OB
816 2084 962 2136 ἐστιν
990 2085 1023 2154 ἡ
1055 2084 1324 2157 παρουσία
1365 2085 1486 2139 κατ’
1516 2087 1661 2157 ἐνέρ-

89 2180 231 2229 γειαν
264 2167 367 2219 τοῦ
407 2169 620 2224 Σατανᾶ
647 2174 704 2224 ἐν
731 2175 860 2225 πᾶσι
909 2174 1153 2244 σημείοις
1182 2176 1274 2228 καὶ
1313 2175 1499 2246 τέρασι
1535 2175 1661 2245 ψεύ-

88 2255 216 2318 δους.
250 2276 273 2307 ι
305 2259 454 2330 Ὅρα
492 2257 605 2324 οὖν,
636 2264 787 2332 φησὶ,
815 2262 909 2317 τοῦ
947 2266 1186 2335 ἐνεργεῖν
1227 2266 1486 2338 ὀνόματος
1517 2269 1662 2338 ὁμω-

90 2345 266 2415 νύμως
307 2348 341 2418 ἢ
377 2350 711 2421 συνωνύμως
741 2352 1147 2425 λαμϐανομένου
1182 2356 1274 2408 ἐπὶ
1304 2356 1532 2420 πολλῶν,
1579 2356 1662 2420 είς

90 2436 136 2487 τί
152 2439 483 2507 κατήγαγες
502 2442 563 2493 τὸ
594 2442 746 2510 ἆγιον
782 2443 1025 2515 Πνεῦμαο
1054 2446 1148 2500 καὶ
1167 2447 1265 2500 οὑκ
1288 2446 1545 2516 ἐλογίζου,
1579 2448 1661 2500 ὅτι

89 2526 209 2589 Θεὸς
235 2530 344 2597 μὲν
365 2531 576 2602 κόσμον
612 2532 671 2597 ἐξ
702 2536 801 2587 οὐκ
828 2535 993 2588 ὄντων
1034 2539 1113 2600 εἰς
1142 2538 1202 2590 τὺ
1229 2534 1366 2590 εἶναι
1400 2538 1661 2611 πεποίηκέ

92 2636 144 2672 τε
170 2622 269 2673 καὶ
303 2624 639 2695 ἐνήργηκεν·
677 2626 831 2694 ἆγιον
863 2628 917 2681 δὲ
949 2630 1189 2700 Πνεῦμα,
1222 2630 1480 2702 διαίρεσιν
1509 2648 1665 2703 χαρι-

96 2710 315 2778 σμάτων
345 2714 409 2765 ἐν
430 2717 544 2776 τοῖς
572 2716 677 2768 ὑπὸ
695 2717 827 2771 Θεοῦ
849 2719 1161 2773 κτισθεῖσιν.
1195 2722 1503 2793 Γέγραπται
1532 2723 1661 2794 γάρ·

98 2820 114 2849 ι
143 2803 407 2873 Διαιροῦν
470 2806 576 2877 ἰδία
627 2808 841 2877 ἑκάστῳ
889 2810 1068 2875 καθὼς
1123 2812 1399 2882 βούλεταιο
1449 2816 1508 2868 οὐ
1566 2815 1665 2885 μὲν

93 2889 457 2962 δωρούμενον.
495 2915 515 2947 ι
548 2897 657 2949 Καὶ
686 2898 823 2963 πῶς,
860 2893 906 2953 ὦ
928 2901 1314 2965 Μακεδονιανὲ,
1344 2902 1464 2971 οὐχὶ
1492 2903 1665 2957 ταῦτα

95 2986 238 3055 παρὰ
274 2987 377 3049 τὰς
399 2988 613 3052 ἐννοίας
637 2990 753 3043 ἐστὶ
779 2990 877 3054 τὰς
901 2990 1240 3061 θεολογικάς;
1268 2993 1382 3055 πῶς
1412 2994 1469 3046 δὲ
1511 2993 1666 3046 αὑτό·

1756 550 1914 605 quar,
1952 534 2034 587 vel
2063 533 2292 588 ethnicis
2340 542 2682 601 c0mpertum
2714 532 2860 585 fuit:
2899 550 2918 583 ι
2970 530 3110 584 Bene
3154 530 3318 584 meri-

1760 634 1867 678 tum
1913 623 2026 694 (50)
2077 626 2286 680 blandis
2341 623 2784 678 retributionibus
2825 620 3263 676 remanet-amitti.
3292 637 3312 670 ι

1758 714 1815 770 Si
1873 717 2037 778 enim.
2080 715 2273 784 inquit,
2312 715 2655 785 praestantior
2691 713 2779 769 ille
2831 722 2914 767 est
2965 712 3055 781 qui
3103 711 3318 781 propria

1759 809 1875 878 ipse
1910 810 2233 864 auctoritate
2289 825 2352 863 ac
2396 817 2664 876 potestate
2703 806 2963 873 prmditus
3012 815 3113 866 est,
3155 818 3315 871 quam

1757 899 1844 954 ille
1888 899 1977 968 qui
2017 899 2240 954 alterius
2298 897 2548 968 potestati
2590 897 2897 966 subjicitur,
2929 895 3034 957 iam
3070 893 3198 946 illud
3232 906 3319 945 se-

1756 989 1957 1056 quitur,
2008 999 2066 1043 ut
2114 992 2275 1042 homo
2322 989 2506 1049 etiam,
2561 1003 2679 1041 cum
2727 988 2794 1039 sit
2847 1001 2957 1039 suae
3003 985 3312 1053 potestatis,

1756 1080 2094 1147 praestantior
2130 1094 2159 1131 a
2190 1079 2358 1143 vobis,
2388 1092 2420 1131 ο
2448 1077 2707 1141 haeretici,
2733 1075 2942 1129 dicatur
2973 1090 3113 1140 esse,
3154 1090 3313 1144 quam

1759 1171 1990 1240 Spiritus
2020 1183 2260 1226 sanctus.
2290 1172 2471 1240 Apage
2513 1171 2845 1225 intoleranda
2876 1170 3179 1239 lmjustnodi
3224 1170 3318 1222 de-

1757 1260 2059 1315 liramenta.
2107 1260 2473 1315 Macedoniani
2506 1274 2667 1327 porro
2697 1274 2783 1325 ea,
2823 1275 2941 1326 qua:
2984 1259 3176 1312 divinae
3223 1273 3317 1325 po-

1759 1355 1935 1407 lentia:
1972 1369 2030 1405 ac
2063 1364 2267 1407 natura:
2312 1352 2554 1421 symbola
2593 1360 2735 1413 sunt,
2776 1350 2997 1419 perinde
3039 1350 3317 1418 accipien-

1760 1456 1838 1499 tes
1877 1446 2027 1514 quasi
2060 1456 2295 1499 creatam
2348 1445 2664 1513 p0tentiam,
2711 1453 3067 1511 naturamque
3110 1442 3317 1511 signili-

1758 1549 1905 1601 cent,
1951 1538 2165 1591 fraudes
2218 1536 2613 1605 excogitarunt,
2651 1549 2715 1587 ac
2754 1534 2945 1587 litteris
2975 1534 3314 1595 mandarunt,

1758 1640 1921 1696 atque
1964 1629 2346 1691 orthodoxam,
2377 1638 2430 1681 et
2473 1625 2934 1688 Macedonianum,
2968 1624 3121 1692 quasi
3162 1623 3317 1676 binas

1762 1720 1958 1789 dialogi
2008 1734 2284 1785 personas.
2333 1718 2611 1787 loquentes
2645 1715 2994 1779 induxerunt,
3042 1723 3095 1768 et
3128 1713 3320 1767 ortho-

1760 1812 1881 1865 doxi
1932 1810 2329 1865 interlovutoris
2367 1808 2674 1863 testimonia
2703 1806 2813 1877 (51)
2848 1806 3004 1859 modo
3034 1806 3321 1858 detrunca-

1765 1916 1914 1966 runt,
1950 1904 2112 1955 modo
2152 1918 2219 1955 ne
2247 1910 2325 1955 tot
2357 1900 2572 1970 quidem
2608 1898 2966 1969 protulerunt,
3004 1904 3135 1964 quot
3160 1908 3316 1964 opor-

1762 1992 1937 2057 tebat;
1968 1991 2102 2044 alias
2144 2005 2273 2044 vero
2315 2004 2437 2043 eum
2464 1988 2751 2057 ancipitem
2783 1985 3164 2047 exhibuerunt,
3194 1981 3321 2051 quid

1759 2092 1947 2135 contra
1974 2082 2198 2145 diceret,
2224 2093 2397 2148 quove
2426 2086 2746 2148 argumento
2770 2074 2995 2143 objectis
3027 2072 3321 2141 responde-

1760 2180 1872 2236 ret;
1900 2184 1963 2223 ac
1992 2169 2071 2222 vel
2105 2168 2275 2237 ipsam
2308 2168 2615 2231 veritatem,
2666 2175 2722 2220 et
2764 2179 2939 2218 rerum
2993 2161 3324 2217 convenien-

1762 2263 1892 2316 tiam
1955 2262 2151 2331 ineptis
2208 2276 2357 2325 sane,
2416 2260 2761 2328 confusisque
2823 2254 3325 2311 ratiocinationibus

1762 2355 2124 2411 obscurarunt
2144 2370 2161 2408 :
2181 2364 2237 2408 et
2263 2352 2485 2407 omnino
2510 2353 2911 2420 Scripturarum
2940 2346 3178 2413 oracuia,
3202 2359 3325 2415 quae

1764 2463 1884 2503 cum
1935 2445 2271 2501 convenienli
2350 2444 2611 2515 dignitate
2676 2441 2784 2495 Deo
2847 2438 3062 2493 amante
3117 2436 3325 2506 prolata

1762 2546 1905 2602 sunt,
1937 2537 2089 2591 nihili
2123 2535 2324 2589 faciunt
2360 2552 2375 2590 :
2418 2536 2511 2587 sed
2548 2544 2868 2602 quocunque
2911 2528 3040 2597 ipsis
3089 2526 3326 2590 videtur,

1764 2628 2064 2681 orationem
2111 2626 2358 2688 trahunt,
2409 2639 2473 2678 ac
2502 2623 2818 2691 semetipsos
2866 2617 3198 2673 transierunt
3239 2615 3327 2685 ja-

1764 2724 2039 2783 ctantque.
2081 2714 2203 2768 dum
2239 2714 2291 2767 in
2323 2727 2405 2777 eo,
2449 2711 2591 2782 quod
2628 2710 2728 2765 sibi
2776 2710 2873 2778 ipsi
2906 2714 3326 2778 proposuerunt,

1764 2806 2057 2871 exsultant,
2094 2814 2148 2860 et
2195 2820 2498 2861 sermonem
2543 2817 2651 2857 uno
2690 2802 2883 2870 spiritu
2929 2801 3329 2870 protrahentes,

1764 2910 1818 2953 et
1845 2898 2166 2967 semetipsos
2199 2898 2351 2966 quasi
2394 2897 2633 2949 omnium
2667 2896 2902 2948 victores
2935 2906 3058 2945 cum
3096 2890 3327 2959 quadam

1768 2991 1939 3044 ironia
1997 2998 2052 3043 et
2121 2988 2548 3043 dissimulatione
2591 2994 2865 3057 gerentes,
2924 2981 3328 3044 orthodoxiam,

94 3093 269 3145 φωρος
298 3079 406 3130 ούκ
437 3078 586 3133 ἐστιν
624 3081 849 3136 αὐτόθεν
884 3086 916 3153 ή
965 3084 1280 3154 ὐπόκρισις;
1313 3087 1535 3157 Πρῶτον
1567 3087 1665 3157 μὲν

1872 3081 1951 3149 psi
2000 3080 2212 3148 quidem
2241 3080 2592 3141 arbitrantur,
2629 3074 2939 3145 suggillant,
2982 3082 3034 3126 et
3066 3078 3324 3139 carpunt;

95 3168 195 3239 γὰρ
226 3170 427 3239 ἐπειδὴ
457 3173 621 3223 πᾶσιν
646 3173 924 3241 ὁμόλογον,
948 3175 1029 3227 ὅτι
1054 3175 1113 3227 τὸ
1137 3176 1361 3245 ἐνεργεῖ
1391 3178 1538 3248 ῥῆμα
1575 3178 1667 3230 ἐπὶ

96 3260 370 3331 διαφόρων
408 3264 609 3316 οὐσιῶν
650 3281 710 3317 τε
751 3268 845 3318 καὶ
888 3268 1223 3338 πραγμάτων
1261 3271 1666 3338 κατηγορεῖται,

97 3350 232 3413 τίνος
273 3352 467 3404 εῖνεκα
493 3352 585 3404 τοῦ
615 3352 931 3423 κινουμένου
955 3355 1082 3425 περὶ
1107 3352 1254 3417 θείας
1281 3355 1374 3407 καὶ
1394 3351 1671 3424 ἐμφανοῦς

99 3445 379 3514 ἐνεργείας
408 3445 505 3497 τοῦ
534 3445 689 3513 ἁγίου
721 3446 1035 3517 Πνεύματος
1080 3447 1250 3508 ὄντος,
1295 3447 1359 3498 σὺ
1393 3448 1471 3509 εἰς
1508 3445 1671 3516 μέσον

102 3538 430 3603 παρήγαγες
484 3537 520 3589 ἃ
574 3538 912 3607 παρήγαγες,
963 3538 1058 3591 καὶ
1106 3539 1169 3590 ὲκ
1211 3537 1400 3590 τούτου
1446 3536 1673 3607 ὕϐρισας

106 3626 301 3693 μᾶλλον
350 3628 386 3696 ἢ
440 3627 705 3697 ἐπῄνεσας
738 3628 830 3699 [96
872 3630 922 3701 b]
970 3630 1032 3681 τὸ
1080 3628 1302 3700 Πνεῦμα
1352 3627 1446 3682 τοῦ
1501 3627 1671 3695 Θεοῦ;

111 3719 338 3772 Ἔπειτα
370 3721 435 3772 ού
469 3722 549 3789 τῷ
584 3721 920 3791 ὁμωνύμως,
958 3722 992 3792 ἢ
1047 3721 1411 3791 συνωνύμως,
1477 3721 1570 3774 ἐπί
1614 3739 1675 3774 τε

106 3810 194 3864 τοῦ
230 3812 417 3873 Θείου,
455 3813 547 3864 ἐπί
581 3830 641 3864 τε
674 3812 931 3883 βοτανῶν,
964 3814 1059 3867 καὶ
1093 3814 1185 3867 τοῦ
1214 3815 1424 3867 Σατανᾶ
1466 3814 1678 3885 λαμϐά-

1769 3176 1848 3230 sic
1882 3183 2061 3227 autem
2115 3172 2168 3225 in
2207 3185 2271 3224 eo
2319 3169 2533 3237 dialogo
2579 3167 2995 3221 Macedonianus
3029 3164 3332 3231 disputans,

1770 3283 1832 3320 ac
1847 3265 2201 3319 orthodoxum
2228 3260 2784 3331 alloquensiuducitnr
2805 3277 2817 3313 ε
2839 3255 3025 3311 Dixisti
3044 3254 3179 3325 (52),
3194 3250 3338 3324 Ope-

1771 3369 1923 3411 ratur
1956 3357 2127 3421 Deus;
2158 3361 2411 3423 operatur
2440 3352 2600 3406 etiam
2632 3350 2865 3421 Spiritus
2897 3358 3152 3403 sanctus:
3190 3354 3245 3400 et
3266 3359 3333 3400 ex

1772 3463 1836 3503 eo
1860 3448 2000 3515 quod
2031 3446 2173 3499 Deus
2206 3454 2482 3513 operetur,
2520 3453 2575 3496 et
2622 3441 2857 3511 Spiritus
2890 3447 3110 3493 sanctus
3140 3450 3333 3506 opere—

1775 3548 1881 3604 tur,
1912 3537 2098 3591 inierri
2142 3535 2377 3600 volebas,
2421 3532 2679 3601 Spiritum
2720 3540 2966 3585 sanctum
2997 3542 3116 3582 esse
3145 3525 3335 3595 aequati

1774 3631 1979 3685 honore
2007 3628 2251 3697 dignum,
2304 3636 2359 3681 et
2408 3624 2600 3693 mquali
2636 3622 2874 3691 potentia
2920 3620 3224 3688 prmditum,
3269 3629 3338 3671 ac

1776 3722 1943 3776 Deum
1980 3739 1995 3774 :
2038 3734 2137 3789 ego
2169 3731 2293 3771 vero
2325 3716 2451 3770 illud
2476 3715 2688 3784 quidem
2714 3714 2926 3777 omitto,
2957 3710 3095 3779 quod
3126 3710 3192 3763 de
3245 3722 3337 3762 re-

1776 3815 1877 3869 bus
1910 3814 2134 3867 diversaa
2160 3809 2321 3878 210
2357 3806 2576 3877 speciei,
2604 3816 2660 3861 et
2686 3812 2901 3867 natura,
2931 3817 2994 3856 ac
3018 3798 3335 3854 definitione

110 3903 291 3957 νεσθαι
329 3904 434 3974 τὴν
470 3904 614 3969 λέξιν
644 3905 741 3974 τὴν
773 3905 1032 3975 ἐνεργεῖ·
1067 3906 1199 3959 ἀλλὰ
1234 3910 1346 3970 τοῖς
1370 3907 1680 3978 προσώποις

1866 3921 1919 3960 er
1945 3919 2002 3959 se
2030 3904 2256 3958 diversis
2294 3900 2537 3968 mergite,
2574 3897 2625 3950 id
2666 3906 2749 3951 est
2811 3892 3128 3971 operationis
3183 3903 3341 3942 voca-

112 4000 201 4049 καὶ
237 4002 303 4068 τῇ
340 4000 445 4069 τῆς
481 4000 763 4066 ἐνεργείας
808 3998 1036 4070 διαφορᾷ
1075 4000 1360 4071 προσέχειν
1400 4002 1537 4071 χρήο
1585 4000 1679 4054 καὶ

1866 4002 1963 4048 lum
1999 4007 2119 4049 cum
2153 3989 2368 4053 medici,
2420 3998 2530 4041 tum
2560 4000 2747 4040 omnes
2772 3984 3018 4038 homines
3046 3979 3337 4047 accipiunt,

113 4091 205 4160 τὴν
236 4067 423 4158 κρίσιν
453 4090 560 4143 τῶν
582 4092 712 4160 περί
742 4090 836 4143 τοῦ
868 4067 1049 4143 θεῐκοῦ
1078 4067 1592 4160 Πνεύματος-λόγων
1620 4108 1678 4143 τε

1871 4105 1900 4143 e
1928 4087 1993 4141 de
2017 4083 2172 4152 aquis
2198 4080 2388 4137 calidis
2412 4092 2716 4133 sermonem
2752 4074 3004 4139 habeant,
3034 4072 3150 4125 sive
3176 4071 3240 4123 de
3263 4067 3342 4122 ci-

116 4184 203 4233 καὶ
253 4180 599 4250 πραγμάτων
650 4179 786 4251 πρὸς
834 4180 924 4233 τὸν
969 4180 1133 4242 Θεὸν,
1172 4180 1262 4232 τὸν
1301 4182 1366 4251 τῇ
1405 4178 1545 4243 λέξει
1587 4178 1679 4232 τοῦ

1866 4214 1903 4241 η,
1956 4176 2068 4230 sive
2115 4175 2179 4228 de
2231 4169 2431 4224 herbis.
2489 4166 2601 4221 Hoc
2649 4175 2827 4219 autem
2878 4163 3049 4218 solum
3092 4160 3340 4221 ostendo.

119 4274 350 4343 ἐνεργεῖν
376 4272 708 4341 ύμνηθέντα,
733 4273 810 4335 ὼς
841 4272 1142 4343 πρόκειται,
1174 4271 1308 4323 ἀλλὰ
1350 4271 1422 4341 μὴ
1450 4271 1584 4341 πρὸς
1613 4268 1683 4323 τά

1866 4267 1925 4321 ad
1955 4266 2119 4319 etiam
2161 4262 2225 4314 de
2251 4257 2563 4313 adversaria
2590 4256 2791 4309 virtute
2821 4253 3033 4306 divinus
3066 4264 3242 4304 sermo
3280 4246 3343 4300 ii-

120 4365 268 4432 .‘ﬁgu
296 4364 396 4415 καὶ
429 4362 562 4431 πρὸς
578 4362 667 4413 τὸν
695 4362 917 4431 ῥιφέντα
941 4360 1169 4429 δαίμονα
1191 4359 1479 4414 ποιεῖσθαι.
1501 4361 1684 4413 Ἐπει-

1866 4359 1873 4411 l
1902 4356 2128 4425 accepit,
2158 4368 2279 4408 cum
2313 4351 2381 4405 de
2425 4348 2755 4402 Antichristo
2782 4343 2980 4398 dixerit
3016 4340 3302 4409 Apostolus
3324 4353 3343 4391 :

123 4431 181 4523 δὴ
212 4456 269 4507 τὸ
300 4457 404 4524 μὲν
444 4454 667 4523 Πνεῦμα
690 4454 751 4506 τὸ
778 4454 930 4521 ἅγιον
965 4455 1100 4524 μετά
1132 4453 1223 4506 τοῦ
1247 4452 1365 4522 Θεῷ
1388 4452 1684 4522 πρέποντος

1866 4450 2009 4518 Sujus
2050 4446 2159 4517 (55)
2192 4453 2275 4498 est
2326 4442 2588 4496 adventus
2636 4438 2924 4524 secundum
2978 4431 3344 4501 operationem

128 4514 458 4615 σεδὼματος
489 4514 882 4616 μνημονεύεται
917 4514 976 4597 ἐν
1006 4545 1103 4618 ὅλῃ
1135 4548 1198 4615 τῇ
1238 4514 1363 4614 περίι
1410 4514 1572 4597 αὐτοῦ
1605 4514 1689 4597 eii-

1871 4514 2029 4602 taiiae,
2061 4514 2116 4592 in
2142 4514 2403 4590 omnibus
2437 4529 2605 4601 signis
2633 4514 2691 4583 et.
2730 4526 2987 4596 prodigiis
3013 4520 3298 4577 mendacii.
3320 4536 3341 4570 ι

132 4613 417 4709 ρισκομένῃ
452 4613 509 4691 ἐν
545 4613 757 4707 ἑκάστῳ
790 4638 974 4708 χωρίῳ
1009 4613 1346 4709 συμφρ-άσει·
1379 4636 1447 4689 τὰ
1479 4636 1534 4689 δὲ
1571 4637 1688 4689 κτί-

1869 4650 1918 4687 m
1951 4647 2099 4700 ergo,
2150 4627 2420 4697 inquiunt,
2449 4624 2672 4677 verbum
2720 4620 2842 4684 hoc,
2893 4614 3119 4684 operari,
3161 4613 3350 4689 homo-

137 4747 297 4798 σματα
342 4707 443 4783 καὶ
477 4734 506 4783 ὁ
545 4730 770 4799 δαίμων,
812 4707 1019 4781 ἑαυτῶν
1050 4707 1232 4794 ἀξίως.
1267 4729 1442 4800 Ὅπερ
1486 4730 1559 4799 μὴ
1587 4746 1689 4798 φυ-

1866 4738 1949 4777 ine
2017 4732 2108 4774 aut
2152 4728 2449 4789 synonyme
2492 4712 2559 4766 de
2603 4710 2788 4765 multis
2840 4707 3001 4761 rebus
3036 4711 3347 4770 usurpetur,

132 4822 323 4875 λάττων
362 4824 429 4874 σὺ
461 4827 490 4875 ὁ
518 4823 950 4886 Μακεδονιανὸς,
984 4823 1117 4893 μηδὲ
1150 4820 1549 4886 διαγινώσκων,
1597 4819 1689 4873 τοῦ

1866 4816 1912 4867 Ie
1942 4827 2050 4883 quo
2091 4809 2350 4879 deieceris
2413 4820 2477 4859 ac
2519 4799 2848 4871 depresseris
2882 4804 3124 4850 sanctum
3173 4789 3349 4859 Spiri-

139 4915 225 4980 μὲν
251 4915 504 4985 δαίμονος
544 4914 604 4966 τὸ
639 4881 947 4983 δυσμενὲς-,ν
972 4881 1067 4965 τοῦ
1103 4912 1159 4965 δὲ
1200 4881 1352 4980 ἁγίου
1382 4881 1689 4982 Πνεύματος

1866 4922 1904 4958 ιιι
2021 4915 2195 4971 neque
2240 4898 2370 4953 illud
2426 4891 2709 4964 reputasti,
2764 4887 2905 4957 quod
2950 4885 3091 4939 Deus
3135 4881 3351 4950 quidem

169 5119 487 5200 ,βολβίνης
527 5122 791 5200 meritum.
835 5116 1275 5200 Qgsumpta'hzec
1314 5123 1438 5168 sunt
1483 5129 1549 5200 elx
1589 5111 1696 5166 Do-

144 5185 241 5244 rico
287 5185 463 5259 aliquo
499 5192 796 5259 scripture,
856 5190 1088 5259 Pindaro
1131 5188 1402 5259 fortasse;_
1428 5198 1458 5237 e
1499 5185 1691 5259 deper-

86 5304 97 5329 τ
147 5263 255 5329 ditis
313 5248 522 5313 scilicet
599 5248 718 5328 ejus
784 5248 1147 5329 carminibus.
1208 5255 1309 5329 Pro
1374 5255 1531 5329 aqua
1568 5248 1689 5329 αῖς,

90 5324 97 5345 ⁷
148 5328 248 5399 lego
281 5332 522 5399 ἀγαναῖς.
574 5319 762 5384 Simile
807 5330 934 5382 illud
987 5319 1459 5399 Tltebaniupoetae
1510 5323 1572 5399 ⁸ἱιι

148 5390 289 5467 Pyth.
319 5390 415 5453 uda
450 5390 718 5454 ε’Ἑκόντι
752 5401 929 5452 τοίνυν
963 5396 1160 5467 πρέπει
1190 5390 1313 5467 Νρῳ
1346 5393 1438 5445 τὸν
1471 5390 1689 5467 εύεργέι-

147 5460 233 5521 ταν
273 5471 647 5525 Ύπαντιάσαι.
688 5469 748 5522 Et
781 5472 833 5522 in
880 5467 943 5521 Ill
996 5460 1183 5519 Isthm.
1219 5460 1329 5518 Otia
1388 5481 1400 5515 :
1475 5460 1594 5532 Χρὴ
1632 5460 1689 5513 δὲ

149 5540 444 5607 κωμάζοντα
471 5542 702 5609 ἀγαναῖς
725 5542 1016 5610 Χαρίτεσσι
1043 5533 1415 5610 βαστάσαιίβι
1437 5532 1690 5610 Gallium:

153 5599 367 5745 ilslud
406 5599 598 5683 Hyuin.
638 5599 697 5662 iii
736 5599 959 5662 Dianam
986 5626 1003 5664 :
1030 5599 1261 5675 Χάριτος
1297 5602 1355 5656 δέ
1394 5618 1477 5653 τοι
1518 5599 1689 5652 ἔσσετ’

189 5695 200 5713 ν
222 5696 266 5729 οι
300 5681 350 5745 ἡ.

189 5695 350 5749 pawn.

219 5740 329 5820 (δυ’
356 5749 693 5805 Testimonia.
724 5746 775 5800 in
798 5746 1001 5811 Graeco,
1027 5743 1364 5808 ἀποδείξεων.
1397 5740 1549 5795 Decst
1579 5740 1689 5794 for-

1796 5087 1946 5163 tasse“
1970 5105 2148 5173 aliqua
2171 5095 2473 5173 vox_.__v_erbi
2499 5094 2688 5173 gratia,
2713 5087 2905 5173 τινάςεε

2706 5174 2809 5211 non
2844 5144 3053 5248 ltiti-ym-i

1796 5225 2162 5303 Macedoniam
2203 5237 2520 5305 scriptoris,
2562 5247 2720 5305 quem
2769 5225 3046 5305 confidat;
3097 5225 3353 5305 nimirum

2580 5287 2835 5371 ’Ἔνεργεῖ
2871 5293 3034 5357 Θεός,
3067 5305 3232 5373 usque
3264 5287 3350 5373 ad,

1793 5357 2664 5457 δι’ᾇῆἷὲᾦρὄόῂένοὶςυέυίοοτ
2703 5357 2882 5422 autem
2916 5382 2977 5419 ea
3022 5375 3140 5416 esse
3171 5357 3352 5412 Mara-

1932 5473 1988 5507 11.

1798 5461 1988 5610 ώιξὲἓ).
2017 5521 2201 5610 ΟᾸιῙιιε.
2236 5518 2279 5572 ll
2300 5516 2389 5610 ἐξά.
2404 5517 2686 5610 Τιιιρ188.ιιι,
2717 5501 3225 5610 τυξζλτᾶξὲὶ
3254 5510 3352 5610 :2:

1799 5565 1993 5668 μείξὲ,
3133 5565 3225 5620 καὶ
3255 5577 3349 5634 σιδ-

1800 5651 1992 5737 μείοις,
2019 5664 2068 5717 id
2110 5672 2212 5725 cst,
2243 5679 2260 5710 ι
2298 5660 2348 5712 in
2372 5656 2518 5713 omni
2550 5651 2746 5707 virtute
2768 5658 2822 5701 et
2848 5651 3033 5714 signis.
3070 5656 3092 5692 ι
