3676 6328
394 318 497 373 007

1616 318 1678 373 Dl
1688 317 1848 376 DYMI
1888 315 2357 373 ALEXANDBINI
3501 315 3585 370 608

395 430 650 486 mundum
680 446 747 485 ex
782 430 952 486 nihilo
976 431 1040 485 ad
1078 431 1449 488 exsistentiam
1480 434 1686 498 eduxit,
1718 449 1840 488 eum

2134 432 2329 501 φίλιον,
2358 433 2436 493 εἰς
2465 430 2607 500 ειπερ
2637 432 2701 482 ἐκ
2734 429 2825 483 τοῦ
2866 426 3297 499 περισσεύματὸς
3325 444 3415 480 σου
3437 445 3584 495 Αεγεις

393 533 448 576 et
474 522 599 576 fecit
643 531 970 591 etoperatus
999 531 1115 589 est;
1153 523 1385 592 Spiritus
1404 533 1581 577 autem
1616 534 1837 579 sanctus
1866 528 1947 578 di-

393 613 654 666 visionem
709 613 1098 668 charismatum
1148 616 1201 668 in
1255 615 1340 679 iis,
1401 614 1490 683 qui
1542 629 1572 667 a
1622 614 1734 669 Deo
1782 616 1949 671 creati

394 713 541 765 sunt,
572 712 824 769 operatus
852 713 956 758 est.
996 702 1272 773 Scriptum
1304 713 1388 760 est
1420 706 1562 759 enim
1594 722 1608 758 :
1642 723 1661 755 ι
1704 706 1951 760 Dividens

394 806 634 846 seorsum
667 794 894 863 singulis
924 797 1274 865 proutvultp
1311 810 1416 849 non
1438 811 1588 858 vero,
1627 795 1945 865 «largiens.»

394 883 463 935 At
491 884 756 949 quomodo
788 900 893 938 non
918 887 1087 952 vides,
1120 901 1154 940 ο
1187 886 1585 949 Macedoniane,
1639 887 1951 955 tlieologicis

397 973 679 1027 sententiis
736 983 897 1042 atque
940 974 1475 1041 interpretationibus
1523 974 1707 1028 istbzee
1753 989 1953 1042 nequa-

2052 522 2402 592 καταφέρεις,
2423 521 2482 573 τό
2498 537 2560 588 γε
2588 522 2679 573 ἐπὶ
2712 521 2815 583 σοὶ,
2848 522 2945 591 τὴν
2980 518 3305 590 ἀσύγκριτον
3328 517 3476 581 δόξαν
3508 519 3584 572 τοῦ

2052 612 2185 665 Θεοῦ
2220 612 2449 683 Πατρὸς,
2474 612 2567 664 τοῦ
2595 611 2950 681 ὁμοιολεξίαις
2977 611 3069 663 ἐπὶ
3096 610 3254 662 θείων
3280 609 3584 678 πραγμάτων

2050 700 2542 770 ἀνευφημηθέντος,
2572 702 2666 754 καὶ
2689 700 2781 754 τοῦ
2808 700 3122 771 Πνεύματος
3146 698 3310 751 αὐτοῦ
3332 714 3346 727 ο
3370 698 3457 751 καὶ
3483 699 3584 750 έλα-

2054 789 2145 853 θες
2187 790 2408 853 εἰκότως
2452 790 2619 854 τάξας
2663 791 2853 843 ἑαυτὸν
2898 790 2956 843 ἐν
2995 791 3107 851 τοῖς
3141 787 3311 856 ὑγιῶς
3342 787 3583 857 φρονοῦσι.

2054 882 2296 953 Πρόσεχε
2340 882 2398 935 δὲ
2444 882 2658 952 μᾶλλον,
2700 882 2781 934 ὅτι
2830 882 2887 933 ἐν
2931 882 3041 943 τοῖς
3085 877 3474 950 προκειμένοις,
3501 880 3587 947 πρὸ

2036 972 2146 1043 τοῦ
2166 971 2299 1024 Θεοῦ
2325 971 2533 1041 Πατρδς
2562 971 2652 1025 καὶ
2676 970 2769 1024 τοῦ
2798 968 2953 1032 Υἱοῦ,
2972 970 3031 1021 τὸ
3058 970 3210 1035 ἆγιον
3240 965 3457 1036 Πνεῦμα
3470 968 3587 1037 πρῶ-

398 1078 557 1133 quam
602 1074 961 1119 consentanea
1012 1081 1149 1128 esse,
1188 1076 1341 1133 teque
1384 1081 1450 1118 ex
1498 1066 1584 1119 his
1641 1067 1794 1135 ipsis.
1833 1081 1954 1135 quae

400 1156 555 1223 dicis,
600 1156 1278 1226 bypocriseos'manifesto
1324 1159 1622 1213 convinci?
1668 1159 1797 1212 Nam
1842 1159 1954 1227 pri-

401 1261 545 1299 mum
564 1246 779 1300 verbum
815 1250 934 1309 boc,
968 1250 1199 1319 ἐνεργεῖ,
1217 1248 1265 1302 id
1284 1259 1385 1313 est,
1407 1269 1424 1301 ι
1448 1261 1720 1318 operatur.
1742 1268 1761 1299 ι
1785 1250 1849 1302 de
1876 1250 1955 1303 di-

400 1339 571 1393 versis
601 1339 873 1404 essentiis,
905 1356 970 1393 ac
1020 1344 1179 1395 rebus
1209 1344 1517 1408 praedicari,
1563 1357 1750 1396 omnes
1790 1341 1955 1395 fateno

404 1437 531 1481 tur:
573 1444 804 1497 quanam
846 1446 974 1495 ergo
1022 1432 1088 1484 de
1136 1446 1318 1493 causa,
1371 1447 1491 1485 cum
1542 1433 1596 1485 in
1642 1447 1726 1497 eo,
1758 1432 1823 1486 de
1850 1446 1959 1501 quo

403 1518 597 1587 agitur,
647 1528 795 1573 textu
832 1522 897 1575 de
931 1521 1111 1575 divina
1166 1532 1221 1575 et
1250 1521 1533 1577 manifesta
1576 1521 1809 1592 Spiritus
1836 1539 1855 1577 ε

2137 1536 2144 1547 '
2173 1512 2248 1571 ὧν
2278 1517 2503 1587 οὐδεμία
2523 1516 2718 1581 ἔξωθεν
2755 1515 3104 1568 ὑπολείπεται
3130 1515 3279 1576 δόσις
3313 1512 3489 1582 θεῖκῆς
3518 1517 3589 1565 δω-

403 1608 474 1663 cti
500 1609 811 1679 operatione
839 1625 1017 1665 sermo
1042 1610 1131 1673 sit,
1163 1626 1225 1665 ea
1272 1621 1327 1666 tu
1359 1612 1412 1665 in
1460 1612 1691 1665 medium
1728 1613 1855 1666 addu

2136 1610 2192 1672 ἰς
2224 1608 2348 1671 ἰδία,
2383 1610 2477 1661 καὶ⁸
2505 1601 2578 1661 ὧν
2599 1610 2626 1661 6
2656 1607 2730 1678 μὴ
2754 1606 3058 1676 τυγχάνων,
3082 1605 3157 1668 ὼς
3185 1604 3339 1675 παρά
3372 1602 3454 1656 τοῦ
3480 1604 3588 1657 Θεοῦ

404 1700 494 1762 sti.
536 1710 697 1771 atque
743 1699 844 1756 bac
886 1701 1097 1756 ratione
1141 1702 1466 1756 contumelia
1514 1705 1689 1773 potius
1735 1704 1856 1759 all‘et

2138 1700 2366 1769 ομένων,
2400 1698 2598 1751 ἀθλίων
2623 1700 2771 1751 ἐστὶν
2796 1696 3119 1765 ἀθλιώτερος
3137 1714 3150 1725 ·
3196 1695 3291 1747 καὶ
3318 1697 3347 1747 6
3376 1695 3445 1765 μὴ
3480 1696 3590 1747 οὕτω

404 1790 663 1859 Spiritum
712 1792 826 1857 Dei,
860 1806 1025 1862 quam
1059 1792 1329 1848 laudasti?
1368 1794 1571 1850 Deinde
1608 1812 1709 1850 non
1745 1798 1846 1852 hoc

2137 1792 2287 1860 άφων
2330 1808 2388 1843 τε
2446 1791 2540 1842 καὶ
2587 1788 2780 1853 λέγων,
2829 1788 3043 1850 ἀνίατος
3088 1786 3262 1857 μένει,
3308 1788 3428 1856 μήτ’
3463 1788 3588 1848 αὐτὸς

406 1883 726 1942 tendendum
755 1893 856 1951 est,
885 1886 1026 1953 quod
1049 1884 1153 1952 ais,
1180 1884 1504 1955 homonyma
1547 1896 1637 1939 aut
1671 1901 1858 1957 synon)

2140 1880 2456 1951 μελούμενος,
2495 1880 2620 1951 μήτ’
2642 1878 2833 1942 ἀλλους
2864 1878 3117 1946 ὠφελῶν,
3156 1875 3294 1930 ἀλλά
3329 1875 3416 1946 [97
3443 1874 3492 1946 ιι]
3522 1878 3592 1928 καὶ

401 1988 527 2027 cum
554 1973 620 2027 de
644 1972 777 2040 Deo,
812 1982 921 2029 tum
948 1976 1015 2030 de
1046 1978 1248 2045 herbis,
1280 1978 1422 2031 etde
1446 1974 1645 2031 Satana
1681 1978 1849 2045 accipi

2139 1973 2333 2025 έιπτωνο
2364 1974 2457 2025 καὶ
2485 1972 2565 2024 ὅτι
2598 1970 2772 2023 ταῦτα
2806 1971 2983 2023 πάντα
3028 1969 3239 2038 ἐνεργεῖ
3271 1967 3331 2019 τὸ
3365 1966 3419 2019 ἓν
3448 1968 3528 2018 καὶ
3549 1968 3591 2020 τὸ

402 2078 520 2118 cem
546 2065 774 2134 ἐνεργεῖ,
805 2063 857 2118 id
874 2073 977 2131 est,
1009 2086 1027 2117 ι
1054 2078 1340 2136 operatur;
1368 2084 1387 2119 ι
1408 2066 1501 2122 sed
1522 2081 1762 2135 personae
1783 2074 1854 2121 atl

2139 2062 2191 2114 τὸ
2218 2061 2457 2132 Πνεῦμα,
2486 2060 2630 2114 τοῦτ’
2664 2059 2810 2112 ἐστιν
2840 2061 2984 2111 ποιεῖ
3004 2074 3060 2111 τε
3096 2058 3190 2110 καὶ
3228 2057 3485 2127 παρέχει·
3513 2058 3591 2108 όδὲ

403 2155 591 2209 dende
622 2164 769 2219 sunt,
800 2164 958 2225 atque
984 2160 1357 2227 operationum
1394 2160 1705 2216 discrimina
1737 2178 1750 2214 :
1786 2175 1851 2215 ac

2138 2151 2343 2203 ’ταῦτα
2389 2149 2648 2220 ἐνεργῶν,
2696 2150 2791 2201 καὶ
2846 2150 2926 2211 εις
2972 2148 3148 2201 πάντα
3198 2147 3497 2216 ἐνεργήσει,
3525 2146 3590 2198 καῖ

406 2245 491 2309 iis,
526 2260 644 2315 quae
677 2246 742 2299 ad
766 2246 1005 2303 divinum
1034 2249 1294 2320 Spiritum
1337 2252 1589 2315 attinent,
1623 2251 1738 2306 sive
1764 2252 1858 2306 doc

2141 2242 2310 2314 ενδεής
2336 2245 2502 2294 ἐστιν·
2530 2243 2559 2293 6
2596 2240 2653 2293 δὲ
2682 2239 2954 2309 ἀνενδεὴς,
2981 2239 3225 2309 ἀπαθής·
3252 2239 3283 2289 6
3313 2238 3369 2290 δέ
3398 2236 3593 2306 ἀπαθὴς,

407 2335 524 2402 nis,
561 2337 674 2392 sive
705 2341 890 2404 rebus,
918 2339 1177 2409 judicium
1224 2342 1401 2398 facere
1437 2352 1669 2413 oportet,
1716 2358 1819 2396 non

2140 2336 2209 2398 ός.
2236 2330 2313 2387 Ἦ
2341 2330 2448 2403 ἆρα
2479 2332 2572 2385 ἐὰν
2603 2331 2827 2403 λέγηται
2870 2331 2999 2401 περὶ
3046 2330 3139 2383 τοῦ
3189 2329 3329 2381 Θεοῦ
3387 2330 3592 2399 Πατρός·

2068 2446 2086 2478 ι
2128 2425 2331 2497 Κύριος
2357 2425 2577 2487 δυνατὸς
2600 2427 2656 2476 ἐν
2677 2424 2916 2494 πολέμῳ·
2941 2443 2958 2474 ι
2989 2423 3102 2483 καὶ,
3133 2440 3151 2472 ι
3190 2422 3431 2485 Γνωστὸς
3457 2423 3505 2474 ἐν
3538 2425 3589 2491 τῇ

2063 2517 2293 2589 Ἰουδαίᾳ
2320 2519 2349 2569 6
2380 2516 2530 2579 Θεὸς,
2570 2535 2592 2570 ι
2631 2517 2724 2570 καὶ
2754 2516 2853 2569 ὅσα
2879 2514 3118 2568 τοιαῦτα·
3148 2515 3207 2567 ἐν
3230 2514 3409 2575 ἄλλοις
3429 2513 3483 2565 ού
3505 2529 3579 2582 νοη

2064 2606 2287 2676 θήσεται
2320 2606 2576 2673 δυνατὸς,
2625 2608 2718 2661 καὶ
2766 2607 3147 2678 ἐνεργητικὸς,
3190 2606 3289 2659 καὶ
3334 2605 3594 2673 ἐπιφανής;

2065 2700 2268 2770 Σκέψαι
2306 2699 2362 2752 δὲ
2416 2699 2648 2765 ὁμοίως,
2699 2700 2782 2752 ὅτι
2834 2699 3014 2752 πᾶσαν
3065 2698 3163 2763 μὲν
3199 2696 3595 2767 ἀπαμφιέννυσιν

2066 2791 2345 2863 αἱρετικὴν
2394 2788 2824 2859 πειθανολογίαν,
2874 2788 3229 2857 διεγγυῶνται
3272 2789 3329 2841 δὲ
3370 2788 3593 2857 διαφόρως

2064 2884 2162 2952 τὴν
2193 2881 2381 2952 θεῖκὴν
2401 2880 2564 2933 αὐτοῦ
2597 2880 3048 2949 αὐτεξουσιὸτητα
3067 2921 3081 2944 ,
3109 2880 3207 2949 τὴν
3232 2878 3498 2949 ὁμόφρονα
3524 2877 3594 2929 τοῦ

2067 2975 2307 3045 Πατρὸς,
2341 2974 2436 3026 καὶ
2463 2972 2555 3026 τοῦ
2585 2970 2714 3024 Υἱοῦ
2734 3010 2749 3035 ,
2776 2973 2833 3025 αἱ
2866 2971 3005 3024 οὕτω
3053 2969 3399 3023 διαλαλοῦσαι
3437 2967 3594 3032 λέξεις·

2074 3085 2091 3117 ι
2130 3064 2284 3119 Κατά
2311 3064 2409 3135 τὴν
2441 3064 2603 3116 αὐτοῦ
2627 3062 2862 3133 θέλησιψ
2900 3082 2918 3113 ι
2956 3063 3071 3125 καὶ,
3103 3080 3121 3113 ι
3151 3064 3361 3133 Διαιρεῖ
3392 3062 3487 3131 ἰδία
3504 3059 3593 3111 ἐκάν

2073 3175 2180 3227 στῳ
2211 3155 2390 3218 καθὼς
2429 3156 2695 3225 βούλεται*
2725 3174 2744 3207 ι
2783 3154 2876 3208 καὶ
2909 3155 2989 3207 ὅτι
3023 3157 3478 3226 συνεπιμαρτυρεί
3502 3154 3598 3206 τού-

2069 3266 2200 3311 τοις,
2239 3248 2266 3300 ὃ
2296 3264 2351 3299 τε
2385 3247 2515 3310 Θεὸς
2568 3246 2755 3317 Πατὴρ
2797 3245 3041 3316 σημείοις
3089 3246 3183 3299 καὶ
3225 3246 3462 3317 τέρασιν,
3506 3247 3597 3296 ὅτε

2071 3336 2256 3408 Σωτὴρ
2292 3336 2492 3404 λέγων’
2536 3356 2553 3387 ι
2603 3335 2674 3389 Τὸ
2721 3335 2945 3407 Πνεῦμα
2974 3337 3074 3407 τῆς
3103 3336 3382 3406 ἀληθείας,
3416 3336 3443 3389 6
3483 3337 3598 3404 παρὰ

2069 3430 2162 3483 τοῦ
2192 3429 2404 3500 Πατρδς
2434 3428 2808 3500 ἐκπορεύεται·
2845 3446 2863 3479 ι
2904 3428 3028 3490 καὶ,
3059 3447 3075 3479 ι
3117 3428 3189 3480 Τὸ
3214 3427 3438 3497 Πνεῦμά
3482 3429 3599 3478 ἐστιν

2072 3521 2105 3589 ἡ
2144 3518 2401 3589 ἀλήθεια*
2442 3537 2459 3567 ι
2497 3518 2525 3569 ὃ
2558 3533 2614 3568 τε
2646 3515 2881 3587 Πέτρος,
2923 3512 3054 3566 Θεὸν
3103 3513 3165 3566 τὸ
3209 3514 3365 3581 ἅγιον
3415 3511 3598 3581 Πνεῦμα

2038 3609 2357 3681 διαρρήδην
2403 3607 2480 3678 τῷ
2519 3608 2739 3678 Ἀνανίᾳ
2789 3606 3169 3674 καταγγέλλων
3219 3604 3467 3657 τοιῶσδε·
3498 3621 3514 3653 ι
3550 3602 3599 3654 Τί

2071 3701 2153 3753 ὅτι
2178 3699 2527 3769 συνεφωνήθη
2556 3700 2682 3768 ὑμῖν
2710 3696 3007 3766 ψεύσασθαι
3032 3697 3092 3748 τὸ
3121 3694 3347 3765 Πνεῦμα
3366 3694 3423 3746 τὸ
3444 3694 3597 3759 ᾶγιον;

2072 3793 2187 3846 Οὐκ
2232 3789 2443 3859 ἐψεύσω
2477 3789 2747 3859 ἀνθρώπῳ
2767 3827 2781 3853 ,
2817 3787 2951 3841 ἀλλά
2978 3786 3055 3857 τῷ
3096 3785 3235 3855 Θεῷ.
3264 3804 3285 3836 ι
3324 3784 3532 3839 Κάκεῐνο
3554 3782 3599 3835 δὲ

2053 1080 2145 1117 τον
2182 1061 2497 1131 θεοπρεπῶς
2527 1059 2926 1131 ἐμνημονεύθη·
2958 1061 3050 1112 καὶ
3078 1057 3291 1125 λογίζου
3316 1059 3380 1109 ἐκ
3405 1059 3585 1118 τούτου,

2055 1154 2136 1206 ὄτι
2159 1153 2418 1223 διαφορὰν
2447 1155 2479 1222 ἡ
2522 1153 2578 1205 ἐν
2613 1152 2799 1221 μονάδι
2828 1152 2999 1220 σεπτὴ
3031 1150 3197 1221 Τριάς
3227 1149 3329 1200 ούκ
3366 1146 3489 1217 ἔχει,
3516 1150 3589 1199 καὶ

2032 1248 2137 1299 ’ὅτι
2164 1246 2418 1317 ἀρρήτως
2453 1247 2703 1315 συνεργεῖ
2730 1245 2915 1315 ἑαυτῇ.
2949 1239 3081 1297 Εἶτα
3111 1243 3174 1295 σὺ
3218 1241 3501 1311 σκόπησον,
3525 1244 3589 1293 ὅτι

2057 1336 2273 1407 ἑκάστῳ
2298 1336 2385 1389 διὰ
2417 1334 2510 1388 τοῦ
2542 1335 2697 1402 ἀγίου
2724 1335 2860 1387 Πνεύ
2870 1351 3035 1404 ματος
3060 1334 3154 1386 καὶ
3187 1331 3341 1401 παρά
3356 1331 3442 1383 τοῦ
3463 1333 3589 1398 ἁγίου

2059 1427 2370 1497 Πνεύματος
2398 1426 2594 1480 δίδοται
2621 1425 2688 1478 τὰ
2716 1424 3151 1496 μνημονευθέντα
3177 1423 3336 1476 θεῖκὰ
3365 1425 3589 1515 napispa-

405 2426 515 2482 bita
552 2429 731 2497 adres
761 2439 1001 2486 terrenas
1032 2441 1086 2487 et
1138 2435 1204 2487 ad
1250 2434 1478 2504 ejectum
1511 2449 1540 2488 e
1581 2434 1718 2489 coelo
1764 2435 1961 2487 alaemo-
2008 2466 2011 2469 ‹

404 2532 527 2571 nem
557 2520 781 2588 ratione,
812 2523 903 2575 sed
933 2523 1114 2577 habita
1146 2524 1352 2578 ratione
1377 2526 1442 2578 ad
1469 2524 1653 2587 Deum,
1688 2524 1779 2592 qui
1803 2526 1965 2577 verbo

410 2606 516 2673 illo,
541 2609 768 2680 ἐνεργεῖ,
802 2611 904 2665 boc
928 2621 1031 2675 est,
1050 2631 1069 2663 ι
1097 2622 1368 2680 operatur,
1405 2630 1424 2664 ι
1450 2613 1751 2668 celebratus
1778 2622 1882 2676 est,
1909 2625 1964 2664 ιιι

413 2699 663 2763 superius
690 2700 889 2753 dictum
921 2700 1042 2756 l‘uit.
1067 2700 1286 2772 Singula
1318 2703 1484 2765 enim,
1525 2718 1643 2771 qua:
1672 2704 1735 2755 de
1761 2702 1964 2772 Spiritu

410 2798 601 2845 sancto
630 2790 858 2846 inveniri
890 2802 1116 2860 possunt
1171 2793 1463 2863 Scriptura:
1499 2793 1638 2860 loca,
1666 2796 1793 2849 talia
1819 2807 1963 2858 sunt,

410 2887 470 2931 ut
499 2894 564 2933 ex
608 2889 713 2933 tota
759 2883 1027 2937 sermonis
1055 2884 1200 2937 serie
1240 2895 1293 2939 et
1335 2886 1717 2954 consequentia
1765 2895 1963 2955 pateat,

411 2968 669 3038 Spiritum
705 2970 873 3038 ipsum
906 2985 1025 3025 cum
1068 2987 1154 3039 ea,
1204 2986 1323 3041 qua:
1354 2973 1461 3028 Deo
1490 2976 1761 3041 convenit,
1809 2991 1968 3043 vene-

410 3059 616 3113 ratione
671 3062 1107 3125 commemorari,
1182 3072 1444 3119 creaturae
1500 3078 1672 3128 vero,
1744 3075 1799 3119 et
1857 3068 1967 3121 die-

412 3162 533 3200 mon
581 3162 645 3201 eo
695 3148 852 3202 modo
899 3159 1420 3217 commemorantur,
1473 3166 1582 3219 quo
1633 3164 1905 3207 merentur
1954 3178 1966 3213 :

412 3241 569 3310 211
610 3241 660 3294 id
693 3244 834 3309 quod
867 3256 971 3295 non
1001 3243 1294 3297 observans
1323 3250 1399 3307 tu,
1438 3242 1528 3311 qui
1561 3241 1972 3299 Macedonianus

412 3348 494 3403 es,
530 3345 627 3385 nec
653 3346 737 3398 ea,
788 3346 906 3401 qua:
945 3341 1202 3401 operatur
1242 3333 1453 3386 daemon
1496 3348 1560 3387 ex
1612 3334 1757 3399 odio,
1808 3334 1875 3387 ab
1908 3336 1972 3388 iis

412 3420 746 3483 discernens,
785 3434 904 3489 qua:
952 3420 1185 3489 Spiritus
1218 3430 1435 3477 sanctus
1467 3422 1537 3477 ob
1580 3438 1735 3476 suum
1782 3424 1833 3477 in
1872 3428 1970 3478 bo—

414 3510 586 3564 mines
613 3524 849 3565 amorem
886 3520 1161 3579 operatur,
1191 3512 1465 3581 deprimis,
1502 3526 1764 3581 quantum
1820 3516 1869 3568 in
1921 3526 1971 3571 te

411 3610 516 3664 est,
543 3614 607 3654 ac
640 3599 931 3655 labefactas
973 3616 1069 3671 per
1105 3616 1189 3667 ea,
1216 3618 1334 3670 quae
1369 3618 1434 3658 ex
1475 3606 1659 3675 cordis
1683 3606 1757 3658 tui
1797 3607 1970 3660 abun—

414 3690 597 3743 dantia
630 3690 785 3756 dicis,
816 3692 1289 3761 incomparabilem
1338 3694 1567 3765 gloriam
1616 3696 1708 3748 Dei
1758 3694 1967 3763 Patris,

415 3780 503 3848 qui
538 3781 803 3837 similibus
848 3793 902 3837 et
943 3784 1056 3851 ipse
1109 3784 1472 3841 locutionibus
1524 3790 1595 3842 ob
1646 3789 1825 3843 divina
1874 3806 1969 3844 sua

412 3886 574 3940 opera
603 3872 904 3929 celebratus
942 3884 1048 3940 est,
1088 3886 1140 3930 et
1173 3878 1344 3931 sancti
1388 3877 1624 3949 Spiritus
1671 3881 1838 3948 ipsius
1867 3881 1968 3935 Pa-

415 3963 546 4016 tris:
577 3979 749 4033 neque
780 3965 907 4019 illud
930 3967 1381 4033 animadvertisti,
1404 3969 1547 4038 quod
1571 3972 1840 4026 immerito
1856 3972 1972 4044 (54)

386 4054 757 4123 temetipsum
804 4056 946 4109 inter
994 4072 1087 4112 eos
1141 4061 1457 4126 numerasti,
1509 4063 1600 4131 qui
1652 4072 1800 4118 recte
1851 4080 1974 4118 sen-

417 4147 577 4199 tiunt.
612 4146 716 4200 Sed
748 4148 849 4200 hoc
875 4149 1055 4217 potius
1084 4150 1317 4215 attende,
1352 4151 1492 4219 quod
1517 4153 1569 4205 in
1603 4153 1782 4209 allatis
1818 4153 1973 4210 Pauli

414 4238 596 4293 verbis
628 4250 753 4293 ante
791 4242 955 4296 Deum
986 4239 1220 4306 Patrem,
1253 4252 1309 4298 et
1344 4243 1537 4299 Filium
1572 4245 1805 4315 Spiritus
1838 4263 1967 4302 san-

416 4338 537 4382 ctus
572 4329 747 4398 primo
795 4330 910 4384 loco
959 4340 1290 4387 memoratus
1345 4342 1472 4388 est:
1521 4334 1573 4389 id
1621 4350 1745 4390 vero
1784 4338 1830 4391 ei

2146 4338 2319 4409 ρόφως
2360 4337 2669 4406 ἐπήγαγεςο
2707 4352 2724 4383 ι
2762 4330 3010 4403 Διαιροῦν
3057 4330 3161 4402 ἰδίᾳ
3201 4330 3414 4399 ἑκάστῳ
3452 4325 3598 4387 καθὼς

416 4421 686 4487 convenit,
737 4422 828 4490 qui
859 4423 999 4476 Deus
1044 4422 1131 4477 sit.
1162 4422 1238 4476 Ex
1266 4424 1366 4478 hoc
1401 4434 1580 4478 autem
1613 4427 1772 4495 infer,
1808 4443 1868 4481 ve

2146 4428 2346 4481 ύλεται·
2384 4445 2403 4478 ι
2439 4426 2560 4480 ἀντὶ
2588 4424 2702 4489 τοῦ,
2726 4422 3084 4495 δωρούμενον,
3114 4424 3206 4475 καὶ
3246 4422 3501 4492 διανέμον,
3526 4420 3598 4471 καὶ

415 4513 598 4565 ταηάεε
641 4512 715 4565 illi
763 4513 816 4566 in
858 4515 1065 4568 unitate
1118 4515 1398 4570 exsistenti
1460 4515 1711 4571 Trinitati
1772 4519 1861 4571 nul

2146 4518 2412 4571 καλύπτον
2435 4516 2764 4579 αύθεντικῶς
2800 4514 2869 4568 τὰ
2898 4514 3122 4583 οὐράνια
3160 4514 3358 4582 ἀγαθά.
3402 4513 3504 4565 Ούκ
3525 4512 3598 4578 ὀρ-

417 4603 573 4673 plane
622 4604 800 4658 inesse
845 4605 1302 4675 discrepantiam,
1355 4621 1583 4677 eamque
1634 4607 1868 4663 ineﬂ‘abil

2146 4626 2171 4671 ς
2192 4608 2247 4661 δὲ
2274 4608 2496 4678 γνώμης
2522 4608 2614 4659 καὶ
2641 4606 2894 4669 πίστεως,
2923 4606 3058 4675 μετά
3088 4604 3182 4657 τοῦ
3205 4602 3598 4677 παρερμηνεύειν

414 4693 608 4747 suimet
663 4694 829 4762 ipsius
879 4697 1300 4763 coeperatricem
1351 4712 1491 4752 esse.
1545 4698 1679 4752 lllud
1745 4700 1863 4754 insn

2148 4738 2154 4750 .
2194 4700 2285 4752 καὶ
2314 4697 2747 4768 ἀκρωτηριάζειν
2771 4697 2839 4751 τά
2859 4697 3031 4765 λόγια.
3072 4696 3160 4768 [97
3196 4696 3247 4768 ὁ]
3293 4697 3366 4748 Τὸ
3401 4694 3498 4764 γάρ
3524 4708 3600 4742 πε-

416 4785 721 4851 considera,
775 4786 916 4854 quod
978 4797 1395 4842 commemorata
1433 4788 1613 4843 divina
1663 4792 1802 4844 dona
1857 4807 1868 4843 ι

2146 4789 2309 4858 ἔχειν,
2350 4807 2368 4838 ι
2407 4789 2500 4840 Ἓν
2533 4788 2623 4841 καὶ
2660 4788 2721 4841 τὸ
2744 4789 2873 4842 αὐτὸ
2902 4787 3158 4859 Πνεῦμα,
3190 4806 3209 4840 ι
3246 4786 3505 4842 ἀποκλείει
3534 4798 3598 4834 σοι

415 4876 607 4944 cuique
651 4891 745 4945 per
782 4878 1043 4947 Spiritum
1087 4889 1355 4943 sanctum,
1384 4890 1437 4933 et
1467 4895 1497 4933 a
1539 4880 1745 4949 Spiritu
1781 4894 1867 4935 san

2144 4878 2169 4932 ῦ
2198 4898 2256 4933 τε
2288 4878 2540 4949 χωρίζειν
2577 4879 2708 4931 αὐτὸ
2734 4879 2835 4949 τῆς
2863 4879 2999 4950 πρὸς
3031 4880 3123 4933 τὸν
3146 4879 3239 4932 ἕνα
3257 4919 3273 4943 ,
3304 4880 3395 4932 καὶ
3421 4872 3596 4933 ἁνὼτα-

416 4966 767 5022 conferuntur
798 4986 812 5023 :
840 4978 1032 5036 praeter
1062 4985 1182 5038 qua:
1209 4970 1351 5024 nulla
1382 4971 1484 5024 alia
1520 4971 1723 5040 reliqua
1757 4983 1840 5027 est

2144 4990 2188 5036 ν,
2221 4973 2312 5025 καὶ
2342 4972 2513 5024 πάντα
2540 4970 2998 5040 πηδαλιουχοῦντα
3024 4971 3346 5043 ταυτότητος
3372 4968 3596 5037 (διαφέρει

415 5060 546 5127 gitio
575 5076 639 5116 ac
686 5062 901 5117 donatio
939 5064 1132 5119 divina:
1162 5067 1346 5135 gratia:
1393 5066 1604 5135 propria
1637 5082 1651 5131 ;
1714 5067 1807 5136 qui
1830 5082 1867 5118 ’ν

2139 5084 2186 5136 ιρ
2217 5059 2369 5128 οὗτος
2397 5068 2424 5117 6
2452 5064 2892 5134 ἁθεωρητότατος
2918 5064 3012 5117 καὶ
3040 5064 3516 5134 ἀπεριληπτότατος
3542 5061 3591 5126 τῇ

417 5162 479 5201 ea
522 5166 626 5204 non
656 5155 978 5221 assequitur,
1031 5164 1213 5223 utpote
1256 5172 1285 5208 a
1322 5156 1428 5211 Deo
1454 5158 1599 5220 data,
1656 5158 1869 5213 miserm

2144 5158 2289 5228 ότητι
2320 5155 2436 5210 οῦτι
2470 5173 2531 5224 γε
2566 5156 2824 5226 σμικρὸν,
2866 5155 3004 5226 πλὴν
3046 5156 3189 5226 μόνῳ
3210 5156 3284 5226 τῷ
3310 5156 3403 5225 τῆς
3429 5152 3596 5215 πατρό-

420 5243 751 5299 miserrimus
780 5256 863 5299 est
894 5264 908 5311 ;
942 5262 1004 5301 ac
1031 5249 1075 5301 si
1104 5250 1228 5315 quis
1254 5264 1361 5304 non
1410 5250 1481 5302 ita
1523 5249 1574 5302 in
1610 5250 1825 5317 scriptis
1866 5267 1872 5301 ι

2147 5265 2236 5310 τος
2273 5248 2444 5318 λόγῳ’
2477 5249 2558 5300 ὃτι
2592 5245 2918 5317 ἐξεπορεύθη
2944 5246 3102 5315 φύσει
3138 5246 3195 5310 ἐξ
3227 5246 3405 5308 αὑτοῦ,
3440 5244 3521 5297 καὶ
3547 5240 3592 5291 οὗ

418 5336 599 5400 sentit,
633 5350 696 5390 ac
738 5342 1095 5407 sermonibus,
1146 5341 1236 5395 ille
1281 5341 1595 5396 insanabilis
1644 5351 1861 5419 manet,

2148 5341 2434 5411 μιουργικῇ
2459 5337 2854 5408 ἐνεργείᾳ),τοῦ
2867 5354 2923 5389 τε
2945 5337 3140 5406 λέγειν·
3164 5339 3222 5390 El
3245 5330 3592 5406 ΠνεῦμαΘεοῦ,

419 5444 525 5498 que
551 5427 925 5501 adjumentum
970 5433 1084 5501 ipse
1128 5434 1289 5488 ullum
1326 5435 1649 5505 percipiens,
1704 5451 1803 5488 nec
1840 5453 1865 5485 ιι

2143 5435 2173 5486 L‘t
2222 5432 2448 5504 Πνεῦμα
2497 5433 2732 5504 Χριστοῦ
2787 5432 3116 5504 γέγραπται,
3171 5432 3263 5486 δύο
3314 5430 3595 5503 νοηθήσεται

2073 3881 2225 3943 εἰδὼς
2250 3879 2360 3943 έσο,
2390 3880 2471 3932 ὅτι
2496 3879 2596 3931 οὐκ
2627 3878 2823 3941 ἔλαθες
2843 3875 3161 3946 πανούργως
3204 3873 3526 3944 παραλείψας
3555 3873 3599 3922 ἐν

2071 3974 2149 4044 τῷ
2183 3972 2394 4041 ματαίῳ
2428 3971 2521 4024 καὶ
2557 3968 2883 4023 καταϐλαϐεῖ
2921 3966 3238 4038 πονηματίῳ
3273 3982 3403 4027 σου,
3439 3962 3599 4032 μᾶλλον

2071 4066 2129 4119 δὲ
2160 4062 2627 4134 βλασφημητηρίῳ
2670 4078 2784 4126 σου,
2821 4061 2881 4113 τὸ
2930 4058 3337 4131 προηγούμενον
3375 4056 3460 4109 τοῦ
3484 4054 3599 4107 Θείου

2073 4154 2326 4226 γραφίου.
2373 4152 2620 4222 Περιέχει
2660 4151 2766 4221 γάρ
2805 4146 2934 4203 ὦδε·
2974 4168 2992 4200 ι
3048 4149 3119 4202 T6
3163 4150 3221 4200 ἒν
3262 4148 3361 4201 καὶ
3398 4146 3453 4200 τὸ
3494 4144 3600 4199 αὐτὸ

2074 4245 2316 4316 Πνεῦμα·
2358 4264 2376 4295 ι
2409 4245 2501 4297 καὶ
2538 4242 2709 4306 οὕτως
2752 4241 2998 4311 ἐπιφέρει
3024 4279 3040 4304 ,
3081 4240 3111 4293 6
3149 4240 3307 4311 μόνον
3351 4240 3411 4293 σὺ
3460 4238 3599 4290 ἐνδια-

431 5717 443 5735 Q
492 5649 602 5727 (ξι)
648 5648 935 5704 Immerito.
964 5649 1019 5705 In
1055 5649 1261 5719 erco,
1292 5652 1533 5715 εἰκότως.
1571 5652 1761 5707 Videat
1815 5653 1883 5707 let

2140 5655 2414 5726 legendum
2457 5655 2521 5709 sit
2571 5657 2668 5707 οὐκ
2740 5656 2995 5719 εἰκότως,
3055 5665 3141 5709 aut
3185 5653 3336 5724 paulo
3363 5659 3489 5720 p05t,
3516 5644 3592 5711 οὐχ

422 5734 602 5783 υγιως.
