3732 6312
111 294 196 351 609
1102 284 1185 338 DE
1219 282 1595 339 TRINITATE
1634 280 1832 339 LIBER
1877 280 2257 338 SECUNDUS.

3197 286 3303 344 mo

109 408 387 477 Πνεύματα.
426 403 750 475 Προείρηται
782 404 836 456 δὲ
864 404 924 456 οὐ
950 402 1129 472 πολλῷ
1154 402 1410 473 ἀνωτέρω
1432 442 1445 461 ,
1478 401 1544 454 δι’
1578 401 1643 470 ἣν

1792 414 1952 462 ινιιιιε,
2008 400 2103 454 sed
2154 400 2234 454 eis
2284 402 2467 470 potius
2516 416 2737 456 nocens.
2770 402 2979 473 .Neque
3028 420 3155 459 vero
3207 409 3308 463 hoc

108 500 260 553 αἰτίαν
294 498 431 549 οἱτω
473 494 943 567 κεχρησμῲδηται.
988 496 1080 567 Μὴ
1118 494 1302 562 ἀγνόει
1343 493 1399 546 δὲ
1438 493 1531 546 καὶ
1580 493 1641 546 τὸ

108 594 171 644 ὅτι
200 590 257 643 τὰ
280 589 565 658 ἐκκείμενα
584 588 758 653 λόγια,
789 588 887 640 οὐκ
914 586 1041 639 ἄλλο
1068 586 1319 656 σημαίνει
1352 584 1639 655 πρόσωπον

107 679 288 733 εἶναιτὸ
310 678 684 749 χαριζόμενον,
705 679 797 732 καὶ
816 678 942 732 ἄλλο
956 678 1016 730 τὸ
1040 678 1184 731 διανέ
1193 693 1307 748 μον.
1332 676 1406 739 ὡς
1429 675 1641 727 ἐπὶτῶν

108 770 184 821 ὅλα
200 769 321 838 μήτε
338 767 533 820 εἰδέναι
552 768 884 837 δυναμένων,
905 769 1040 837 μήτε
1059 767 1272 830 ἀπόνως
1295 766 1642 837 πραττόντων

108 858 391 929 ἀνθρώπων,
418 860 513 910 καὶ
540 859 624 911 διὰ
642 859 799 912 τοῦτο
813 860 1058 912 διδόντων
1077 860 1173 929 μὲν
1188 857 1498 928 ἀποκρίτως
1516 856 1642 909 τού-

106 970 209 1013 των,
231 952 423 1022 ἐτέρων
450 952 508 1003 δὲ
537 952 676 1005 κατὰ
699 953 1022 1022 δοκιμασίαν
1037 952 1237 1023 ἀκριϐῆ
1257 953 1639 1023 διανεμόντων,

109 1041 352 1110 μήπως.ἦ
398 1042 446 1093 οἱ
496 1041 859 1112 χορηγοῦντες
914 1041 1013 1094 οὐκ
1070 1042 1467 1111 ὲπαρκέσωσιν,
1513 1042 1545 1112 ἦ
1596 1044 1645 1094 οἱ

105 1132 470 1201 διακονούμενοι
504 1134 658 1185 αὐτοὶ
682 1134 741 1185 οὐ
770 1132 1119 1203 κερδάνωσιν.
1161 1132 1217 1185 Ὀ
1245 1133 1352 1203 γὰρ
1385 1132 1643 1195 ἀναίτιος,

106 1224 181 1274 καὶ
199 1221 416 1292 ἀπαθὴς,
451 1224 546 1275 καὶ
576 1223 901 1293 ἀεικίνητος,
935 1224 1253 1295 πανταρκὴς
1272 1240 1332 1276 τε
1355 1224 1447 1276 καὶ
1475 1222 1645 1291 ἄφθοιι

105 1329 176 1374 νος
196 1312 333 1377 Θεὸς,
362 1316 389 1367 ὁ
425 1314 500 1384 μὴ
543 1314 681 1383 πρὸς
718 1314 745 1366 ὃ
780 1313 917 1377 ἄξιοι
963 1313 1148 1367 λαϐεῖν
1176 1316 1338 1385 ἡμεῖς
1368 1313 1509 1383 (οὐδὲ
1538 1314 1645 1383 γὰρ

105 1403 202 1453 οὐδὲ
242 1404 369 1467 ἄξιοι
416 1405 475 1468 ἐξ
513 1405 691 1476 ἔργων
737 1405 940 1472 ἀγαῢοῦ
990 1404 1246 1473 οὐδενὸς),
1276 1404 1410 1459 ἀλλά
1454 1404 1594 1475 πρὸς
1618 1404 1647 1457 ὃ

104 1494 228 1563 αὐτῷ
243 1494 413 1549 δοῦναι
444 1498 659 1568 πρέπον
690 1498 806 1549 ἐστὶ
834 1497 1087 1569 παρέχων
1109 1514 1120 1524 ·
1147 1498 1323 1551 πάντα
1344 1496 1519 1559 εἰδὼς,
1553 1496 1644 1549 καὶ

108 1587 253 1638 πάντα
282 1587 595 1657 δυνάμενος,
629 1588 706 1652 ὡς
742 1591 836 1641 καὶ
878 1591 1007 1659 παρ’
1036 1588 1289 1659 Ἕλλησιν
1320 1590 1532 1658 εἴρηται
1558 1604 1571 1618 ⁸

1744 490 1909 544 etiam
1953 493 2283 559 perpendere
2313 494 2551 558 omittas,
2597 495 2738 562 quod
2775 513 2793 551 ι
2830 495 2943 549 haec
2968 498 3147 549 omnia
3181 513 3311 567 ope-

1746 592 1893 635 ratur
1918 598 2053 635 unus
2082 592 2134 636 et
2173 583 2310 638 idem
2339 583 2591 652 Spiritus,
2629 604 2648 636 ι
2684 587 2735 639 id
2784 596 2888 652 est,
2928 600 2992 640 ea
3022 595 3076 640 et
3108 586 3235 642 facit
3257 597 3311 642 et

1746 674 1992 743 praebet;
2032 676 2121 741 qui
2158 684 2336 729 autem
2389 678 2439 729 in
2500 678 2691 733 horum
2740 677 3024 747 largitione
3057 689 3313 746 operator

1746 774 1849 829 est,
1884 766 1935 818 iu
1969 766 2218 821 omnibus
2251 782 2467 837 quoque
2495 771 2831 837 Operabitur,
2855 780 2909 823 et
2959 770 3101 824 nulla
3151 786 3209 824 re
3236 771 3312 823 in-

1746 856 1915 924 diget;
1943 856 2032 924 qui
2062 872 2187 911 vero
2231 858 2374 913 nulla
2416 874 2471 912 re
2520 859 2740 929 indiget,
2787 859 3057 928 passionis
3084 838 3309 926 incapax

1744 955 1825 1000 est
1851 964 1864 1012 ;
1892 947 1982 1015 qui
2010 962 2139 1003 vero
2170 951 2435 1017 passionis
2464 959 2547 1004 est
2581 951 2830 1019 incapax,
2853 950 2990 1005 Deus
3027 960 3127 1004 est.
3156 950 3308 1017 Quod

1745 1039 1787 1091 si
1818 1039 1909 1113 _de
1954 1038 2062 1094 Deo
2090 1038 2252 1094 Patre
2318 1041 2551 1096 dicitur:
2591 1059 2609 1090 ς
2670 1040 2927 1096 Dominus
2962 1041 3076 1112 (55)
3121 1052 3313 1110 potens

1743 1130 1796 1183 in
1833 1129 1969 1183 bello
2005 1149 2019 1185 :
2054 1149 2072 1181 ι
2112 1142 2166 1185 et
2200 1150 2213 1187 :
2255 1150 2273 1184 ι
2326 1131 2493 1187 Notus
2534 1133 2645 1202 (56)
2676 1133 2732 1187 in
2774 1132 2957 1187 ludam
3002 1134 3158 1199 Deus,
3192 1151 3212 1186 ι
3260 1142 3311 1188 ει

1748 1223 1849 1276 alia
1912 1224 2244 1294 hujusmodi,
2294 1227 2532 1296 nunquid
2568 1227 2680 1282 haec
2733 1228 2806 1281 ita
2857 1228 3201 1298 aceipiemus,
3254 1235 3315 1279 ut

1752 1330 1873 1369 eum
1903 1316 1954 1370 in
1985 1317 2108 1371 aliis
2135 1316 2294 1372 rebus
2324 1327 2616 1388 potentem,
2656 1329 2708 1375 et
2735 1328 3097 1387 operatorcm,
3152 1326 3206 1372 et
3243 1318 3308 1371 il-

1754 1404 1978 1460 lustrem
2003 1408 2370 1479 inclytumque
2398 1424 2502 1463 non
2536 1424 2653 1464 esse
2679 1409 3041 1465 arbitremur?
3066 1408 3192 1461 illud
3225 1423 3315 1463 ve-

1754 1512 1814 1551 ro
1837 1498 2039 1565 pariter
2059 1510 2268 1567 reputa,
2324 1498 2730 1570 Scripturarum
2784 1501 2963 1555 verbis
3014 1515 3137 1554 mox
3185 1498 3313 1552 al'l‘e-

1753 1588 1937 1642 rendis
1958 1589 2244 1643 artilicium
2272 1606 2452 1658 omne,
2484 1607 2591 1661 quo
2636 1592 2822 1646 ἥξετεεί
2855 1601 3045 1647 vestra:
3074 1592 3309 1660 aliquam

107 1680 196 1731 reri
221 1680 440 1747 speciem
467 1682 814 1750 comparatis,
876 1683 1087 1735 irritum
1147 1680 1368 1734 omnino
1391 1680 1536 1733 reddi
1564 1676 1701 1750 (57),
1749 1693 1953 1747 nosque
1985 1681 2050 1733 de
2096 1681 2305 1747 divina,
2342 1696 2502 1750 quam
2532 1697 2594 1737 ex
2628 1683 2916 1753 semetipso
2956 1684 3117 1737 habet
3149 1682 3310 1751 212

110 1771 326 1837 Spiritus,
376 1772 699 1826 auctoritate
761 1788 825 1827 ac
876 1783 1140 1840 potestate
1200 1772 1377 1826 Patris
1407 1770 1637 1839 Filiique
1711 1770 1963 1838 potestati
2021 1772 2392 1827 consentiente
2466 1783 2623 1843 atque
2693 1775 2992 1840 concordi,
3055 1775 3313 1827 certiores

108 1862 219 1917 lieri.
292 1862 365 1915 lta
422 1863 568 1917 enim
634 1862 967 1933 loquuntur:
1008 1883 1027 1916 ι
1099 1863 1259 1919 Juxta
1297 1863 1465 1933 ipsius
1531 1864 1900 1927 voluntatem;
1939 1881 1957 1915 ι
1987 1870 2085 1917 et:
2131 1880 2151 1914 ι
2185 1863 2381 1917 Dividit
2422 1863 2534 1935 (58)
2568 1879 2807 1920 seorsum
2838 1865 3127 1934 unicuique
3156 1871 3317 1933 prout

109 1956 239 2008 rnlt:
274 1974 291 2006 ι
332 1955 413 2009 his
442 1968 626 2009 autem
665 1960 1029 2011 testimonium
1075 1956 1235 2012 simul
1273 1957 1496 2011 reddere
1520 1971 1643 2010 cum
1683 1955 1849 2009 Deum
1914 1954 2129 2010 Patrem
2165 1956 2333 2026 signis
2390 1966 2445 2010 et
2475 1957 2730 2027 prodigiis
2777 1956 2928 2027 (59),
2974 1965 3085 2009 tum
3124 1954 3315 2009 Salva-

109 2054 250 2099 turcm
293 2048 675 2116 inquientem:
719 2066 736 2099 ι
780 2049 1015 2118 Spiritus
1042 2048 1321 2113 Veritatis,
1370 2047 1459 2117 qui
1527 2062 1557 2101 a
1623 2045 1783 2101 Patre
1850 2047 2130 2116 procedit;
2176 2066 2195 2099 ›
2232 2056 2331 2103 ει;
2367 2065 2387 2099 ι
2440 2046 2673 2118 Spiritus
2706 2048 2820 2119 (60)
2867 2057 2949 2103 est
2988 2048 3235 2111 veritas;
3284 2065 3303 2098 ι

113 2148 202 2190 tum
242 2140 396 2193 etiam
442 2140 691 2206 Petrum,
722 2142 813 2209 qui
847 2124 1014 2196 Deum
1058 2156 1311 2209 expresse
1379 2140 1512 2193 dixit
1580 2138 1840 2208 Spiritum
1908 2148 2175 2203 sanctum,
2216 2141 2375 2209 idque
2416 2142 2635 2196 Ananiae
2699 2141 3036 2195 annuntiavit
3078 2137 3130 2192 in
3173 2138 3315 2190 hunc

113 2234 291 2284 niozlum
319 2249 332 2285 :
364 2251 380 2282 ι
425 2232 612 2296 Quare
661 2234 774 2303 (6t)
808 2235 967 2289 simul
1007 2235 1360 2303 conspirastis
1402 2241 1460 2286 ut
1491 2231 1853 2287 mentiremini
1897 2232 2121 2300 Spiritui
2188 2234 2414 2287 sancto?
2480 2233 2595 2288 Non
2661 2248 2719 2288 es
2755 2233 3022 2287 mentitus
3086 2228 3314 2293 homini,

114 2322 186 2373 sed
222 2322 334 2375 Deo.
380 2342 400 2374 ι
432 2324 613 2392 Atque
639 2324 764 2377 illud
793 2326 955 2379 etiam
985 2326 1143 2391 scito,
1176 2327 1319 2396 quod
1352 2325 1640 2390 non’latet,
1682 2323 2049 2377 fraudulenter
2080 2339 2107 2376 a
2144 2334 2194 2378 te
2220 2326 2477 2379 omissum
2516 2340 2635 2379 esse
2673 2326 2723 2378 in
2778 2326 2955 2392 inepto
3023 2331 3077 2377 et
3138 2320 3315 2389 perni-

114 2413 333 2468 ciosotno
363 2419 627 2484 opusculo
675 2419 811 2487 (62),
857 2418 939 2473 vel
971 2420 1146 2485 potius
1188 2420 1240 2472 in
1274 2428 1367 2472 tuo
1390 2416 1868 2486 blasphematorio,
1895 2414 1947 2468 id
1976 2417 2116 2483 quod
2153 2417 2420 2470 antecedit
2479 2417 2532 2470 in
2593 2418 2775 2470 divino
2839 2425 3010 2471 textu.
3054 2416 3145 2469 Sic
3171 2415 3314 2468 enim

116 2504 276 2559 habet:
305 2525 322 2557 ι
357 2507 505 2563 Unus
563 2520 620 2562 et
673 2510 813 2565 idem
860 2510 1129 2580 Spiritus:
1168 2529 1186 2562 ι
1245 2525 1309 2565 ac
1360 2509 1552 2565 deinde
1628 2509 1680 2562 id
1718 2506 1920 2570 subdit,
1985 2506 2125 2575 quod
2160 2516 2236 2570 tu,
2268 2507 2419 2561 hisce
2452 2507 2667 2561 omissis
2696 2508 2896 2572 verbis,
2938 2521 3188 2575 perverse
3220 2508 3315 2559 ad-

119 2594 367 2649 duxistin
400 2598 666 2654 Divideus
690 2615 933 2655 seorsum
958 2600 1247 2668 unicuique
1313 2609 1473 2670 prout
1531 2598 1680 2653 vult:
1716 2616 1736 2651 ι
1785 2611 2004 2665 nempe,
2055 2597 2309 2668 largiens,
2341 2608 2393 2651 et
2446 2598 2790 2663 distribuens,
2842 2607 2893 2651 et
2940 2597 3184 2651 revelans
3225 2612 3316 2664 per

115 2688 437 2757 semetipsum,
492 2705 558 2744 ac
607 2692 823 2759 propria
871 2700 1137 2761 potestate
1190 2689 1435 2763 caelestia
1486 2690 1647 2743 bona.
1682 2685 1800 2742 Non
1858 2698 1942 2743 est
2000 2701 2179 2742 autem
2205 2688 2321 2758 ejus
2358 2687 2445 2755 qui
2488 2698 2633 2740 recte
2662 2688 2880 2749 sentiat,
2914 2696 2967 2740 et
2998 2690 3203 2754 credat,
3234 2687 3315 2740 di-

117 2777 211 2828 vina
240 2780 443 2834 oracula
490 2797 602 2835 non
643 2782 803 2837 modo
866 2796 1150 2853 perperam
1218 2781 1586 2851 interpretari,
1625 2780 1717 2834 sed
1757 2781 1974 2849 insuper
1995 2781 2158 2833 etiam
2196 2779 2465 2833 mutitare.
2507 2778 2656 2844 Quod
2682 2779 2823 2834 enim
2855 2780 3102 2845 habeant,
3129 2797 3147 2830 ι
3178 2796 3316 2835 unus

116 2879 155 2925 et
178 2871 296 2925 idem
322 2872 577 2943 Spiritus,
617 2892 636 2925 ι
681 2872 731 2928 id
762 2875 937 2943 primo
970 2884 1019 2929 te
1059 2884 1205 2930 vetat
1244 2872 1354 2945 (6'5)
1385 2887 1640 2943 separare
1678 2872 1822 2925 illum
1869 2872 1937 2925 ab
1965 2886 2025 2924 ea
2059 2873 2359 2936 itlentitate,
2427 2888 2531 2940 qua
2604 2872 2742 2925 idem
2794 2887 2917 2925 cum
2960 2886 3026 2925 eo
3075 2880 3176 2935 est,
3219 2873 3313 2941 qui

118 2975 228 3014 unus
264 2974 315 3016 et
378 2980 669 3035 supremus
718 2967 962 3031 exsistit,
1015 2982 1079 3021 ac
1129 2966 1308 3019 omnia
1366 2966 1678 3034 gubernat:
1721 2979 1843 3018 nam
1903 2967 1990 3020 hie
2036 2979 2245 3019 smnme
2296 2965 2597 3027 invisibilis,
2667 2973 2722 3017 et
2769 2979 2976 3018 summe
3014 2965 3309 3034 incompre-

118 3050 350 3108 hensibilis
378 3053 518 3110 Deus
551 3069 622 3107 ne
649 3055 927 3109 minimum
968 3056 1183 3124 quidem
1221 3056 1421 3109 deitate
1459 3053 1638 3108 dilTert
1676 3070 1705 3109 a
1748 3054 1974 3124 Spiritu,
2046 3059 2138 3111 sed
2205 3055 2316 3110 sola
2366 3056 2713 3109 Paternitatis
2760 3056 3008 3111 ratione:
3051 3059 3174 3127 quia
3228 3058 3315 3113 hic

116 3145 335 3213 processit
386 3157 580 3200 natura
635 3146 748 3217 (64)
802 3161 869 3201 ex
940 3147 1052 3211 illo,
1107 3161 1210 3200 non
1275 3160 1405 3201 vero
1452 3161 1548 3214 per
1606 3144 1921 3203 Conditoris
1985 3148 2373 3217 operationem.
2418 3146 2576 3202 Vetat
2618 3149 2853 3203 secundo
2896 3159 2946 3204 te
2989 3150 3211 3205 dicere:
3259 3152 3314 3207 Si

119 3253 137 3287 ι
160 3235 363 3304 Spiritus
397 3240 512 3307 Dei,
553 3260 575 3293 ι
619 3251 692 3304 ει,
726 3258 745 3291 ι
786 3239 1028 3308 Spiritus
1061 3239 1261 3295 Christi
1295 3259 1314 3289 ι
1342 3242 1653 3296 nominatus
1688 3253 1770 3296 est
1795 3244 1847 3297 in
1882 3242 2197 3312 Scripturis,
2222 3245 2327 3296 duo
2360 3243 2724 3313 intelligentur
2791 3244 3043 3313 Spiritus.
3106 3244 3315 3300 Dictum

117 3340 181 3381 est
206 3341 366 3384 autem
416 3348 520 3386 non
576 3336 744 3387 umlto
794 3343 941 3396 ante,
990 3348 1150 3401 quam
1187 3333 1256 3386 ob
1304 3346 1521 3387 causam
1568 3332 1647 3387 sic
1684 3334 1943 3403 scriptum
1972 3337 2061 3387 sit.
2113 3332 2220 3389 Sed
2255 3350 2317 3388 ne
2348 3333 2475 3387 illud
2499 3336 2712 3403 quidem
2756 3336 2987 3403 ignores,
3052 3337 3194 3404 quod
3242 3337 3293 3391 al

120 3420 201 3473 lata
224 3423 501 3496 Scriptura:
520 3430 745 3481 oracula
770 3442 871 3480 non
892 3426 1052 3480 aliam
1070 3439 1192 3480 esse
1213 3425 1849 3495 signiticantpersonam,
1879 3443 1999 3497 quae
2056 3428 2240 3492 donat,
2275 3427 2437 3481 aliam
2499 3443 2625 3480 vero
2664 3443 2783 3496 qua:
2845 3427 3142 3491 distribuit,
3182 3427 3314 3483 sicut

118 3516 337 3584 contingit
404 3519 457 3572 in
516 3520 875 3583 hominibus,
942 3519 1031 3587 qui
1086 3520 1264 3573 omnia
1336 3534 1434 3573 nec
1496 3520 1639 3574 scire
1678 3520 1841 3591 213
1872 3531 2133 3590 possunt,
2171 3536 2269 3575 nec
2336 3522 2454 3575 sine
2525 3521 2707 3575 labore.
2738 3521 2977 3585 faciunt,
3011 3532 3174 3590 atque
3207 3520 3311 3575 hac

122 3606 173 3659 de
200 3624 341 3663 causa
372 3612 461 3665 alii
496 3612 717 3679 quidem
760 3628 863 3665 non
894 3613 1012 3665 sine
1062 3612 1270 3665 delectu
1321 3611 1646 3679 largiuntur,
1688 3612 1776 3665 alli
1812 3628 1942 3665 vero
1983 3630 2090 3667 non
2120 3614 2235 3666 sine
2264 3620 2519 3667 accurato
2548 3614 2797 3667 examine
2869 3629 2931 3667 ac
2995 3612 3314 3681 probatione
3352 3662 3355 3665 λ

124 3700 441 3760 distribuunt:
496 3720 566 3759 ne
621 3703 762 3759 forte
791 3715 885 3759 aut
928 3705 1020 3775 qui
1079 3704 1401 3773 largiuntur,
1453 3703 1624 3773 reipsa
1665 3719 1822 3759 ouem
1855 3721 1957 3759 non
1984 3705 2451 3776 ferant(65),aut
2511 3706 2740 3759 ministri
2779 3706 2876 3773 ipsi
2946 3706 3157 3759 lucrum
3212 3720 3315 3759 non

179 3894 277 3965 (55)
316 3899 586 3955 Dominus.
612 3901 753 3955 Psal.
785 3916 946 3965 χχιιι,
984 3916 1124 3957 vers.
1156 3902 1209 3957 3.

180 3968 274 4042 (ξιξ)
307 3968 491 4042 ῌοιιιε.
526 3972 616 4026 Ps.
647 3988 808 4035 Lxxv,
838 3975 1031 4042 versit
1072 3977 1188 4042 (seu
1218 3972 1296 4042 Ξ).

180 4036 521 4114 (57)]ιντὶιιιηι
555 4082 571 4095 .
607 4080 626 4098 .
672 4043 841 4094 reddi.
872 4040 927 4095 In
954 4036 1160 4103 Graeco,
1187 4036 1649 4114 ἀπαμφιέννυσιν.

127 4102 387 4183 legumini:
424 4122 607 4183 tamen
660 4114 982 4183 crediderim
1035 4102 1492 4183 ἀπαμφιεννῧσιν.
1523 4113 1655 4168 Ver—

129 4174 536 4252 binnporroghoc
572 4199 591 4231 ι
625 4182 880 4252 nudandi.
926 4202 944 4233 ι
982 4195 1072 4236 aut
1104 4200 1121 4233 ι
1158 4174 1389 4237 eiuendi
1430 4205 1447 4235 ι
1492 4186 1654 4252 signi-

130 4248 389 4323 ficationem
414 4250 582 4306 habet
602 4254 653 4306 in
668 4251 904 4307 Lexicis.
927 4253 981 4306 In
1000 4252 1213 4323 Cyrillia
1227 4270 1293 4306 no
1312 4253 1507 4307 Lexico
1523 4248 1655 4309 alias

131 4332 151 4364 ει
185 4331 269 4394 ωε,
295 4320 451 4373 citato
489 4324 593 4394 sic_
625 4324 911 4394 exponitur
952 4342 967 4375 :
1015 4320 1500 4394 ἀπαμφιάσαντες,
1523 4325 1656 4378 ἀπο-

130 4385 491 4505 [ἒξινὼσαντεςο
553 4385 823 4459 similique
874 4395 1078 4447 ratione
1123 4385 1655 4449 i'n'Patricii'Lexico

194 4468 285 4505 une
311 4461 553 4505 vertitur-
597 4461 782 4505 Ilamm
832 4464 969 4505 simul
1025 4462 1319 4505 Xnnhnolee
1375 4466 1501 4505 Λίνίι
1563 4467 1655 4505 ἑρπ-

194 4461 285 4508 tine
311 4461 553 4532 vertitur.
596 4461 782 4531 Itaque
831 4464 970 4517 sicut
1025 4462 1319 4532 Sophocles
1375 4466 1527 4526 dixit,
1563 4467 1658 4519 ὲπ-

130 4529 469 4615 ξιξφξξξιξένος,
502 4534 577 4586 ita
605 4548 635 4615 ε
662 4529 943 4615 cbutrariq
973 4529 1227 4615 Didymus
1254 4549 1356 4587 non
1383 4534 1656 4615 inelegan-

133 4601 196 4647 ter
220 4598 835 4675 dixit,_dnap¢téwuctv,
863 4604 945 4658 vel
969 4598 1171 4672 potius,
1191 4598 1654 4675 ἀπαμφιεννῐῖσιν,

139 4678 265 4717 sensu
292 4670 797 4726 scilicet‘tr'anslato.

188 4734 279 4811 (58)
315 4738 523 4797 Dividit.
562 4744 671 4797 Cur
711 4743 797 4796 hic
833 4758 937 4797 non
986 4743 1160 4811 legit:
1216 4761 1235 4795 ι
1292 4744 1579 4800 Dividens?
1631 4764 1650 4797 ι

135 4801 564 4881 Audet-staliquid
587 4822 708 4880 post
730 4827 914 4866 vocem
942 4801 1158 4877 λέξὲιςῖ

321 4873 707 4952 Prodigiis}:
734 4898 820 4952 ep.
847 4885 911 4937 ad
938 4873 1110 4938 Hebr.
1133 4900 1192 4948 ιι,
1218 4884 1273 4938 4.

316 4942 557 5021 Spiritus.
590 4951 724 5006 Vide
757 4942 873 5007 lict.
911 4957 978 5008 ad
1005 4942 1190 5021 segm.‘
1219 4956 1287 5008 60
1313 4956 1361 5010 Ι).

209 5014 284 5085 ﬁl)
321 5014 507 5083 Quare.
549 5023 690 5077 Citat
728 5037 943 5077 sensqu
984 5042 996 5076 :

140 5079 297 5162 θέει
320 5079 364 5162 4:.
401 5095 592 5162 capitis
618 5091 956 5162 vAAetorum.

1686 3920 1729 3975 Β
1755 3905 1868 3959 haec
1895 3903 1958 3959 de
1991 3904 2166 3975 divina
2197 3903 2544 3973 generatione
2574 3903 2763 3975 scribit
2795 3920 2850 3975 ιι
2892 3902 3202 3975 Generatio.
3246 3943 3262 3959 .
3300 3944 3315 3959 .

1759 3991 1862 4028 non
1894 3976 1960 4028 ad
1998 3973 2380 4028 sublimitatem
2415 3973 2688 4040 potentiae,
2717 3974 2810 4027 sed
2848 3975 2913 4026 ad
2939 3974 3319 4040 proprietatem

1758 4048 1988 4098 rel'ertur
2035 4056 2258 4097 naturze.
2310 4062 2328 4093 ι
2365 4041 2683 4112 Quanquam
2749 4059 2941 4098 nomen
2978 4042 3137 4111 φύσις
3180 4046 3322 4112 apud

1754 4115 1973 4169 Grmcos
2008 4112 2195 4168 Patres
2225 4131 2326 4166 non
2367 4132 2385 4164 ι
2424 4124 2669 4166 naturam
2704 4132 2724 4164 ι
2761 4114 3052 4180 aliquando
3081 4116 3318 4179 denotat,

1756 4186 1848 4238 sed
1910 4204 1929 4234 ι
1985 4200 2268 4252 personam
2328 4202 2341 4237 :
2402 4202 2421 4235 ι
2467 4193 2688 4252 utcum
2736 4183 2793 4238 S.
2831 4184 3224 4238 Alexandrinus
3270 4186 3323 4239 in

1760 4251 1998 4324 Epistold
2028 4256 2094 4307 ad
2128 4255 2487 4324 Alexandrum
2523 4251 3156 4322 Constantinopolitanum
3179 4295 3193 4317 ,
3224 4254 3325 4307 Pa-

1758 4334 1893 4379 trem
1926 4342 1987 4379 ac
2017 4326 2207 4379 Filium
2233 4333 2405 4388 vocat,
2438 4323 2535 4387 τὰς
2566 4325 2641 4393 τῇ
2669 4325 2961 4378 ὑποστάσει
2990 4324 3082 4376 δύο
3112 4325 3322 4392 φύσεις,

1764 4394 2107 4464 Unigenitum
2139 4409 2266 4446 vero
2300 4395 2531 4462 appellat
2578 4392 2737 4464 cpu'ow
2778 4395 3056 4464 μονογενῆ.
3098 4394 3318 4450 Demutu

1756 4467 1898 4534 apud
1922 4463 2112 4520 Patres
2142 4464 2431 4534 aliquando
2447 4478 2558 4534 “vox
2586 4462 2848 4533 etiam,“
2881 4473 2962 4519 est
2995 4462 3259 4528 (natura,
3297 4484 3315 4514 ι

1758 4532 1897 4589 idem
1926 4535 2070 4589 valet
2102 4544 2262 4603 atque
2293 4532 2509 4605 ἀληθῶς
2531 4573 2572 4605 ,μ
2602 4532 2654 4588 id
2688 4544 2770 4588 est
2824 4553 2841 4584 ι
2880 4548 3032 4605 vere,
3063 4554 3102 4605 γι
3144 4544 3201 4586 ιιι
3234 4535 3321 4587 Di-

1757 4606 1951 4677 dymus
1988 4602 2432 4677 noster’eXplicat
2463 4604 2514 4656 in
2562 4603 2696 4677 libro
2719 4609 2838 4657 adv.
2868 4602 3214 4677 Manio/imos.

1828 4675 1941 4746 (65)
1987 4677 2105 4729 Non
2146 4672 2338 4743 (erant.
2382 4672 2582 4727 Locum
2622 4676 2767 4746 hunc
2806 4688 2913 4746 non
2956 4674 3087 4746 satis
3114 4673 3320 4746 clarum

1759 4745 1832 4799 ita
1872 4742 2083 4799 tandem
2116 4742 2432 4799 vertendum
2469 4745 2670 4810 statui;
2713 4746 2805 4798 sed
2838 4743 2942 4797 erit
2966 4742 3193 4795 fortasse
3228 4743 3323 4809 qui

1757 4816 2036 4884 ambiguas
2107 4829 2267 4868 voces
2331 4813 2772 4884 διακονούμενοι,
2819 4824 2873 4866 ει
2922 4812 3321 4884 ὲπαρκέσωσιν,

1759 4882 1929 4938 aliter'
1952 4884 2294 4953 accipiendas
2341 4894 2512 4953 putet.
2568 4883 2682 4939 Hoc
2728 4899 2891 4953 porro
2948 4884 3049 4953 sibi
3086 4882 3215 4945 vult,
3269 4883 3323 4934 ni

1756 4954 1936 5018 fallor,
1972 4952 2227 5024 Didymus
2259 4976 2270 5008 :
2299 4954 2349 5007 in
2384 4952 2495 5007 Deo
2538 4952 2751 5024 quidem
2801 4968 2933 5024 eum,
2964 4952 3054 5024 qni
3095 4954 3325 5024 largitur

1758 5028 1921 5079 alium
1953 5022 2213 5079 non'esse
2241 5024 2308 5077 ab
2337 5038 2401 5076 eo
2438 5024 2527 5092 qui
2561 5023 2871 5086 distribuit,
2923 5023 2975 5076 iu
3014 5022 3324 5076 hominibus

1762 5111 1888 5149 vero
1944 5108 2039 5147 eos
2093 5094 2184 5161 qui
2262 5093 2585 5159 iargiuntur,
2643 5092 2778 5146 alios
2824 5107 2948 5146 esse
2991 5094 3059 5146 ab
3115 5093 3179 5145 iis
3231 5092 3327 5159 qui

193 5153 286 5225 (δὲ)
324 5153 595 5236 ϐραδέαιο.
628 5160 848 5225 Graece,
884 5165 1236 5236 πονηματίῳο
1273 5180 1393 5234 qua:
1430 5181 1527 5219 vox
1561 5181 1644 5219 eo-

1801 5153 2123 5236 istribuuut,‘
2164 5153 2581 5236 quosquermox'
2632 5174 2788 5236 vocat
2832 5153 3278 5236 διακονουμένους
3305 5177 3321 5190 °

142 5218 237 5303 dem
270 5218 437 5303 isen'su
491 5233 688 5303 legitur
753 5218 891 5299 apud
962 5218 1359 5300 Ai'liatiasiuu't,
1390 5218 1523 5289 tom.
1578 5218 1653 5298 ll,
1685 5279 1725 5303 τ,
1762 5251 1824 5287 ac
1855 5234 1888 5287 ii
1913 5218 2130 5302 quidem
2158 5218 2257 5303 qui
2285 5218 2637 5303 distribuunt,
2663 5234 2713 5285 id
2742 5218 3317 5303 potissimutn'curaut,

144 5279 437 5371 Pas-.49?
753 5279 891 5299 “ru
962 5279 1338 5300 ””’“”“”’”””
1588 5279 3315 5371 "'Cimitati";ara“.iiataa'agrapaz;i:ganea;1.}:

173 5360 288 5443 λίβδ)
323 5367 386 5422 Te
429 5382 583 5428 vetat.
613 5371 747 5428 Cod.
792 5373 1069 5428 ἀποκλείει
1096 5391 1197 5428 σοι.
1245 5374 1421 5429 Malim
1466 5394 1480 5429 :
1525 5377 1644 5430 ἀπο·

1792 5376 1999 5440 ;iuutur,
2053 5360 2199 5445 illud'
2228 5360 2505 5445 spectant,
2559 5360 2615 5425 ἶιι
2658 5360 3077 5445 iis'largiatitur,
3125 5372 3325 5439 quibus

146 5442 375 5512 κθέξεισε.
1172 5507 1179 5512 _
1767 5442 1941 5511 reipsa
1970 5458 2124 5512 opem
2175 5444 2460 5511 largitione
2497 5443 2654 5495 laturi
2697 5444 2823 5496 sint.
2867 5442 2977 5495 lloe
3023 5448 3326 5512 sensuum

170 5501 569 5584 ,ίθῦιΡιοοειεὶι
604 5524 815 5567 natura.
848 5516 902 5569 ld
945 5507 1211 5584 quomodo
1243 5514 1649 5584 intelligendum
1760 5501 2021 5584 equidem.
2046 5521 2193 5579 puto,
2237 5501 2454 5584 s'cripsit
2505 5513 2687 5566 Pollux
2719 5512 2810 5566 lib.
2854 5527 2935 5584 nt,
2966 5526 3136 5584 segm_.
3172 5501 3275 5584 “8
3307 5526 3321 5562 :

147 5576 219 5655 fit.
248 5576 397 5655 nullus
432 5583 639 5655 ignorat
677 5576 977 5653 theol0gns:
1028 5585 1199 5637 Simili
1237 5586 1395 5638 modo
1419 5576 1644 5639 Rutbro-

1792 5576 2095 5655 ;ολύδωρος,
2166 5584 2279 5645 τοῖς
2335 5576 2609 5651 δεομένοις
2666 5581 2960 5653 ὲπαρκῶν’
3022 5576 3122 5634 etsi
3178 5578 3323 5632 enim

151 5644 240 5721 gius
263 5644 338 5699 lib.
369 5665 414 5701 tv
448 5644 515 5704 De
552 5653 678 5721 ﬁde,
708 5669 829 5720 cap.
855 5644 916 5717 ἒ,
956 5656 1191 5708 divinam
1226 5664 1473 5707 naturam
1509 5655 1658 5707 rela-
1761 5644 2025 5721 interpres
2048 5644 2299 5715 vertat,it
2326 5644 2490 5705 multa
2529 5644 2736 5706 donans
2778 5644 2998 5704 inunera
3021 5662 3326 5721 ,gneeessa~

151 5713 513 5784 “vespemans,
550 5713 819 5792 quatenus
862 5713 1071 5780 scilicet
1102 5728 1153 5778 in
1203 5723 1360 5778 Patre
1410 5725 1644 5792 exsistit,
1761 5724 1856 5778 riis
1905 5713 2278 5788 contentus,»
2332 5731 2539 5787 tamen,
2611 5738 2706 5792 pro
2775 5720 3138 5774 «necessariis
3192 5732 3290 5773 cui:

1049 5040 1239 5095 nempe
1272 5042 1337 5078 ex
1376 5025 1656 5080 versiculis
