3732 6312
116 304 208 360 615
1114 299 1203 358 DE
1237 301 1612 359 TRINITATE
1652 305 1853 362 LIBER
1896 308 2280 368 SECUNDUS.

3233 319 3338 374 6H

116 418 246 488 αὐτῷ
280 417 643 487 προσήκουσιν
694 416 744 488 (ὃ
797 418 921 489 μηδ’
971 419 1146 473 εἰπεῖν
1215 422 1430 490 εὐαγὲς,
1485 424 1534 476 εί
1597 424 1669 496 μὴ

1859 438 2063 486 :statem
2087 470 2102 495 ,
2134 431 2219 487 vel
2248 430 2374 501 quia
2404 430 2616 484 abunde
2665 447 2769 485 non
2811 441 2934 505 get,
2978 434 3172 489 bellum
3230 438 3329 507 ip~i

117 510 400 563 ὑποθέσεων
430 510 527 561 καὶ
557 510 902 563 ὑποστάσεων
939 510 1279 583 μοχθηρῶν)·
1317 514 1436 566 οὐδὲ
1468 516 1671 587 ἀνῆκεν

116 596 155 667 ᾧ
178 601 551 671 ὀργισθήσεται
576 616 591 630 ·
629 618 648 651 ι
678 601 836 672 Φείδῃ
866 621 884 652 ι
917 602 1046 673 γάρ,
1076 604 1229 674 φησὶ,
1270 623 1289 656 ι
1325 606 1561 670 πάντων,
1592 607 1673 661 ὃτι.

118 690 273 743 πάντα
295 691 361 742 σά
400 694 540 755 ἐστι,
573 692 815 745 Δέσποτα
864 694 1123 765 φιλόψυχε
1142 714 1155 727 ·
1195 696 1287 748 καὶ
1314 696 1374 749 τὸ
1397 696 1673 770 ἀφθαρτόν

119 799 200 833 σου
229 780 443 851 Πνεῦμα
481 783 628 836 ἐστὶν
671 786 729 836 ἐν
772 786 957 837 πᾶσιν.
995 804 1014 836 ι
1054 783 1268 838 Τούτων
1292 786 1349 840 δὲ
1381 787 1454 859 μὴ
1485 788 1671 855 ὄντων,

117 875 161 925 τί
188 890 259 925 σοι
304 873 651 927 ὑπολείπεται
684 875 1034 945 σοφίζεσθαι;
1072 878 1158 941 Ὠς
1206 878 1365 933 πάλιν
1414 880 1540 933 ὅταν
1586 882 1674 935 λέ-

119 982 259 1035 γηται
290 966 318 1017 ὁ
364 966 509 1029 Υἱὸς,
548 967 581 1036 ἦ
626 967 686 1019 τὸ
720 968 874 1036 ἅγιον
924 969 1165 1039 Πνεῦμα,
1211 972 1468 1042 παρέχειν
1515 972 1671 1026 θεῖκά

118 1058 404 1127 δωρήματα,
440 1058 681 1129 εὔδηλον,
714 1060 788 1120 ὡς
833 1061 1052 1114 εὐδοκία
1101 1065 1339 1134 πατρική
1367 1080 1380 1094 ⁸
1418 1065 1533 1129 πῶς
1562 1065 1671 1137 γάρ

120 1151 200 1217 οὔχ
226 1149 420 1214 οὕτως
466 1152 770 1222 Τοιγαροῦν
810 1154 1079 1223 ἀκρόασαι
1125 1155 1338 1209 Παύλου
1370 1157 1673 1228 Ῥωμαίους

119 1241 395 1304 διδάξαντος
416 1259 428 1273 ⁸
478 1263 496 1292 ι
528 1244 651 1296 Ὅτι
685 1246 717 1314 ἡ
752 1245 940 1313 ἀγάπη
984 1243 1074 1297 τοῦ
1119 1246 1251 1299 Θεοῦ
1286 1248 1580 1319 ἐκκέχυται
1613 1252 1673 1304 ἐν

122 1337 217 1395 ταῖς
248 1333 489 1403 καρδίαις
523 1334 680 1403 ἡμῶν
711 1335 797 1387 διὰ
840 1334 1153 1404 Πνεύματος
1181 1338 1335 1404 ἁγίου
1376 1339 1466 1393 τοῦ
1491 1341 1672 1395 δοθέν-

122 1439 195 1483 τος
236 1424 382 1491 ἡμῖν·
412 1440 428 1470 ι
479 1424 598 1486 καὶ,
643 1444 660 1474 ι
697 1426 849 1477 Ὅσοι
908 1424 1183 1495 Πνεύματι
1235 1427 1369 1480 Θεοῦ
1426 1430 1669 1498 ἄγονται,

124 1508 243 1566 οὗτοι
268 1514 368 1566 υἱοὶ
390 1513 529 1567 Θεοῦ
563 1516 732 1567 εἰσιν·
765 1534 782 1565 ι
834 1515 928 1568 καὶ
966 1517 1127 1572 πάλιν
1150 1535 1163 1547 ο
1211 1540 1228 1569 ι
1278 1519 1336 1572 ’0
1365 1517 1456 1574 οὖν
1483 1522 1671 1593 ἐπιχο-

124 1606 281 1676 ρηγῶν
328 1607 453 1676 ὑμῖν
490 1606 552 1658 τὸ
604 1607 853 1677 Πνεῦμα,
896 1608 989 1662 καὶ
1041 1611 1274 1682 ἐνεργῶν
1318 1612 1571 1685 δυνάμεις
1614 1617 1672 1670 ἐν

127 1698 261 1765 ὑμῖνο
299 1718 313 1746 ι
348 1700 439 1751 καὶ
462 1701 774 1770 Κορινθίοις
801 1700 857 1754 τὸ
894 1702 1107 1773 πρῶτον
1130 1720 1143 1730 ⁸
1176 1724 1193 1754 ι
1218 1688 1277 1756 Ei
1311 1706 1367 1757 δέ
1395 1707 1671 1778 Πνεύματι

1777 519 2025 575 illaturus
2054 523 2166 576 sit:
2204 535 2379 591 neque
2410 520 2549 575 alius
2580 521 2691 592 (70)
2734 522 3019 592 quisquam
3044 566 3060 591 ,
3091 527 3181 594 qui
3215 542 3335 581 cum

1775 626 1841 667 eo
1875 613 1941 667 de
1972 612 2201 683 imperio
2245 614 2570 677 contendat,
2614 612 2905 683 invenitur,
2938 625 2993 670 ut
3040 617 3166 672 huic
3196 617 3336 672 iuvi-

1766 704 1899 765 ,deat
1918 743 1934 767 ,
1963 719 2025 759 ac
2048 714 2324 771 vereatur,
2355 718 2423 759 ne
2452 703 2556 759 sibi
2585 715 2895 775 exaequetur
2926 720 2988 761 ea
3013 710 3333 778 occupando

1774 810 1893 864 qua:
1941 796 2008 850 ad
2051 810 2110 851 se
2154 796 2471 865 pertinent:
2516 795 2568 851 id
2603 798 2746 866 quod
2775 811 2843 853 ne
2890 798 3071 853 dicere
3119 799 3332 869 quidem

1776 887 1856 943 l‘as
1908 898 2023 953 est,
2076 888 2177 943 nisi
2227 888 2317 943 ubi
2364 887 2431 941 de
2485 886 2732 957 malignis
2790 887 3105 944 substantiis
3160 904 3339 945 sermo

1776 980 1846 1032 sit
1895 977 2030 1049 (71).
2080 978 2263 1047 Neque
2315 978 2385 1033 ob
2424 976 2513 1043 id,
2555 978 2696 1048 quod
2724 978 2889 1033 semel
2931 979 3173 1047 remisit,
3214 996 3341 1035 rur-

1774 1085 1866 1123 sus
1897 1070 2167 1123 irascitur.
2199 1088 2217 1121 ι
2242 1068 2553 1140 Parcis(72)
2578 1088 2597 1120 ι
2623 1070 2765 1124 enim
2792 1088 2810 1121 ι
2836 1070 3105 1138 omnibus,
3131 1090 3149 1123 ›
3170 1071 3341 1141 inquit

1776 1158 2074 1228 Scriptura,
2106 1178 2124 1211 ι
2160 1159 2481 1229 quiaomnia
2531 1170 2619 1213 tua
2662 1170 2821 1227 sunt,
2869 1162 3092 1215 Domine
3135 1174 3341 1216 amator

1775 1250 2085 1303 animarum
2118 1266 2132 1302 :
2167 1258 2220 1303 et
2250 1250 2674 1319 incorruptibilis
2704 1260 2825 1305 tuus
2861 1251 3094 1321 Spiritus
3147 1262 3229 1308 est
3279 1252 3333 1305 in

1773 1340 2045 1395 omnibus.
2079 1360 2098 1393 ι
2131 1342 2263 1395 Cum
2316 1355 2443 1395 vero
2496 1341 2609 1395 haec
2661 1341 2840 1396 dicere
2885 1358 3153 1409 nequeas,
3206 1344 3335 1412 quid

1774 1430 1868 1484 tibi
1894 1431 2218 1501 relinquitur
2238 1431 2304 1485 ad
2333 1431 2571 1501 captiose
2596 1431 2997 1486 cavillandum?
3028 1430 3151 1486 Vice
3178 1448 3336 1487 versa

1773 1533 1894 1573 cum
1946 1517 2112 1575 Filius
2164 1527 2257 1574 aut
2302 1520 2540 1591 Spiritus
2602 1529 2821 1575 sanctus
2862 1523 3103 1591 praebere
3142 1523 3338 1578 dicitur

1774 1608 1953 1663 divina
1985 1610 2122 1664 dona
2145 1650 2161 1675 ,
2190 1609 2421 1665 Paterna
2453 1611 2844 1679 complacentia
2899 1614 2948 1667 id
2999 1614 3113 1667 ﬁeri
3161 1616 3334 1669 maui-

1774 1700 1969 1755 l’estum
2017 1711 2143 1757 est:
2198 1705 2291 1773 qui
2346 1704 2487 1757 enim
2544 1704 2700 1758 aliter
2755 1704 2869 1759 lieri
2907 1706 3120 1775 potest?
3153 1705 3337 1775 itaque

124 1788 311 1855 ἄγεσθε,
334 1791 429 1841 οὐκ
450 1791 533 1842 ἔτι
561 1792 682 1844 ἐστὲ
716 1793 817 1845 ὑπὸ
838 1794 997 1862 νόμον
1019 1812 1033 1824 ·
1062 1814 1078 1844 ι
1112 1796 1203 1848 καὶ
1235 1796 1527 1862 Γαλάταις·
1558 1820 1576 1850 ι
1613 1800 1669 1854 Ὀ

1859 1792 1996 1845 ulum
2048 1794 2172 1847 andi
2232 1792 2503 1849 Romanos
2561 1795 2675 1849 haec
2728 1796 3055 1851 docentem:
3089 1816 3106 1847 ι
3142 1798 3339 1851 Chari-

123 1881 211 1950 γὰρ
236 1883 435 1951 καρπὸς
484 1883 580 1935 τοῦ
623 1883 936 1954 Πνεύματός
968 1886 1114 1939 ἐστιν
1160 1887 1369 1959 ἀγάπη,
1411 1891 1569 1960 χαρὰ,
1596 1894 1671 1945 εἰ-

129 1978 255 2045 ρήνη,
291 1975 658 2046 μακροθυμία,
700 1977 1021 2047 χρηστότης,
1075 1979 1421 2050 ἀγαθωσύνη,
1467 1982 1665 2046 πίστις,

126 2063 351 2132 πραότης,
395 2064 716 2135 ἐγκράτεια.
771 2065 923 2119 Κατά
967 2066 1075 2118 τῶν
1122 2068 1375 2127 τοιούτων
1408 2072 1506 2124 οὐκ
1555 2072 1670 2125 ἔστι

125 2153 275 2221 νόμος.
319 2172 334 2201 ι
393 2154 483 2206 Διὸ
557 2154 834 2208 κάνταῦθα
892 2159 1151 2228 προεῖπε⁶
1195 2179 1212 2209 ι
1268 2161 1569 2232 Διαιρέσεις
1613 2164 1669 2216 δὲ

127 2246 442 2313 χαρισμάτων
500 2246 633 2307 εἰσὶ,
664 2246 726 2298 τὸ
760 2247 815 2300 δὲ
850 2247 979 2299 αὐτὸ
1034 2247 1282 2320 Πνεῦμα’
1322 2269 1340 2301 ι
1384 2251 1525 2306 τοῦτ’
1556 2252 1669 2307 ἔστι

131 2336 259 2397 (κατὰ
285 2336 511 2406 ἔλλειψιν
540 2337 701 2407 λόγου
750 2340 843 2391 καὶ
885 2340 1205 2411 συγκοπὴν),
1236 2340 1293 2394 τὸ
1321 2343 1670 2413 χαριζόμενον

130 2424 346 2495 Πνεῦμαο
384 2430 476 2481 καὶ
510 2428 689 2492 οῦτως
729 2431 1037 2499 ἐπήγαγεν·
1085 2450 1103 2483 ι
1135 2431 1208 2483 Τὸ
1245 2431 1303 2485 ἓν
1330 2434 1422 2485 καὶ
1445 2433 1504 2486 τὸ
1542 2435 1671 2488 αὐτὸ

133 2517 345 2587 Πνεῦμα,
387 2519 631 2593 διαιροῦν
683 2519 788 2591 ἰδίᾳ
838 2522 1051 2593 ἑκάστῳ
1097 2522 1279 2588 καθὼς
1332 2523 1611 2593 βούλεται·
1645 2545 1663 2577 ι

132 2607 243 2660 ὣστε
272 2610 564 2677 ἀποδεῖξαι,
603 2614 683 2665 ὃτι
708 2613 859 2676 αὐτὸ,
897 2615 992 2666 καὶ
1025 2615 1329 2686 χαρίζεται,
1367 2617 1459 2669 καὶ
1505 2616 1592 2688 [98
1618 2617 1669 2689 b]

130 2698 309 2771 διαιρεῖ,
353 2702 675 2774 ὁμοφρὼως
721 2703 879 2773 δῆλον
927 2705 1009 2757 ὅτι
1059 2705 1136 2774 τῷ
1189 2706 1297 2771 ἐνἰ,
1350 2699 1409 2759 οὗ
1448 2706 1670 2777 Πνεῦμά

134 2792 252 2851 ἐστι,
297 2794 385 2845 καὶ
442 2795 522 2857 εἰς
575 2791 635 2844 ὃν
689 2794 868 2848 πάντα
920 2795 1214 2863 ἀνάγεται,
1277 2795 1351 2861 ὡς
1383 2798 1671 2867 Ῥωμαίοις

132 2882 313 2953 ἐγράφη
334 2900 347 2912 ·
386 2903 403 2936 ι
430 2884 553 2938 Ὀτι
592 2884 651 2949 ἐξ
681 2885 866 2950 αὑτοῦ,
903 2886 997 2940 καὶ
1029 2886 1098 2940 δι’
1125 2886 1308 2951 αὑτοῦ,
1342 2888 1436 2941 καὶ
1461 2890 1542 2952 είς
1573 2890 1671 2941 αύ-

133 2973 205 3024 τον
231 2974 291 3027 τά
323 2975 511 3031 πάντα.
548 2996 568 3026 ι
614 2977 853 3048 Πρόσεχε
889 2979 945 3032 δὲ
986 2980 1076 3032 καὶ
1123 2982 1235 3042 τοῖς
1275 2980 1460 3043 ἄλλοις*
1484 2983 1668 3046 πᾶσιν,

133 3063 164 3117 ἃ
184 3067 478 3140 προσείρηκε
510 3069 586 3122 τὰ
607 3068 762 3138 λόγια
787 3070 913 3139 περὶ
947 3070 1125 3123 αὑτοῦ.
1160 3072 1220 3149 Ei
1243 3071 1288 3124 δ’
1313 3072 1379 3125 ἂν
1408 3072 1514 3143 γάρ
1539 3074 1670 3126 πᾶσι

1777 1893 1859 1938 tas
1896 1883 2008 1953 (75)
2058 1883 2151 1938 Dei
2206 1884 2396 1939 diﬂ'usa
2450 1896 2533 1940 est
2582 1886 2635 1940 in
2684 1888 2941 1942 cordibus
2990 1888 3190 1942 nostris
3238 1902 3334 1957 per

1777 1972 2036 2043 Spiritum
2066 1984 2310 2029 sanctum
2334 2017 2347 2041 ,
2376 1978 2465 2045 qui
2491 1979 2647 2033 datus
2668 1988 2751 2033 est
2780 1980 2973 2045 nobis;
3009 1999 3026 2032 ι
3048 1990 3103 2035 et
3128 1999 3142 2035 :
3165 2000 3183 2033 ι
3206 1980 3337 2047 Qui-

1777 2079 1987 2132 cunque
2015 2065 2125 2135 (74)
2156 2066 2358 2134 Spiritu
2393 2066 2485 2121 Dei
2515 2079 2767 2135 aguntur,
2797 2069 2849 2123 hi
2878 2070 2970 2124 lilii
3004 2069 3094 2123 Dei
3126 2082 3270 2126 sunt.
3307 2091 3327 2124 ι

1776 2155 1839 2209 Ει
1872 2162 2098 2210 rursus:
2132 2175 2150 2207 ι
2182 2158 2285 2225 Qui
2318 2173 2448 2225 ergo
2479 2158 2590 2230 (75)
2625 2160 2811 2214 tribuit
2841 2160 2992 2216 vobis
3034 2161 3293 2231 Spiritum
3314 2203 3331 2228 ,

1776 2256 1830 2302 et
1862 2258 2121 2317 operatur
2157 2249 2387 2305 virtutes
2419 2250 2470 2303 in
2500 2250 2692 2318 vobis;
2724 2270 2743 2303 ι
2774 2259 2828 2306 et
2856 2252 2907 2306 in
2936 2252 3103 2321 prima
3141 2254 3204 2306 ad
3234 2252 3339 2307 Ce-

1779 2338 2050 2393 rinthios:
2082 2357 2100 2389 ι
2134 2338 2188 2393 Si
2223 2351 2400 2395 autem
2429 2340 2538 2412 (76)
2566 2342 2768 2411 Spiritu
2797 2344 3016 2413 agimini
3039 2383 3054 2408 ,
3094 2360 3196 2397 non
3218 2360 3333 2397 am-

1778 2428 1917 2498 plius
1946 2431 2080 2483 estis
2107 2430 2206 2484 sub
2230 2430 2366 2500 lege.
2402 2448 2421 2482 ›
2447 2431 2508 2484 Et
2535 2434 2599 2486 ad
2621 2430 2876 2487 Galatas:
2908 2451 2927 2484 (
2956 2432 3185 2488 Fructus
3216 2433 3332 2506 (77)

1776 2517 1919 2571 enim
1959 2517 2201 2587 Spiritus
2236 2530 2320 2574 est
2350 2521 2592 2575 charitas
2614 2563 2627 2587 ,
2661 2524 2912 2592 gaudium
2934 2563 2949 2587 ,
2984 2540 3114 2593 pax,
3148 2525 3334 2596 longa-

1778 2606 2034 2674 nimitas,
2097 2610 2372 2679 probitas,
2428 2610 2677 2677 bonitas,
2728 2613 2894 2677 lides,
2944 2615 3334 2679 mansuetudo.

1777 2702 2127 2756 continentia.
2156 2703 2316 2773 215
2347 2702 2547 2759 Contra
2582 2704 2712 2760 tales
2757 2720 2859 2759 non
2890 2716 2974 2761 est
3005 2706 3110 2761 lex.
3146 2725 3166 2759 ι
3193 2706 3337 2775 Qua-

1776 2798 1994 2858 propter
2037 2790 2123 2845 hic
2164 2806 2376 2861 quoque
2416 2792 2563 2861 prius
2608 2793 2784 2847 dixit:
2813 2812 2831 2845 (
2865 2794 3167 2852 Divisiones
3204 2811 3333 2852 vero

1777 2876 2073 2946 gratiarum
2127 2890 2292 2943 sunt;
2348 2880 2489 2935 idem
2540 2891 2719 2937 autem
2777 2883 3057 2953 Spiritus:
3095 2902 3115 2936 ι
3156 2885 3206 2939 ἱι]
3251 2898 3335 2940 est

1778 2965 1922 3037 (per
1964 2967 2194 3037 ellipsim
2248 2971 2548 3034 sermonis,
2602 2982 2655 3026 et
2692 2974 3004 3046 syncopen)
3039 2993 3058 3027 ι
3094 2974 3333 3045 Spiritus

1779 3056 1867 3124 qui
1898 3058 2061 3112 donat
2093 3076 2107 3114 :
2142 3077 2162 3112 ι
2196 3068 2250 3113 et
2279 3064 2461 3130 poStea
2487 3061 2802 3131 subjunxit:
2838 3084 2858 3117 ι
2897 3063 3040 3121 Unus
3088 3076 3141 3119 et
3191 3068 3331 3122 idem

139 3130 415 3230 προσῆκες..
432 3162 526 3215 καὶ
552 3165 602 3214 εἰ
624 3130 905 3223 ἐπίστευες
932 3161 1080 3231 αύτῷ
1106 3161 1182 3232 τῷ
1202 3143 1335 3232 19εῷ
1355 3130 1552 3235 Πατρὶ,
1577 3164 1669 3217 καὶ

1859 3150 2004 3205 iritus
2026 3189 2042 3215 ,
2070 3150 2315 3207 dividens
2341 3130 2899 3225 seorsutnruuicuique
2926 3168 3086 3225 prout
3115 3157 3262 3226 vult;
3300 3177 3321 3212 ι

135 3248 197 3317 τῷ
232 3254 486 3318 μονογενεί
512 3250 683 3305 αὐτοῦ
728 3251 861 3321 Υἱῷ,
907 3251 988 3304 ἐτι
1036 3252 1093 3304 δὲ
1139 3253 1371 3316 καὶτοῖς
1400 3254 1672 3319 τοσούτοις

140 3337 297 3403 ἁγίοις,
334 3334 402 3393 ὧν
430 3342 477 3393 οἱ
515 3340 790 3411 ὀφθαλμοὶ
832 3342 930 3411 τῆς
974 3340 1210 3405 διανοίας
1242 3341 1412 3405 οὕτως
1441 3343 1672 3414 ἐγρηγό-

141 3445 257 3497 ρονν,
278 3431 345 3493 ὡς
367 3433 414 3483 οἱ
441 3431 787 3503 Χερουὸικοὶ,
826 3431 916 3494 οὓς
946 3434 1123 3502 ἡμεῖς,
1155 3434 1263 3502 ὅσῳ
1296 3433 1455 3486 πλέον
1485 3438 1674 3505 αἰσχυ-

140 3516 306 3585 νόμεθα
333 3523 419 3573 καὶ
446 3521 721 3592 τιμῶμεν,
762 3521 1000 3592 τοσούτῳ
1042 3521 1240 3593 μᾶλλον
1277 3524 1374 3595 τὴν
1404 3523 1548 3595 ἔργῳ
1582 3542 1673 3593 γε-

141 3610 331 3679 νομένην
367 3630 421 3665 τε
465 3615 600 3683 παρ’
654 3612 830 3667 αὐτῶν
880 3613 1151 3686 συμϐολὴν
1200 3616 1294 3668 καὶ
1327 3615 1544 3687 διδαχὴν
1581 3618 1673 3671 καὶ

144 3700 220 3768 τὴν
262 3702 619 3773 ἐπιδεχθεῖσαν
652 3703 833 3756 πίστιν
882 3703 1055 3773 ὀρθῶς
1100 3704 1366 3775 δεχόμεθα
1392 3721 1406 3735 ·
1440 3707 1488 3758 εί
1518 3706 1561 3759 δ’
1607 3705 1673 3759 ἂν

142 3786 185 3839 δὲ
201 3792 277 3843 καὶ
296 3792 362 3864 μὴ
380 3794 473 3865 τὴν
493 3794 672 3866 ἀρχὴν
688 3792 1051 3863 ὴκολούθὴσας
1074 3795 1131 3847 ἐν
1154 3794 1305 3865 μέρει
1331 3796 1443 3858 τοῖς
1469 3795 1671 3866 Ἀρείου

146 3879 479 3950 ὑπασπισταῖς,
516 3885 613 3949 οὒς
646 3885 779 3956 μηδέ
822 3884 1002 3953 λέγειν
1038 3887 1184 3955 ἡμᾶς
1216 3885 1323 3955 εἴη,
1376 3886 1507 3957 μηδὲ
1543 3904 1675 3957 μαν-

148 3968 312 4039 θάνειν,
339 3975 600 4046 ἐρυθριῶν
636 3973 851 4037 αὐτοὺς,
884 3974 959 4036 ὡς
989 3973 1424 4044 περιτεθεικότας
1455 3992 1535 4027 σοι
1561 3975 1675 4028 ὅνο-

152 4079 209 4132 μα
234 4065 529 4131 ἐπισκόπου,
588 4067 817 4137 διακόνῳ
866 4066 972 4137 πρὸ
1020 4066 1206 4120 τούτου
1252 4068 1350 4139 τῆς
1394 4067 1673 4139 ὀρθοδόξου

149 4154 224 4205 καὶ
262 4157 606 4228 ἁποστολικῆς
674 4156 1001 4227 Ἐκκλησίας
1049 4156 1405 4226 τυγχάνοντι⁸
1459 4157 1555 4208 οὐκ
1609 4155 1674 4210 ἂν

155 4244 229 4310 μὲν
250 4248 332 4317 τὴν
368 4249 723 4320 παρεξέτασιν
754 4248 862 4301 τῶν
891 4248 1017 4316 περὶ
1047 4246 1141 4300 τοῦ
1171 4248 1326 4316 ἁγίου
1355 4246 1675 4318 Πνεύματος

153 4336 405 4406 εἰρημένων
435 4342 572 4413 πρὸς
614 4341 683 4394 τὰ
735 4340 862 4411 περὶ
910 4340 1018 4391 τῶν
1065 4341 1375 4409 κτισμάτων
1421 4339 1675 4409 λεχθέντα

155 4424 385 4497 ἐποιήσω,
435 4435 529 4486 κα)⁵
577 4430 676 4502 τὴν
729 4430 981 4483 ὑπόνοιαν
1028 4432 1140 4492 τοῖς
1192 4429 1545 4483 συνασεόοῦσί
1592 4446 1673 4483 σοι

157 4603 263 4658 εἴπω
307 4608 629 4683 βλασφημίᾳ,
688 4611 894 4683 νικώσῃ
951 4609 1013 4663 τὸ
1068 4611 1323 4680 μέτριον·
1375 4610 1571 4663 εἰδέναι
1613 4610 1669 4663 δὲ

159 4688 270 4764 εἶχες
296 4700 373 4766 ἂν,
397 4705 474 4757 ὃτι
510 4704 803 4775 συμπαρῆν
831 4704 924 4756 καὶ
958 4704 1212 4773 συνήργει
1256 4703 1506 4774 ἀρρήτως
1532 4702 1667 4755 πάν-

215 4876 303 4947 (70)
352 4883 503 4938 Alius.
546 4884 746 4944 Codex,
797 4881 941 4935 ἄλλω
984 4898 1089 4945 τις.
1154 4879 1296 4948 Lego
1353 4880 1510 4944 ἄλλος
1560 4897 1666 4944 τις.

163 4940 301 5083 ﬁlim
334 4956 481 5007 etiam
529 4940 848 5023 πολεμῆσαι,
885 4953 968 5006 vel
1015 4940 1321 5022 πολεμήσῃ,
1370 4967 1469 5021 pro
1491 4940 1668 5004 ⁷πολε-

228 5032 307 5070 σει.

228 5032 307 5070 σει.

344 5088 451 5147 Nisi
492 5093 619 5146 ubi.
651 5130 706 5146 ..
756 5107 924 5145 sermo
975 5091 1075 5161 sit.
1113 5088 1169 5144 ln
1224 5090 1435 5156 Graeco,
1487 5090 1538 5144 ei
1591 5088 1667 5161 μὴ

168 5155 431 5227 γοοθὲσεων.
471 5163 691 5216 Videtur
727 5163 983 5215 omissum
1012 5160 1210 5227 aliquid
1251 5178 1279 5213 a
1323 5155 1568 5222 librario,
1592 5155 1662 5214 ἰιί

171 5214 392 5301 ﬁgendum
415 5214 500 5297 sit,
516 5214 756 5300 exempli
783 5214 975 5300 gratia,
1008 5232 1056 5282 εἰ
1094 5214 1170 5301 μὴ
1198 5230 1289 5283 ἐπὶ
1335 5214 1662 5286 ὑποθέσεων.

344 5291 530 5370 furcis.
572 5291 702 5365 Satn.
733 5291 812 5363 at:
845 5291 995 5370 27et
1020 5291 1137 5370 seti.

338 5365 588 5425 Charitas.
625 5361 866 5436 liomav,
899 5368 953 5423 5.

346 5437 652 5510 Quicunque.
691 5430 863 5495 Rom.
888 5454 1005 5510 νιιι,
1036 5438 1123 5494 Η.

346 5498 434 5580 Qui
457 5498 594 5580 ergo.
626 5509 805 5580 Galat.
832 5526 910 5575 ιιι,
951 5498 1005 5563 5.

174 5632 185 5645 ,
221 5568 312 5645 illi)
346 5568 396 5628 Si
418 5568 606 5633 ηιιιὲηι.
647 5579 759 5633 Non
790 5581 839 5632 in
869 5568 975 5634 l'ad
1004 5580 1128 5633 Cor.
1156 5577 1270 5633 haec
1294 5586 1533 5645 exstant,
1568 5578 1663 5635 sed

174 5638 215 5687 in
236 5638 311 5706 Ep.
328 5648 380 5694 ad
396 5645 556 5703 Calai.
580 5665 630 5714 ν,
660 5649 744 5703 l8.
770 5648 952 5704 erca
969 5649 1133 5704 editio
1155 5664 1258 5704 non
1285 5648 1447 5704 habet
1477 5638 1664 5707 vocem

173 5703 250 5770 ἔτι,
272 5710 311 5765 id
335 5725 403 5768 est
436 5736 450 5766 ι
478 5720 721 5772 amnlius.
754 5738 772 5770 ι

237 5746 250 5770 ,
272 5730 311 5765 Io
335 5730 403 5768 est
436 5736 450 5766 ι
478 5730 721 5790 amplius.
754 5738 772 5770 ι

1773 3250 1830 3294 ιιι
1859 3240 2106 3295 eumdem
2146 3243 2317 3312 ipsum
2348 3254 2403 3298 et
2436 3245 2673 3313 donare,
2708 3255 2765 3301 et
2796 3247 3035 3302 dividere
3066 3249 3323 3305 ostende-

1774 3340 1894 3395 ret,
1932 3333 2003 3385 ita
2041 3334 2285 3399 scilicet,
2316 3343 2376 3389 ut
2415 3336 2554 3390 idem
2594 3338 2815 3391 omnino
2851 3340 3011 3404 velit,
3046 3350 3209 3409 atque
3246 3342 3335 3396 ille

1773 3438 1932 3488 unus,
1956 3424 2108 3494 Cttjtts
2131 3437 2214 3479 est
2240 3426 2498 3495 Spiritus,
2525 3437 2580 3481 et
2598 3428 2664 3482 ad
2691 3442 2848 3497 quem
2876 3432 3055 3484 omnia
3087 3431 3338 3487 referun-

1775 3525 1861 3569 tur
1883 3558 1898 3583 ,
1932 3518 2075 3571 sicut
2116 3516 2377 3573 Romanis
2419 3519 2678 3587 scriptum
2723 3529 2805 3574 est
2835 3538 2848 3574 :
2879 3539 2897 3571 ι
2926 3521 3188 3587 Quoniam
3221 3523 3334 3594 (78)

1774 3623 1837 3661 ex
1874 3608 2021 3676 ipso,
2048 3618 2101 3663 et
2127 3623 2222 3677 per
2250 3609 2421 3679 ipsum
2443 3649 2457 3673 ,
2485 3619 2537 3663 et
2570 3610 2622 3663 in
2658 3610 2830 3680 ipsum
2858 3612 3062 3665 omnia.
3089 3631 3107 3664 ι
3134 3612 3331 3668 Verqu

1774 3702 1840 3753 ad
1871 3700 1974 3753 alia
2008 3710 2197 3753 cuneta
2235 3701 2394 3753 etiam
2440 3702 2657 3754 oracula
2693 3705 2946 3767 attende,
2979 3718 3097 3771 quae
3126 3704 3191 3758 de
3222 3705 3337 3774 ipso

1776 3787 2071 3857 Scriptura:
2112 3788 2309 3841 habent
2337 3801 2353 3841 :
2389 3785 2447 3841 Si
2480 3788 2625 3841 enim
2659 3788 2724 3842 ad
2757 3788 2939 3842 omnia
2980 3792 3332 3860 attendisses,

1775 3896 1839 3935 ac
1868 3882 1913 3933 si
1950 3880 2050 3948 ipsi
2082 3878 2192 3933 Deo
2221 3878 2403 3941 Patri,
2440 3887 2495 3933 et
2525 3877 2811 3949 Unigenito
2844 3880 3010 3951 ipsius
3042 3881 3178 3938 Filio
3209 3898 3331 3939 cre-

1774 3973 1965 4039 deres,
2000 3987 2062 4025 ac
2093 3972 2315 4041 insuper
2350 3981 2428 4025 tot
2453 3973 2655 4025 sanctis
2675 4012 2689 4033 ,
2716 3986 2944 4042 quorum
2972 3974 3168 4031 mentis
3196 3991 3327 4032 ocu-

1777 4065 1844 4131 li,
1876 4064 2288 4118 cherubicorum
2338 4062 2527 4127 instar,
2576 4063 2764 4134 vigiles
2815 4064 2928 4134 (79)
2956 4078 3149 4134 erant,
3191 4082 3331 4137 quos

1774 4155 1874 4225 ipsi
1906 4163 2110 4223 quanto
2159 4153 2348 4222 majori
2400 4154 2697 4207 reverentia
2742 4165 2796 4207 et
2827 4155 3028 4211 honore
3053 4158 3335 4227 prosequi-

1777 4265 1919 4314 mur,
1951 4255 2102 4301 tanto
2130 4247 2300 4315 magis
2329 4246 2624 4315 symbolam
2656 4260 2818 4315 opere
2845 4246 2912 4301 ab
2939 4244 3072 4315 ipsis
3099 4248 3297 4305 factam
3318 4289 3335 4315 ,

1774 4351 1827 4395 et
1868 4338 2190 4401 doctrinam,
2223 4345 2278 4390 et
2312 4335 2470 4389 ﬁdem
2504 4336 2571 4391 ab
2612 4335 2677 4389 iis
2710 4336 2991 4404 probatam
3029 4347 3176 4391 recte
3207 4352 3333 4394 sus-

1705 4432 2004 4519 Dcipimus
2043 4449 2056 4483 :
2109 4444 2172 4482 ac
2219 4430 2261 4482 si
2309 4438 2567 4498 prazterea
2623 4428 2779 4483 initio
2823 4437 3042 4482 secutus
3080 4442 3144 4482 ex
3182 4440 3336 4498 parte

157 4513 331 4570 πλείονα
364 4521 583 4587 ἔδωκας,
632 4521 753 4573 οὐδὲ
803 4522 1018 4591 ἐχρήσω
1064 4518 1129 4572 ἂν
1177 4518 1430 4590 λοιδορία,
1477 4520 1561 4572 ἵνα
1596 4518 1669 4589 μὴ
1706 4513 1723 4559 θ

1778 4540 1881 4579 non
1920 4522 2085 4576 fuisse
2113 4520 2225 4573 Arii
2260 4519 2497 4574 asseclas
2519 4557 2535 4583 ,
2569 4533 2705 4587 quos
2738 4533 2837 4573 nec
2872 4520 3152 4573 nominare
3181 4520 3337 4576 nobis

1775 4613 1936 4675 licet,
1972 4627 2071 4666 nec
2117 4624 2376 4673 noscere,
2421 4609 2689 4665 reveritus
2731 4623 2827 4663 eos
2872 4618 3059 4677 utpote
3101 4608 3191 4675 qui
3236 4609 3332 4665 tibi

1777 4717 1970 4758 nomen
2001 4700 2237 4770 episcopi
2283 4698 2393 4770 (80)
2428 4699 2842 4768 imposuerunt,
2886 4712 3008 4752 cum
3040 4705 3199 4752 antea
3245 4711 3337 4754 or-

1848 4879 1957 4951 (77)
1998 4879 2244 4938 Fructus.
2290 4880 2557 4951 Galat.rv,
2589 4881 2659 4935 22
2680 4887 2733 4951 et
2761 4874 3052 4951 25.7Biblia
3089 4890 3187 4946 pro
3224 4875 3333 4949 γάρ

1775 4947 1973 5006 habent
1997 4951 2052 5004 δέ
2077 4968 2092 4982 ο
2118 4967 2245 5021 quo
2279 4953 2436 5005 modo
2473 4950 2600 5021 legit
2644 4949 2804 5003 etiam
2855 4947 3111 5019 Didymus
3162 4947 3333 5018 segni.

1772 5022 1843 5076 55
1869 5021 1921 5091 b.
1958 5021 2089 5091 Vide
2117 5020 2401 5091 Vulgatam
2449 5020 2875 5091 translationem.

1867 5090 1954 5158 78)
1997 5089 2277 5154 Quoniam.
2322 5090 2475 5143 Rom.
2506 5106 2583 5153 XI,
2617 5089 2704 5145 36.

1867 5156 1953 5240 29;)
1987 5159 2192 5240 ιζιθίίεε-
2223 5156 3334 5240 Ρη)έγγρηγρρουγνεωρηάοὲγρηγάρρυντ

1864 5230 1953 5299 80)
1995 5228 2197 5284 Nomen
2239 5228 2631 5296 ερῦεεορίζΗιίο
2679 5230 2950 5299 locutione
2993 5238 3086 5281 aut
3132 5229 3333 5299 indicat

1771 5296 1893 5355 eum
1931 5296 2089 5369 Quem
2139 5299 2355 5363 refellit,
2413 5299 2658 5380 σχολαῖον
2705 5300 2798 5381 (.ut
2835 5296 3087 5353 Socrates
3138 5297 3233 5352 lib.
3280 5312 3335 5352 tv

1772 5370 1916 5425 Hist.
1959 5369 2083 5423 εδει.
2130 5384 2249 5436 cap.
2292 5368 2323 5421 7
2379 5368 2672 5439 loquitur),
2727 5369 2776 5422 Id
2825 5377 2909 5423 est
2959 5377 3330 5439 «vacantem;

1830 5386 1916 5425 ist.
1959 5386 2083 5423 εδει.
2130 5386 2249 5435 cap.
2300 5386 2320 5421 ι
2379 5386 2672 5435 loquitur),

1772 5386 1916 5425 mst.
1959 5386 2083 5423 εδει.
2130 5386 2249 5436 cap.
2300 5386 2320 5421 ι
2379 5386 2672 5439 ιοιιυιιιιν),
2727 5386 2776 5422 ια
2825 5386 2909 5423 est
2959 5386 3330 5448 «vacantem.»

1771 5440 2083 5509 episcopum
2123 5439 2317 5502 fuisse;
2357 5450 2449 5492 aut
2478 5441 2654 5509 potius
2686 5446 3023 5505 contemptus
3062 5450 3225 5509 causa
3254 5450 3333 5489 sic

1771 5506 2005 5577 loquitur
2038 5509 2307 5579 Didymus,
2328 5518 2385 5562 ut
2407 5506 2528 5564 eum
2563 5506 3330 5579 indicetpseudof-episcopum
3402 5508 3423 5531 ‘

1773 5596 1802 5633 a
1838 5571 1898 5633 se
1930 5580 2113 5634 haberi
2133 5571 2157 5631 ἐ
2188 5571 2300 5646 qua,
2329 5580 2537 5633 ratione
2586 5571 2805 5634 concilii
2848 5571 3331 5646 Sardicénsis'i’a-

1777 5659 1887 5703 tres
1914 5650 1965 5702 in
2001 5642 2222 5717 epistola
2265 5649 2548 5720 synodica,
2579 5649 2644 5703 de
2674 5646 2939 5720 episcopis
2971 5643 3142 5720 magni
3169 5642 3335 5696 Atha-

1777 5720 1914 5775 nasii
1980 5714 2309 5775 adversariis
2365 5727 2419 5773 et
2470 5714 2948 5773 calumniatoribus
3026 5714 3332 5782 loquentes.
