  <div class='ocr_page' id='page_1' title='image "/cluster/home/n/w/nwhite01/storage/ocr_20150623/39/hvd.32044019207778/316.png"; bbox 0 0 3676 6324; ppageno 0'>
   <div class='ocr_carea' id='block_1_1' title="bbox 115 309 2234 388">
    <p class='ocr_par' dir='ltr' id='par_1_1' title="bbox 115 309 2234 388">
     <span class='ocr_line' id='line_1_1' title="bbox 115 309 2234 388; baseline -0.01 -4"><span class='ocrx_word' id='word_1_1' title='bbox 115 333 189 388; x_wconf 76' lang='lat' dir='ltr'>6H</span> <span class='ocrx_word' id='word_1_2' title='bbox 1060 316 1144 368; x_wconf 86' lang='lat' dir='ltr'><strong>DE</strong></span> <span class='ocrx_word' id='word_1_3' title='bbox 1186 313 1560 368; x_wconf 70' lang='lat' dir='ltr'><strong>TRlNiTATE</strong></span> <span class='ocrx_word' id='word_1_4' title='bbox 1603 312 1803 366; x_wconf 80' lang='lat' dir='ltr'><strong>LIBER</strong></span> <span class='ocrx_word' id='word_1_5' title='bbox 1850 309 2234 366; x_wconf 67' lang='lat' dir='ltr'><strong>SECUNDUS.</strong></span> 
     </span>
    </p>
   </div>
   <div class='ocr_carea' id='block_1_2' title="bbox 112 430 1840 506">
    <p class='ocr_par' dir='ltr' id='par_1_2' title="bbox 112 430 1840 506">
     <span class='ocr_line' id='line_1_2' title="bbox 112 430 1840 506; baseline -0.001 -23"><span class='ocrx_word' id='word_1_6' title='bbox 112 439 262 498; x_wconf 66' lang='grc' dir='ltr'>οὑτωσὶ</span> <span class='ocrx_word' id='word_1_7' title='bbox 297 433 458 506; x_wconf 81' lang='grc' dir='ltr'>πράως</span> <span class='ocrx_word' id='word_1_8' title='bbox 499 431 591 484; x_wconf 71' lang='grc' dir='ltr'><strong>καὶ</strong></span> <span class='ocrx_word' id='word_1_9' title='bbox 638 431 873 501; x_wconf 78' lang='grc' dir='ltr'><strong>μετρίως</strong></span> <span class='ocrx_word' id='word_1_10' title='bbox 917 433 1303 502; x_wconf 84' lang='grc' dir='ltr'>σκοπήσωμεν.</span> <span class='ocrx_word' id='word_1_11' title='bbox 1365 431 1504 500; x_wconf 77' lang='grc' dir='ltr'><strong>Ἐγώ</strong></span> <span class='ocrx_word' id='word_1_12' title='bbox 1553 450 1612 484; x_wconf 88' lang='grc' dir='ltr'><strong>τε</strong></span> <span class='ocrx_word' id='word_1_13' title='bbox 1646 437 1687 491; x_wconf 76' lang='grc' dir='ltr'><strong>Α</strong></span> <span class='ocrx_word' id='word_1_14' title='bbox 1718 430 1790 483; x_wconf 85' lang='lat' dir='ltr'><strong>illi</strong></span> <span class='ocrx_word' id='word_1_15' title='bbox 1825 469 1840 492; x_wconf 92' lang='lat'><strong>,</strong></span> 
     </span>
    </p>
   </div>
   <div class='ocr_carea' id='block_1_3' title="bbox 113 523 1604 604">
    <p class='ocr_par' dir='ltr' id='par_1_3' title="bbox 113 523 1604 604">
     <span class='ocr_line' id='line_1_3' title="bbox 113 523 1604 604; baseline -0.005 -21"><span class='ocrx_word' id='word_1_16' title='bbox 113 537 192 604; x_wconf 74' lang='grc' dir='ltr'><strong>γὰρ</strong></span> <span class='ocrx_word' id='word_1_17' title='bbox 211 525 425 596; x_wconf 76' lang='grc' dir='ltr'>ἀναφανῶ</span> <span class='ocrx_word' id='word_1_18' title='bbox 450 523 708 592; x_wconf 74' lang='grc' dir='ltr'>ἀκριϐῶς,</span> <span class='ocrx_word' id='word_1_19' title='bbox 743 525 838 576; x_wconf 72' lang='grc' dir='ltr'><strong>καὶ</strong></span> <span class='ocrx_word' id='word_1_20' title='bbox 873 524 972 594; x_wconf 49' lang='grc' dir='ltr'>οὐχ</span> <span class='ocrx_word' id='word_1_21' title='bbox 1001 523 1188 586; x_wconf 86' lang='grc' dir='ltr'>ἁπλῶς</span> <span class='ocrx_word' id='word_1_22' title='bbox 1217 523 1276 588; x_wconf 82' lang='grc' dir='ltr'><strong>ἐξ</strong></span> <span class='ocrx_word' id='word_1_23' title='bbox 1297 523 1604 594; x_wconf 75' lang='grc' dir='ltr'>ἀμφιδόξων</span> 
     </span>
    </p>
   </div>
   <div class='ocr_carea' id='block_1_4' title="bbox 112 613 1604 686">
    <p class='ocr_par' dir='ltr' id='par_1_4' title="bbox 112 613 1604 686">
     <span class='ocr_line' id='line_1_4' title="bbox 112 613 1604 686; baseline -0.005 -13"><span class='ocrx_word' id='word_1_24' title='bbox 112 621 388 686; x_wconf 73' lang='grc' dir='ltr'>ἀποδείξεων,</span> <span class='ocrx_word' id='word_1_25' title='bbox 424 613 528 668; x_wconf 82' lang='grc' dir='ltr'>ἀλλ’</span> <span class='ocrx_word' id='word_1_26' title='bbox 559 614 1031 684; x_wconf 77' lang='grc' dir='ltr'><strong>ὁμολογουμένων,</strong></span> <span class='ocrx_word' id='word_1_27' title='bbox 1063 614 1258 678; x_wconf 81' lang='grc' dir='ltr'><strong>διδάξω</strong></span> <span class='ocrx_word' id='word_1_28' title='bbox 1295 633 1354 667; x_wconf 86' lang='grc' dir='ltr'><strong>τε</strong></span> <span class='ocrx_word' id='word_1_29' title='bbox 1387 614 1604 685; x_wconf 74' lang='grc' dir='ltr'>ῥᾳδίως,</span> 
     </span>
    </p>
   </div>
   <div class='ocr_carea' id='block_1_5' title="bbox 114 701 1608 778">
    <p class='ocr_par' dir='ltr' id='par_1_5' title="bbox 114 701 1608 778">
     <span class='ocr_line' id='line_1_5' title="bbox 114 701 1608 778; baseline -0.007 -13"><span class='ocrx_word' id='word_1_30' title='bbox 114 715 180 767; x_wconf 67' lang='grc' dir='ltr'><strong>καὶ</strong></span> <span class='ocrx_word' id='word_1_31' title='bbox 202 710 330 778; x_wconf 76' lang='grc' dir='ltr'>ὑμεῖς</span> <span class='ocrx_word' id='word_1_32' title='bbox 370 702 685 775; x_wconf 75' lang='grc' dir='ltr'><strong>μαθήσεσθε.</strong></span> <span class='ocrx_word' id='word_1_33' title='bbox 728 701 958 764; x_wconf 79' lang='grc' dir='ltr'><strong>Παῦλος,</strong></span> <span class='ocrx_word' id='word_1_34' title='bbox 1006 704 1034 754; x_wconf 99' lang='lat'><strong>6</strong></span> <span class='ocrx_word' id='word_1_35' title='bbox 1074 701 1165 754; x_wconf 82' lang='grc' dir='ltr'><strong>τὸν</strong></span> <span class='ocrx_word' id='word_1_36' title='bbox 1213 701 1274 773; x_wconf 81' lang='grc' dir='ltr'>δὴ</span> <span class='ocrx_word' id='word_1_37' title='bbox 1318 702 1608 773; x_wconf 82' lang='grc' dir='ltr'>λεγόμενον</span> 
     </span>
    </p>
   </div>
   <div class='ocr_carea' id='block_1_6' title="bbox 115 793 1610 872">
    <p class='ocr_par' dir='ltr' id='par_1_6' title="bbox 115 793 1610 872">
     <span class='ocr_line' id='line_1_6' title="bbox 115 793 1610 872; baseline -0.001 -24"><span class='ocrx_word' id='word_1_38' title='bbox 115 801 242 872; x_wconf 72' lang='grc' dir='ltr'>πυρὸς</span> <span class='ocrx_word' id='word_1_39' title='bbox 272 794 566 867; x_wconf 80' lang='grc' dir='ltr'>θερμότερον</span> <span class='ocrx_word' id='word_1_40' title='bbox 611 793 702 846; x_wconf 83' lang='grc' dir='ltr'><strong>τὸν</strong></span> <span class='ocrx_word' id='word_1_41' title='bbox 755 793 882 864; x_wconf 76' lang='grc' dir='ltr'>περὶ</span> <span class='ocrx_word' id='word_1_42' title='bbox 924 793 1017 845; x_wconf 88' lang='grc' dir='ltr'><strong>τοῦ</strong></span> <span class='ocrx_word' id='word_1_43' title='bbox 1063 793 1302 864; x_wconf 76' lang='grc' dir='ltr'>μεγάλου</span> <span class='ocrx_word' id='word_1_44' title='bbox 1349 793 1484 846; x_wconf 85' lang='grc' dir='ltr'>Θεοῦ</span> <span class='ocrx_word' id='word_1_45' title='bbox 1516 795 1610 846; x_wconf 73' lang='grc' dir='ltr'>καὶ</span> 
     </span>
    </p>
   </div>
   <div class='ocr_carea' id='block_1_7' title="bbox 111 882 1612 960">
    <p class='ocr_par' dir='ltr' id='par_1_7' title="bbox 111 882 1612 960">
     <span class='ocr_line' id='line_1_7' title="bbox 111 882 1612 960; baseline 0.001 -25"><span class='ocrx_word' id='word_1_46' title='bbox 343 884 486 956; x_wconf 81' lang='grc' dir='ltr'>ἡμῶν</span> <span class='ocrx_word' id='word_1_47' title='bbox 543 882 716 955; x_wconf 80' lang='grc' dir='ltr'><strong>Ἰησοῦ</strong></span> <span class='ocrx_word' id='word_1_48' title='bbox 788 883 1025 958; x_wconf 83' lang='grc' dir='ltr'>Χριστοῦ</span> <span class='ocrx_word' id='word_1_49' title='bbox 1071 885 1405 956; x_wconf 83' lang='grc' dir='ltr'>μακάριστον</span> <span class='ocrx_word' id='word_1_50' title='bbox 1452 884 1612 952; x_wconf 75' lang='grc' dir='ltr'>ζῆλον</span> 
     </span>
    </p>
   </div>
   <div class='ocr_carea' id='block_1_8' title="bbox 113 973 1614 1053">
    <p class='ocr_par' dir='ltr' id='par_1_8' title="bbox 113 973 1614 1053">
     <span class='ocr_line' id='line_1_8' title="bbox 113 973 1614 1053; baseline -0.007 -17"><span class='ocrx_word' id='word_1_51' title='bbox 113 985 228 1053; x_wconf 77' lang='grc' dir='ltr'>ἔχων,</span> <span class='ocrx_word' id='word_1_52' title='bbox 256 977 428 1049; x_wconf 69' lang='grc' dir='ltr'>γράφει</span> <span class='ocrx_word' id='word_1_53' title='bbox 458 975 690 1046; x_wconf 81' lang='grc' dir='ltr'>Χριστὸν</span> <span class='ocrx_word' id='word_1_54' title='bbox 717 973 960 1028; x_wconf 85' lang='grc' dir='ltr'>διάκονον</span> <span class='ocrx_word' id='word_1_55' title='bbox 996 973 1342 1044; x_wconf 79' lang='grc' dir='ltr'>γεγενῆσθαι.</span> <span class='ocrx_word' id='word_1_56' title='bbox 1374 974 1485 1026; x_wconf 79' lang='grc' dir='ltr'>Καὶ</span> <span class='ocrx_word' id='word_1_57' title='bbox 1518 975 1614 1026; x_wconf 75' lang='lat' dir='ltr'><strong>a6-</strong></span> 
     </span>
    </p>
   </div>
   <div class='ocr_carea' id='block_1_9' title="bbox 109 1059 1609 1142">
    <p class='ocr_par' dir='ltr' id='par_1_9' title="bbox 109 1059 1609 1142">
     <span class='ocr_line' id='line_1_9' title="bbox 109 1059 1609 1142; baseline -0.007 -16"><span class='ocrx_word' id='word_1_58' title='bbox 109 1077 175 1136; x_wconf 77' lang='grc' dir='ltr'>τὸς</span> <span class='ocrx_word' id='word_1_59' title='bbox 199 1072 300 1142; x_wconf 78' lang='grc' dir='ltr'>περὶ</span> <span class='ocrx_word' id='word_1_60' title='bbox 336 1066 515 1122; x_wconf 76' lang='grc' dir='ltr'>ἑαυτοῦ</span> <span class='ocrx_word' id='word_1_61' title='bbox 545 1069 573 1120; x_wconf 94' lang='lat'><strong>6</strong></span> <span class='ocrx_word' id='word_1_62' title='bbox 619 1067 917 1136; x_wconf 76' lang='grc' dir='ltr'><strong>εὐεργέτης</strong></span> <span class='ocrx_word' id='word_1_63' title='bbox 962 1059 1118 1128; x_wconf 72' lang='grc' dir='ltr'>οὗτος</span> <span class='ocrx_word' id='word_1_64' title='bbox 1163 1065 1437 1134; x_wconf 78' lang='grc' dir='ltr'><strong>ἐπιφανῶς</strong></span> <span class='ocrx_word' id='word_1_65' title='bbox 1473 1065 1574 1135; x_wconf 72' lang='grc' dir='ltr'>ἔφη</span> <span class='ocrx_word' id='word_1_66' title='bbox 1598 1082 1609 1096; x_wconf 89' lang='grc'><strong>·</strong></span> 
     </span>
    </p>
   </div>
   <div class='ocr_carea' id='block_1_10' title="bbox 116 1155 1610 1231">
    <p class='ocr_par' dir='ltr' id='par_1_10' title="bbox 116 1155 1610 1231">
     <span class='ocr_line' id='line_1_10' title="bbox 116 1155 1610 1231; baseline -0.007 -15"><span class='ocrx_word' id='word_1_67' title='bbox 116 1186 128 1215; x_wconf 91' lang='grc' dir='ltr'><strong>ι</strong></span> <span class='ocrx_word' id='word_1_68' title='bbox 160 1162 358 1231; x_wconf 77' lang='grc' dir='ltr'>Ἐντολὴν</span> <span class='ocrx_word' id='word_1_69' title='bbox 394 1157 597 1218; x_wconf 69' lang='grc' dir='ltr'>ἔλαϐον,</span> <span class='ocrx_word' id='word_1_70' title='bbox 637 1157 690 1209; x_wconf 89' lang='grc' dir='ltr'><strong>τί</strong></span> <span class='ocrx_word' id='word_1_71' title='bbox 742 1159 899 1218; x_wconf 75' lang='grc' dir='ltr'>εἴπω,</span> <span class='ocrx_word' id='word_1_72' title='bbox 933 1156 1026 1209; x_wconf 75' lang='grc' dir='ltr'><strong>καὶ</strong></span> <span class='ocrx_word' id='word_1_73' title='bbox 1058 1158 1110 1208; x_wconf 88' lang='grc' dir='ltr'><strong>τί</strong></span> <span class='ocrx_word' id='word_1_74' title='bbox 1153 1155 1368 1227; x_wconf 78' lang='grc' dir='ltr'>λαλήσω</span> <span class='ocrx_word' id='word_1_75' title='bbox 1394 1173 1406 1184; x_wconf 90' lang='grc'><strong>·</strong></span> <span class='ocrx_word' id='word_1_76' title='bbox 1446 1175 1462 1203; x_wconf 79' lang='grc' dir='ltr'><strong>ι</strong></span> <span class='ocrx_word' id='word_1_77' title='bbox 1501 1157 1610 1217; x_wconf 71' lang='grc' dir='ltr'>καὶ,</span> 
     </span>
    </p>
   </div>
   <div class='ocr_carea' id='block_1_11' title="bbox 114 1243 1609 1316">
    <p class='ocr_par' dir='ltr' id='par_1_11' title="bbox 114 1243 1609 1316">
     <span class='ocr_line' id='line_1_11' title="bbox 114 1243 1609 1316; baseline -0.004 -12"><span class='ocrx_word' id='word_1_78' title='bbox 114 1252 276 1305; x_wconf 70' lang='grc' dir='ltr'>«Οὐδὲν</span> <span class='ocrx_word' id='word_1_79' title='bbox 299 1249 380 1302; x_wconf 75' lang='grc' dir='ltr'><strong>ἀπ’</strong></span> <span class='ocrx_word' id='word_1_80' title='bbox 406 1245 643 1316; x_wconf 82' lang='grc' dir='ltr'>ἐμαυτοῦ</span> <span class='ocrx_word' id='word_1_81' title='bbox 685 1244 842 1298; x_wconf 87' lang='grc' dir='ltr'>ποιῶ.</span> <span class='ocrx_word' id='word_1_82' title='bbox 871 1265 887 1293; x_wconf 73' lang='grc' dir='ltr'><strong>ι</strong></span> <span class='ocrx_word' id='word_1_83' title='bbox 940 1246 1046 1298; x_wconf 78' lang='grc' dir='ltr'><strong>Καὶ</strong></span> <span class='ocrx_word' id='word_1_84' title='bbox 1096 1243 1320 1312; x_wconf 80' lang='grc' dir='ltr'>ἑτέρωθι</span> <span class='ocrx_word' id='word_1_85' title='bbox 1364 1243 1609 1314; x_wconf 76' lang='grc' dir='ltr'>εἴρηται·</span> 
     </span>
    </p>
   </div>
   <div class='ocr_carea' id='block_1_12' title="bbox 114 1337 1615 1412">
    <p class='ocr_par' dir='ltr' id='par_1_12' title="bbox 114 1337 1615 1412">
     <span class='ocr_line' id='line_1_12' title="bbox 114 1337 1615 1412; baseline -0.007 -14"><span class='ocrx_word' id='word_1_86' title='bbox 114 1367 128 1398; x_wconf 91' lang='grc' dir='ltr'><strong>ι</strong></span> <span class='ocrx_word' id='word_1_87' title='bbox 157 1346 200 1398; x_wconf 90' lang='grc' dir='ltr'>Ὀ</span> <span class='ocrx_word' id='word_1_88' title='bbox 221 1343 358 1412; x_wconf 80' lang='grc' dir='ltr'>νόμος</span> <span class='ocrx_word' id='word_1_89' title='bbox 385 1338 466 1392; x_wconf 77' lang='grc' dir='ltr'>διὰ</span> <span class='ocrx_word' id='word_1_90' title='bbox 509 1338 787 1400; x_wconf 77' lang='grc' dir='ltr'>Μωῦσέως</span> <span class='ocrx_word' id='word_1_91' title='bbox 823 1337 978 1407; x_wconf 79' lang='grc' dir='ltr'>ἐδόθη</span> <span class='ocrx_word' id='word_1_92' title='bbox 1002 1355 1014 1367; x_wconf 75' lang='grc' dir='ltr'><strong>ο</strong></span> <span class='ocrx_word' id='word_1_93' title='bbox 1046 1339 1078 1407; x_wconf 80' lang='grc' dir='ltr'>ἡ</span> <span class='ocrx_word' id='word_1_94' title='bbox 1110 1338 1270 1408; x_wconf 87' lang='grc' dir='ltr'>χάρις</span> <span class='ocrx_word' id='word_1_95' title='bbox 1297 1338 1390 1389; x_wconf 74' lang='grc' dir='ltr'><strong>καὶ</strong></span> <span class='ocrx_word' id='word_1_96' title='bbox 1417 1339 1449 1406; x_wconf 83' lang='grc' dir='ltr'>ἡ</span> <span class='ocrx_word' id='word_1_97' title='bbox 1478 1337 1615 1407; x_wconf 83' lang='grc' dir='ltr'>ἁλή-</span> 
     </span>
    </p>
   </div>
   <div class='ocr_carea' id='block_1_13' title="bbox 107 1429 1618 1502">
    <p class='ocr_par' dir='ltr' id='par_1_13' title="bbox 107 1429 1618 1502">
     <span class='ocr_line' id='line_1_13' title="bbox 107 1429 1618 1502; baseline -0.008 -11"><span class='ocrx_word' id='word_1_98' title='bbox 107 1439 192 1491; x_wconf 82' lang='grc' dir='ltr'>θεια</span> <span class='ocrx_word' id='word_1_99' title='bbox 239 1436 312 1488; x_wconf 71' lang='grc' dir='ltr'>διὰ</span> <span class='ocrx_word' id='word_1_100' title='bbox 353 1430 515 1502; x_wconf 86' lang='grc' dir='ltr'>Ἰησοῦ</span> <span class='ocrx_word' id='word_1_101' title='bbox 573 1430 807 1502; x_wconf 69' lang='grc' dir='ltr'>Χριστοῦ</span> <span class='ocrx_word' id='word_1_102' title='bbox 849 1429 1085 1499; x_wconf 83' lang='grc' dir='ltr'>ἐγένετο.</span> <span class='ocrx_word' id='word_1_103' title='bbox 1125 1448 1140 1479; x_wconf 78' lang='grc' dir='ltr'><strong>ι</strong></span> <span class='ocrx_word' id='word_1_104' title='bbox 1194 1430 1303 1482; x_wconf 74' lang='grc' dir='ltr'>Καὶ</span> <span class='ocrx_word' id='word_1_105' title='bbox 1341 1431 1489 1500; x_wconf 83' lang='grc' dir='ltr'>ὅμως</span> <span class='ocrx_word' id='word_1_106' title='bbox 1533 1448 1618 1483; x_wconf 86' lang='grc' dir='ltr'>πι-</span> 
     </span>
    </p>
   </div>
   <div class='ocr_carea' id='block_1_14' title="bbox 110 1519 1619 1593">
    <p class='ocr_par' dir='ltr' id='par_1_14' title="bbox 110 1519 1619 1593">
     <span class='ocr_line' id='line_1_14' title="bbox 110 1519 1619 1593; baseline -0.003 -15"><span class='ocrx_word' id='word_1_107' title='bbox 110 1529 212 1590; x_wconf 80' lang='grc' dir='ltr'>στῶς</span> <span class='ocrx_word' id='word_1_108' title='bbox 238 1526 314 1578; x_wconf 72' lang='grc' dir='ltr'><strong>καὶ</strong></span> <span class='ocrx_word' id='word_1_109' title='bbox 339 1521 645 1593; x_wconf 84' lang='grc' dir='ltr'>θεοπρεπῶς</span> <span class='ocrx_word' id='word_1_110' title='bbox 683 1519 833 1573; x_wconf 85' lang='grc' dir='ltr'>ταῦθ’</span> <span class='ocrx_word' id='word_1_111' title='bbox 867 1519 1038 1584; x_wconf 70' lang='grc' dir='ltr'>οὕτως</span> <span class='ocrx_word' id='word_1_112' title='bbox 1071 1519 1402 1592; x_wconf 79' lang='grc' dir='ltr'>γεγράφθαι,</span> <span class='ocrx_word' id='word_1_113' title='bbox 1434 1521 1521 1574; x_wconf 84' lang='grc' dir='ltr'>διὰ</span> <span class='ocrx_word' id='word_1_114' title='bbox 1558 1523 1619 1574; x_wconf 86' lang='grc' dir='ltr'><strong>τὸ</strong></span> 
     </span>
    </p>
   </div>
   <div class='ocr_carea' id='block_1_15' title="bbox 106 1612 1619 1687">
    <p class='ocr_par' dir='ltr' id='par_1_15' title="bbox 106 1612 1619 1687">
     <span class='ocr_line' id='line_1_15' title="bbox 106 1612 1619 1687; baseline -0.005 -14"><span class='ocrx_word' id='word_1_115' title='bbox 106 1623 147 1675; x_wconf 81' lang='grc' dir='ltr'>ἓν</span> <span class='ocrx_word' id='word_1_116' title='bbox 169 1619 343 1687; x_wconf 79' lang='grc' dir='ltr'>θέλημα</span> <span class='ocrx_word' id='word_1_117' title='bbox 385 1614 480 1683; x_wconf 79' lang='grc' dir='ltr'>τῆς</span> <span class='ocrx_word' id='word_1_118' title='bbox 518 1613 680 1681; x_wconf 82' lang='grc' dir='ltr'>ἁγίας</span> <span class='ocrx_word' id='word_1_119' title='bbox 736 1612 987 1684; x_wconf 77' lang='grc' dir='ltr'>Τριάδος,</span> <span class='ocrx_word' id='word_1_120' title='bbox 1029 1614 1120 1666; x_wconf 75' lang='grc' dir='ltr'>καὶ</span> <span class='ocrx_word' id='word_1_121' title='bbox 1172 1613 1257 1666; x_wconf 80' lang='grc' dir='ltr'>διὰ</span> <span class='ocrx_word' id='word_1_122' title='bbox 1304 1614 1365 1666; x_wconf 88' lang='grc' dir='ltr'>τὸ</span> <span class='ocrx_word' id='word_1_123' title='bbox 1417 1615 1494 1678; x_wconf 90' lang='grc' dir='ltr'>εἰς</span> <span class='ocrx_word' id='word_1_124' title='bbox 1529 1616 1619 1667; x_wconf 64' lang='grc' dir='ltr'><strong>τὸν</strong></span> 
     </span>
    </p>
   </div>
   <div class='ocr_carea' id='block_1_16' title="bbox 108 1702 1620 1779">
    <p class='ocr_par' dir='ltr' id='par_1_16' title="bbox 108 1702 1620 1779">
     <span class='ocr_line' id='line_1_16' title="bbox 108 1702 1620 1779; baseline -0.004 -16"><span class='ocrx_word' id='word_1_125' title='bbox 108 1711 276 1779; x_wconf 77' lang='grc' dir='ltr'>Πατέρα</span> <span class='ocrx_word' id='word_1_126' title='bbox 301 1707 461 1759; x_wconf 81' lang='grc' dir='ltr'>πάντα</span> <span class='ocrx_word' id='word_1_127' title='bbox 501 1702 822 1772; x_wconf 83' lang='grc' dir='ltr'>ἀνάγεσθαι,</span> <span class='ocrx_word' id='word_1_128' title='bbox 847 1703 1097 1774; x_wconf 84' lang='grc' dir='ltr'>νοοῦμεν.</span> <span class='ocrx_word' id='word_1_129' title='bbox 1145 1704 1232 1768; x_wconf 83' lang='grc' dir='ltr'>Ὠς</span> <span class='ocrx_word' id='word_1_130' title='bbox 1264 1704 1442 1756; x_wconf 78' lang='grc' dir='ltr'>τοίνυν</span> <span class='ocrx_word' id='word_1_131' title='bbox 1471 1705 1620 1757; x_wconf 77' lang='grc' dir='ltr'>οῦδε-</span> 
     </span>
    </p>
   </div>
   <div class='ocr_carea' id='block_1_17' title="bbox 3152 315 3272 371">
    <p class='ocr_par' dir='ltr' id='par_1_17' title="bbox 3152 315 3272 371">
     <span class='ocr_line' id='line_1_17' title="bbox 3152 315 3272 371; baseline 0.008 -1"><span class='ocrx_word' id='word_1_132' title='bbox 3152 315 3272 371; x_wconf 74' lang='grc'><strong>-618</strong></span> 
     </span>
    </p>
   </div>
   <div class='ocr_carea' id='block_1_18' title="bbox 1896 425 3276 497">
    <p class='ocr_par' dir='ltr' id='par_1_18' title="bbox 1896 425 3276 497">
     <span class='ocr_line' id='line_1_18' title="bbox 1896 425 3276 497; baseline -0.005 -14"><span class='ocrx_word' id='word_1_133' title='bbox 1896 432 1939 483; x_wconf 90' lang='lat' dir='ltr'><strong>si</strong></span> <span class='ocrx_word' id='word_1_134' title='bbox 2006 439 2162 481; x_wconf 88' lang='lat' dir='ltr'><strong>natus</strong></span> <span class='ocrx_word' id='word_1_135' title='bbox 2219 443 2321 480; x_wconf 88' lang='lat' dir='ltr'><strong>non</strong></span> <span class='ocrx_word' id='word_1_136' title='bbox 2386 425 2593 482; x_wconf 77' lang='lat' dir='ltr'><strong>fuisset.</strong></span> <span class='ocrx_word' id='word_1_137' title='bbox 2630 447 2646 478; x_wconf 80' lang='grc' dir='ltr'><strong>ι</strong></span> <span class='ocrx_word' id='word_1_138' title='bbox 2699 427 2836 483; x_wconf 85' lang='lat' dir='ltr'><strong>Tute</strong></span> <span class='ocrx_word' id='word_1_139' title='bbox 2898 443 3026 497; x_wconf 77' lang='lat' dir='ltr'><strong>ergo</strong></span> <span class='ocrx_word' id='word_1_140' title='bbox 3077 437 3276 488; x_wconf 66' lang='lat' dir='ltr'><strong>temet.</strong></span> 
     </span>
    </p>
   </div>
   <div class='ocr_carea' id='block_1_19' title="bbox 1712 519 3278 592">
    <p class='ocr_par' dir='ltr' id='par_1_19' title="bbox 1712 519 3278 592">
     <span class='ocr_line' id='line_1_19' title="bbox 1712 519 3278 592; baseline 0.002 -16"><span class='ocrx_word' id='word_1_141' title='bbox 1712 523 1881 592; x_wconf 88' lang='lat' dir='ltr'><strong>ipsum</strong></span> <span class='ocrx_word' id='word_1_142' title='bbox 1909 521 2020 589; x_wconf 86' lang='lat' dir='ltr'><strong>jam</strong></span> <span class='ocrx_word' id='word_1_143' title='bbox 2063 529 2285 588; x_wconf 75' lang='lat' dir='ltr'><strong>propter</strong></span> <span class='ocrx_word' id='word_1_144' title='bbox 2313 519 2716 572; x_wconf 80' lang='lat' dir='ltr'><strong>criminationes</strong></span> <span class='ocrx_word' id='word_1_145' title='bbox 2755 531 2871 572; x_wconf 88' lang='lat' dir='ltr'><strong>tuas</strong></span> <span class='ocrx_word' id='word_1_146' title='bbox 2899 521 3015 591; x_wconf 70' lang='grc'>(74)</span> <span class='ocrx_word' id='word_1_147' title='bbox 3047 524 3098 576; x_wconf 91' lang='lat' dir='ltr'><strong>in</strong></span> <span class='ocrx_word' id='word_1_148' title='bbox 3127 523 3278 592; x_wconf 87' lang='lat' dir='ltr'><strong>judi-</strong></span> 
     </span>
    </p>
   </div>
   <div class='ocr_carea' id='block_1_20' title="bbox 1711 611 3283 681">
    <p class='ocr_par' dir='ltr' id='par_1_20' title="bbox 1711 611 3283 681">
     <span class='ocr_line' id='line_1_20' title="bbox 1711 611 3283 681; baseline 0.003 -14"><span class='ocrx_word' id='word_1_149' title='bbox 1711 616 1850 668; x_wconf 89' lang='lat' dir='ltr'><strong>cium</strong></span> <span class='ocrx_word' id='word_1_150' title='bbox 1911 611 2170 675; x_wconf 80' lang='lat' dir='ltr'><strong>traxisti,</strong></span> <span class='ocrx_word' id='word_1_151' title='bbox 2224 621 2383 680; x_wconf 89' lang='lat' dir='ltr'><strong>atque</strong></span> <span class='ocrx_word' id='word_1_152' title='bbox 2444 612 2496 664; x_wconf 92' lang='lat' dir='ltr'><strong>in</strong></span> <span class='ocrx_word' id='word_1_153' title='bbox 2551 612 2890 681; x_wconf 68' lang='lat' dir='ltr'><strong>temetipsum</strong></span> <span class='ocrx_word' id='word_1_154' title='bbox 2944 628 3062 666; x_wconf 88' lang='lat' dir='ltr'><strong>eam</strong></span> <span class='ocrx_word' id='word_1_155' title='bbox 3121 630 3283 670; x_wconf 87' lang='lat' dir='ltr'><strong>accu-</strong></span> 
     </span>
    </p>
   </div>
   <div class='ocr_carea' id='block_1_21' title="bbox 1711 704 3280 778">
    <p class='ocr_par' dir='ltr' id='par_1_21' title="bbox 1711 704 3280 778">
     <span class='ocr_line' id='line_1_21' title="bbox 1711 704 3280 778; baseline 0.001 -20"><span class='ocrx_word' id='word_1_156' title='bbox 1711 704 2014 765; x_wconf 85' lang='lat' dir='ltr'><strong>sationem,</strong></span> <span class='ocrx_word' id='word_1_157' title='bbox 2045 717 2204 771; x_wconf 86' lang='lat' dir='ltr'><strong>quam</strong></span> <span class='ocrx_word' id='word_1_158' title='bbox 2244 713 2430 755; x_wconf 80' lang='lat' dir='ltr'><strong>contra</strong></span> <span class='ocrx_word' id='word_1_159' title='bbox 2465 717 2560 755; x_wconf 93' lang='lat' dir='ltr'><strong>nos</strong></span> <span class='ocrx_word' id='word_1_160' title='bbox 2587 717 2906 772; x_wconf 77' lang='lat' dir='ltr'><strong>susceperas</strong></span> <span class='ocrx_word' id='word_1_161' title='bbox 2936 704 3082 774; x_wconf 84' lang='lat'><strong>(75),</strong></span> <span class='ocrx_word' id='word_1_162' title='bbox 3117 707 3280 778; x_wconf 74' lang='lat'><strong>217</strong></span> 
     </span>
    </p>
   </div>
   <div class='ocr_carea' id='block_1_22' title="bbox 1711 793 3280 868">
    <p class='ocr_par' dir='ltr' id='par_1_22' title="bbox 1711 793 3280 868">
     <span class='ocr_line' id='line_1_22' title="bbox 1711 793 3280 868; baseline 0.004 -22"><span class='ocrx_word' id='word_1_163' title='bbox 1711 793 2023 848; x_wconf 84' lang='lat' dir='ltr'><strong>convertisti</strong></span> <span class='ocrx_word' id='word_1_164' title='bbox 2052 833 2067 858; x_wconf 94' lang='lat'><strong>,</strong></span> <span class='ocrx_word' id='word_1_165' title='bbox 2120 795 2360 862; x_wconf 83' lang='lat' dir='ltr'><strong>nihilque</strong></span> <span class='ocrx_word' id='word_1_166' title='bbox 2408 796 2456 846; x_wconf 92' lang='lat' dir='ltr'><strong>in</strong></span> <span class='ocrx_word' id='word_1_167' title='bbox 2505 811 2714 850; x_wconf 89' lang='lat' dir='ltr'><strong>summa</strong></span> <span class='ocrx_word' id='word_1_168' title='bbox 2745 796 2811 852; x_wconf 82' lang='lat' dir='ltr'><strong>ab</strong></span> <span class='ocrx_word' id='word_1_169' title='bbox 2849 797 2944 860; x_wconf 90' lang='lat' dir='ltr'><strong>iis,</strong></span> <span class='ocrx_word' id='word_1_170' title='bbox 2982 800 3073 868; x_wconf 88' lang='lat' dir='ltr'><strong>qui</strong></span> <span class='ocrx_word' id='word_1_171' title='bbox 3099 815 3280 854; x_wconf 83' lang='lat' dir='ltr'><strong>aerem</strong></span> 
     </span>
    </p>
   </div>
   <div class='ocr_carea' id='block_1_23' title="bbox 1712 883 3280 952">
    <p class='ocr_par' dir='ltr' id='par_1_23' title="bbox 1712 883 3280 952">
     <span class='ocr_line' id='line_1_23' title="bbox 1712 883 3280 952; baseline 0.004 -15"><span class='ocrx_word' id='word_1_172' title='bbox 1712 885 2028 949; x_wconf 81' lang='lat' dir='ltr'><strong>verberant,</strong></span> <span class='ocrx_word' id='word_1_173' title='bbox 2063 883 2278 950; x_wconf 71' lang='lat' dir='ltr'><strong>diﬂerre</strong></span> <span class='ocrx_word' id='word_1_174' title='bbox 2314 887 2463 940; x_wconf 87' lang='lat' dir='ltr'><strong>visus</strong></span> <span class='ocrx_word' id='word_1_175' title='bbox 2492 901 2572 952; x_wconf 86' lang='lat' dir='ltr'><strong>es,</strong></span> <span class='ocrx_word' id='word_1_176' title='bbox 2609 901 2671 940; x_wconf 88' lang='lat' dir='ltr'><strong>ac</strong></span> <span class='ocrx_word' id='word_1_177' title='bbox 2709 901 2774 940; x_wconf 89' lang='lat' dir='ltr'><strong>eo</strong></span> <span class='ocrx_word' id='word_1_178' title='bbox 2825 888 3072 941; x_wconf 86' lang='lat' dir='ltr'><strong>redactus</strong></span> <span class='ocrx_word' id='word_1_179' title='bbox 3111 888 3280 950; x_wconf 76' lang='lat' dir='ltr'><strong>fuisti.</strong></span> 
     </span>
    </p>
   </div>
   <div class='ocr_carea' id='block_1_24' title="bbox 1713 976 3286 1050">
    <p class='ocr_par' dir='ltr' id='par_1_24' title="bbox 1713 976 3286 1050">
     <span class='ocr_line' id='line_1_24' title="bbox 1713 976 3286 1050; baseline 0.003 -22"><span class='ocrx_word' id='word_1_180' title='bbox 1713 986 1771 1028; x_wconf 92' lang='lat' dir='ltr'><strong>ut</strong></span> <span class='ocrx_word' id='word_1_181' title='bbox 1801 976 1974 1030; x_wconf 76' lang='lat' dir='ltr'><strong>iutilia</strong></span> <span class='ocrx_word' id='word_1_182' title='bbox 2016 977 2261 1045; x_wconf 67' lang='lat' dir='ltr'><strong>quaedam</strong></span> <span class='ocrx_word' id='word_1_183' title='bbox 2296 978 2497 1032; x_wconf 89' lang='lat' dir='ltr'><strong>sutoris</strong></span> <span class='ocrx_word' id='word_1_184' title='bbox 2529 978 2700 1032; x_wconf 87' lang='lat' dir='ltr'><strong>instar</strong></span> <span class='ocrx_word' id='word_1_185' title='bbox 2739 977 2822 1048; x_wconf 90' lang='lat' dir='ltr'><strong>(ut</strong></span> <span class='ocrx_word' id='word_1_186' title='bbox 2865 990 2945 1033; x_wconf 90' lang='lat' dir='ltr'><strong>est</strong></span> <span class='ocrx_word' id='word_1_187' title='bbox 2985 980 3036 1034; x_wconf 92' lang='lat' dir='ltr'><strong>in</strong></span> <span class='ocrx_word' id='word_1_188' title='bbox 3065 995 3286 1050; x_wconf 88' lang='lat' dir='ltr'><strong>prover-</strong></span> 
     </span>
    </p>
   </div>
   <div class='ocr_carea' id='block_1_25' title="bbox 1712 1068 3284 1138">
    <p class='ocr_par' dir='ltr' id='par_1_25' title="bbox 1712 1068 3284 1138">
     <span class='ocr_line' id='line_1_25' title="bbox 1712 1068 3284 1138; baseline 0.001 -16"><span class='ocrx_word' id='word_1_189' title='bbox 1712 1068 2170 1138; x_wconf 66' lang='lat' dir='ltr'><strong>bio),consueres,</strong></span> <span class='ocrx_word' id='word_1_190' title='bbox 2200 1079 2255 1122; x_wconf 91' lang='lat' dir='ltr'><strong>et</strong></span> <span class='ocrx_word' id='word_1_191' title='bbox 2299 1069 2422 1122; x_wconf 88' lang='lat' dir='ltr'><strong>dum</strong></span> <span class='ocrx_word' id='word_1_192' title='bbox 2457 1070 2654 1124; x_wconf 79' lang='lat' dir='ltr'><strong>divinis</strong></span> <span class='ocrx_word' id='word_1_193' title='bbox 2682 1072 2746 1126; x_wconf 91' lang='lat' dir='ltr'><strong>de</strong></span> <span class='ocrx_word' id='word_1_194' title='bbox 2781 1073 2960 1134; x_wconf 82' lang='lat' dir='ltr'><strong>rebus,</strong></span> <span class='ocrx_word' id='word_1_195' title='bbox 2991 1074 3284 1127; x_wconf 80' lang='lat' dir='ltr'><strong>doctrinis-</strong></span> 
     </span>
    </p>
   </div>
   <div class='ocr_carea' id='block_1_26' title="bbox 1714 1163 3283 1231">
    <p class='ocr_par' dir='ltr' id='par_1_26' title="bbox 1714 1163 3283 1231">
     <span class='ocr_line' id='line_1_26' title="bbox 1714 1163 3283 1231; baseline 0.003 -18"><span class='ocrx_word' id='word_1_196' title='bbox 1714 1175 1820 1228; x_wconf 83' lang='lat' dir='ltr'><strong>que</strong></span> <span class='ocrx_word' id='word_1_197' title='bbox 1852 1175 2033 1214; x_wconf 89' lang='lat' dir='ltr'><strong>sermo</strong></span> <span class='ocrx_word' id='word_1_198' title='bbox 2072 1172 2212 1225; x_wconf 84' lang='lat' dir='ltr'><strong>erat,</strong></span> <span class='ocrx_word' id='word_1_199' title='bbox 2249 1177 2370 1215; x_wconf 91' lang='lat' dir='ltr'><strong>cum</strong></span> <span class='ocrx_word' id='word_1_200' title='bbox 2407 1163 2508 1214; x_wconf 88' lang='lat' dir='ltr'><strong>alia</strong></span> <span class='ocrx_word' id='word_1_201' title='bbox 2553 1163 2799 1231; x_wconf 82' lang='lat' dir='ltr'><strong>quaedam</strong></span> <span class='ocrx_word' id='word_1_202' title='bbox 2843 1180 2875 1218; x_wconf 92' lang='lat' dir='ltr'><strong>e</strong></span> <span class='ocrx_word' id='word_1_203' title='bbox 2921 1163 3283 1218; x_wconf 78' lang='lat' dir='ltr'><strong>materialihus</strong></span> 
     </span>
    </p>
   </div>
   <div class='ocr_carea' id='block_1_27' title="bbox 1715 1253 3288 1320">
    <p class='ocr_par' dir='ltr' id='par_1_27' title="bbox 1715 1253 3288 1320">
     <span class='ocr_line' id='line_1_27' title="bbox 1715 1253 3288 1320; baseline 0.004 -15"><span class='ocrx_word' id='word_1_204' title='bbox 1715 1253 1880 1306; x_wconf 87' lang='lat' dir='ltr'><strong>rebus</strong></span> <span class='ocrx_word' id='word_1_205' title='bbox 1925 1254 2085 1306; x_wconf 86' lang='lat' dir='ltr'><strong>ducta</strong></span> <span class='ocrx_word' id='word_1_206' title='bbox 2117 1253 2390 1320; x_wconf 81' lang='lat' dir='ltr'><strong>exempla,</strong></span> <span class='ocrx_word' id='word_1_207' title='bbox 2423 1255 2540 1306; x_wconf 87' lang='lat' dir='ltr'><strong>sine</strong></span> <span class='ocrx_word' id='word_1_208' title='bbox 2589 1254 2694 1307; x_wconf 88' lang='lat' dir='ltr'><strong>ulla</strong></span> <span class='ocrx_word' id='word_1_209' title='bbox 2733 1256 3055 1311; x_wconf 58' lang='lat' dir='ltr'><strong>necessitate</strong></span> <span class='ocrx_word' id='word_1_210' title='bbox 3089 1258 3140 1311; x_wconf 92' lang='lat' dir='ltr'><strong>in</strong></span> <span class='ocrx_word' id='word_1_211' title='bbox 3175 1270 3288 1311; x_wconf 87' lang='lat' dir='ltr'><strong>me-</strong></span> 
     </span>
    </p>
   </div>
   <div class='ocr_carea' id='block_1_28' title="bbox 1718 1343 3288 1410">
    <p class='ocr_par' dir='ltr' id='par_1_28' title="bbox 1718 1343 3288 1410">
     <span class='ocr_line' id='line_1_28' title="bbox 1718 1343 3288 1410; baseline 0.002 -15"><span class='ocrx_word' id='word_1_212' title='bbox 1718 1344 1863 1396; x_wconf 85' lang='lat' dir='ltr'><strong>dium</strong></span> <span class='ocrx_word' id='word_1_213' title='bbox 1898 1344 2092 1397; x_wconf 88' lang='lat' dir='ltr'><strong>inscite</strong></span> <span class='ocrx_word' id='word_1_214' title='bbox 2138 1343 2382 1402; x_wconf 77' lang='lat' dir='ltr'><strong>afferres,</strong></span> <span class='ocrx_word' id='word_1_215' title='bbox 2437 1353 2546 1396; x_wconf 92' lang='lat' dir='ltr'><strong>tum</strong></span> <span class='ocrx_word' id='word_1_216' title='bbox 2579 1347 2739 1397; x_wconf 87' lang='lat' dir='ltr'><strong>etiam</strong></span> <span class='ocrx_word' id='word_1_217' title='bbox 2791 1346 3188 1410; x_wconf 87' lang='lat' dir='ltr'><strong>adversarium,</strong></span> <span class='ocrx_word' id='word_1_218' title='bbox 3233 1353 3288 1402; x_wconf 90' lang='lat' dir='ltr'><strong>et</strong></span> 
     </span>
    </p>
   </div>
   <div class='ocr_carea' id='block_1_29' title="bbox 1720 1434 3289 1507">
    <p class='ocr_par' dir='ltr' id='par_1_29' title="bbox 1720 1434 3289 1507">
     <span class='ocr_line' id='line_1_29' title="bbox 1720 1434 3289 1507; baseline 0.004 -21"><span class='ocrx_word' id='word_1_219' title='bbox 1720 1436 2031 1503; x_wconf 89' lang='lat' dir='ltr'><strong>reprobum,</strong></span> <span class='ocrx_word' id='word_1_220' title='bbox 2061 1449 2124 1488; x_wconf 86' lang='lat' dir='ltr'><strong>ac</strong></span> <span class='ocrx_word' id='word_1_221' title='bbox 2154 1434 2248 1487; x_wconf 89' lang='lat' dir='ltr'><strong>tibi</strong></span> <span class='ocrx_word' id='word_1_222' title='bbox 2278 1449 2362 1499; x_wconf 88' lang='lat' dir='ltr'><strong>ea,</strong></span> <span class='ocrx_word' id='word_1_223' title='bbox 2396 1449 2512 1502; x_wconf 72' lang='lat' dir='ltr'><strong>qua:</strong></span> <span class='ocrx_word' id='word_1_224' title='bbox 2536 1435 2744 1497; x_wconf 80' lang='lat' dir='ltr'><strong>dixisti.</strong></span> <span class='ocrx_word' id='word_1_225' title='bbox 2780 1445 3158 1507; x_wconf 77' lang='lat' dir='ltr'><strong>suggerentem</strong></span> <span class='ocrx_word' id='word_1_226' title='bbox 3188 1438 3289 1492; x_wconf 84' lang='lat' dir='ltr'><strong>Sa-</strong></span> 
     </span>
    </p>
   </div>
   <div class='ocr_carea' id='block_1_30' title="bbox 1722 1524 3290 1600">
    <p class='ocr_par' dir='ltr' id='par_1_30' title="bbox 1722 1524 3290 1600">
     <span class='ocr_line' id='line_1_30' title="bbox 1722 1524 3290 1600; baseline 0.006 -24"><span class='ocrx_word' id='word_1_227' title='bbox 1722 1533 1924 1580; x_wconf 85' lang='lat' dir='ltr'><strong>tanam.</strong></span> <span class='ocrx_word' id='word_1_228' title='bbox 1968 1524 2200 1578; x_wconf 80' lang='lat' dir='ltr'><strong>Tantum</strong></span> <span class='ocrx_word' id='word_1_229' title='bbox 2247 1540 2375 1580; x_wconf 89' lang='lat' dir='ltr'><strong>vero</strong></span> <span class='ocrx_word' id='word_1_230' title='bbox 2424 1526 2596 1592; x_wconf 86' lang='lat' dir='ltr'><strong>abest,</strong></span> <span class='ocrx_word' id='word_1_231' title='bbox 2639 1536 2696 1578; x_wconf 87' lang='lat' dir='ltr'><strong>ut</strong></span> <span class='ocrx_word' id='word_1_232' title='bbox 2747 1543 2858 1580; x_wconf 86' lang='lat' dir='ltr'><strong>rem</strong></span> <span class='ocrx_word' id='word_1_233' title='bbox 2908 1528 3120 1596; x_wconf 75' lang='lat' dir='ltr'><strong>feceris,</strong></span> <span class='ocrx_word' id='word_1_234' title='bbox 3170 1545 3290 1600; x_wconf 72' lang='lat' dir='ltr'><strong>quae</strong></span> 
     </span>
    </p>
   </div>
   <div class='ocr_carea' id='block_1_31' title="bbox 1721 1615 3290 1686">
    <p class='ocr_par' dir='ltr' id='par_1_31' title="bbox 1721 1615 3290 1686">
     <span class='ocr_line' id='line_1_31' title="bbox 1721 1615 3290 1686; baseline 0.005 -18"><span class='ocrx_word' id='word_1_235' title='bbox 1721 1615 1908 1670; x_wconf 86' lang='lat' dir='ltr'><strong>deceat</strong></span> <span class='ocrx_word' id='word_1_236' title='bbox 1940 1631 2153 1685; x_wconf 75' lang='lat' dir='ltr'><strong>:equum</strong></span> <span class='ocrx_word' id='word_1_237' title='bbox 2202 1632 2263 1671; x_wconf 84' lang='lat' dir='ltr'><strong>ac</strong></span> <span class='ocrx_word' id='word_1_238' title='bbox 2306 1619 2530 1686; x_wconf 86' lang='lat' dir='ltr'><strong>probum</strong></span> <span class='ocrx_word' id='word_1_239' title='bbox 2566 1621 2758 1678; x_wconf 89' lang='lat' dir='ltr'><strong>virum,</strong></span> <span class='ocrx_word' id='word_1_240' title='bbox 2795 1630 2849 1672; x_wconf 94' lang='lat' dir='ltr'><strong>ut</strong></span> <span class='ocrx_word' id='word_1_241' title='bbox 2887 1637 2917 1674; x_wconf 91' lang='lat' dir='ltr'><strong>e</strong></span> <span class='ocrx_word' id='word_1_242' title='bbox 2965 1622 3290 1676; x_wconf 81' lang='lat' dir='ltr'><strong>Christianis</strong></span> 
     </span>
    </p>
   </div>
   <div class='ocr_carea' id='block_1_32' title="bbox 1722 1706 3287 1778">
    <p class='ocr_par' dir='ltr' id='par_1_32' title="bbox 1722 1706 3287 1778">
     <span class='ocr_line' id='line_1_32' title="bbox 1722 1706 3287 1778; baseline 0.005 -19"><span class='ocrx_word' id='word_1_243' title='bbox 1722 1706 2050 1768; x_wconf 89' lang='lat' dir='ltr'><strong>hominibus.</strong></span> <span class='ocrx_word' id='word_1_244' title='bbox 2083 1710 2171 1776; x_wconf 87' lang='lat' dir='ltr'><strong>qui</strong></span> <span class='ocrx_word' id='word_1_245' title='bbox 2207 1709 2520 1777; x_wconf 84' lang='lat' dir='ltr'><strong>Srripturas</strong></span> <span class='ocrx_word' id='word_1_246' title='bbox 2560 1723 2728 1778; x_wconf 88' lang='lat' dir='ltr'><strong>recte,</strong></span> <span class='ocrx_word' id='word_1_247' title='bbox 2757 1721 2808 1766; x_wconf 91' lang='lat' dir='ltr'><strong>et</strong></span> <span class='ocrx_word' id='word_1_248' title='bbox 2841 1712 3018 1766; x_wconf 89' lang='lat' dir='ltr'><strong>animo</strong></span> <span class='ocrx_word' id='word_1_249' title='bbox 3043 1716 3110 1769; x_wconf 90' lang='lat' dir='ltr'><strong>ab</strong></span> <span class='ocrx_word' id='word_1_250' title='bbox 3142 1716 3287 1770; x_wconf 85' lang='lat' dir='ltr'><strong>omni</strong></span> 
     </span>
    </p>
   </div>
   <div class='ocr_carea' id='block_1_33' title="bbox 107 1779 1619 1873">
    <p class='ocr_par' dir='ltr' id='par_1_33' title="bbox 107 1794 1619 1873">
     <span class='ocr_line' id='line_1_33' title="bbox 107 1794 1619 1873; baseline -0.003 -19"><span class='ocrx_word' id='word_1_251' title='bbox 107 1803 177 1873; x_wconf 79' lang='grc' dir='ltr'><strong>μία</strong></span> <span class='ocrx_word' id='word_1_252' title='bbox 216 1800 476 1852; x_wconf 71' lang='grc' dir='ltr'>ἐπινοεῖται</span> <span class='ocrx_word' id='word_1_253' title='bbox 518 1794 844 1866; x_wconf 81' lang='grc' dir='ltr'>παραλλαγὴ</span> <span class='ocrx_word' id='word_1_254' title='bbox 895 1796 1144 1866; x_wconf 81' lang='grc' dir='ltr'>θεότητος</span> <span class='ocrx_word' id='word_1_255' title='bbox 1191 1797 1284 1849; x_wconf 75' lang='grc' dir='ltr'>ἐπὶ</span> <span class='ocrx_word' id='word_1_256' title='bbox 1347 1795 1438 1848; x_wconf 88' lang='grc' dir='ltr'><strong>τοῦ</strong></span> <span class='ocrx_word' id='word_1_257' title='bbox 1491 1796 1619 1849; x_wconf 85' lang='grc' dir='ltr'>Υίοῦ</span> 
     </span>
    </p>
   </div>
   <div class='ocr_carea' id='block_1_34' title="bbox 1849 1779 3292 1873">
    <p class='ocr_par' dir='ltr' id='par_1_34' title="bbox 1853 1797 3292 1865">
     <span class='ocr_line' id='line_1_34' title="bbox 1853 1797 3292 1865; baseline 0.005 -16"><span class='ocrx_word' id='word_1_258' title='bbox 1853 1797 1960 1849; x_wconf 90' lang='lat' dir='ltr'><strong>inm</strong></span> <span class='ocrx_word' id='word_1_259' title='bbox 1995 1799 2174 1853; x_wconf 90' lang='lat' dir='ltr'><strong>studio</strong></span> <span class='ocrx_word' id='word_1_260' title='bbox 2213 1798 2386 1852; x_wconf 84' lang='lat' dir='ltr'><strong>alieno</strong></span> <span class='ocrx_word' id='word_1_261' title='bbox 2415 1800 2643 1854; x_wconf 87' lang='lat' dir='ltr'><strong>scrutati</strong></span> <span class='ocrx_word' id='word_1_262' title='bbox 2673 1817 2736 1856; x_wconf 86' lang='lat' dir='ltr'><strong>ac</strong></span> <span class='ocrx_word' id='word_1_263' title='bbox 2769 1804 3012 1857; x_wconf 79' lang='lat' dir='ltr'><strong>meditati</strong></span> <span class='ocrx_word' id='word_1_264' title='bbox 3051 1815 3200 1865; x_wconf 87' lang='lat' dir='ltr'><strong>sunt,</strong></span> <span class='ocrx_word' id='word_1_265' title='bbox 3237 1811 3292 1856; x_wconf 74' lang='lat' dir='ltr'><strong>et</strong></span> 
     </span>
    </p>
   </div>
   <div class='ocr_carea' id='block_1_35' title="bbox 106 1887 1618 1961">
    <p class='ocr_par' dir='ltr' id='par_1_35' title="bbox 106 1887 1618 1961">
     <span class='ocr_line' id='line_1_35' title="bbox 106 1887 1618 1961; baseline -0.003 -17"><span class='ocrx_word' id='word_1_266' title='bbox 106 1894 212 1961; x_wconf 66' lang='grc' dir='ltr'>(οὔτε</span> <span class='ocrx_word' id='word_1_267' title='bbox 231 1891 324 1960; x_wconf 75' lang='grc' dir='ltr'>γὰρ</span> <span class='ocrx_word' id='word_1_268' title='bbox 343 1891 591 1952; x_wconf 78' lang='grc' dir='ltr'>διακονεῖ,</span> <span class='ocrx_word' id='word_1_269' title='bbox 630 1889 705 1952; x_wconf 83' lang='grc' dir='ltr'>ὼς</span> <span class='ocrx_word' id='word_1_270' title='bbox 734 1887 940 1951; x_wconf 85' lang='grc' dir='ltr'>ἀλλοῖος</span> <span class='ocrx_word' id='word_1_271' title='bbox 969 1887 1034 1958; x_wconf 80' lang='grc' dir='ltr'>τῆ</span> <span class='ocrx_word' id='word_1_272' title='bbox 1068 1887 1226 1957; x_wconf 78' lang='grc' dir='ltr'>φύσει</span> <span class='ocrx_word' id='word_1_273' title='bbox 1254 1888 1447 1958; x_wconf 81' lang='grc' dir='ltr'>ἀλλοίῳ</span> <span class='ocrx_word' id='word_1_274' title='bbox 1467 1908 1478 1920; x_wconf 88' lang='grc'><strong>·</strong></span> <span class='ocrx_word' id='word_1_275' title='bbox 1510 1887 1618 1941; x_wconf 69' lang='grc' dir='ltr'>οὗθ’</span> 
     </span>
    </p>
   </div>
   <div class='ocr_carea' id='block_1_36' title="bbox 104 1979 1617 2054">
    <p class='ocr_par' dir='ltr' id='par_1_36' title="bbox 104 1979 1617 2054">
     <span class='ocr_line' id='line_1_36' title="bbox 104 1979 1617 2054; baseline -0.005 -16"><span class='ocrx_word' id='word_1_276' title='bbox 104 1984 246 2054; x_wconf 67' lang='grc' dir='ltr'>ὑφέσει</span> <span class='ocrx_word' id='word_1_277' title='bbox 271 1982 554 2051; x_wconf 81' lang='grc' dir='ltr'>δυνάμεως,</span> <span class='ocrx_word' id='word_1_278' title='bbox 581 1980 696 2032; x_wconf 82' lang='grc' dir='ltr'>ἀλλ’</span> <span class='ocrx_word' id='word_1_279' title='bbox 723 1980 798 2043; x_wconf 84' lang='grc' dir='ltr'>ὡς</span> <span class='ocrx_word' id='word_1_280' title='bbox 820 1980 947 2044; x_wconf 77' lang='grc' dir='ltr'>Υἱὸς</span> <span class='ocrx_word' id='word_1_281' title='bbox 970 1979 1141 2048; x_wconf 81' lang='grc' dir='ltr'>Λόγος</span> <span class='ocrx_word' id='word_1_282' title='bbox 1170 1980 1375 2050; x_wconf 79' lang='grc' dir='ltr'>γνησίῳ</span> <span class='ocrx_word' id='word_1_283' title='bbox 1411 1979 1584 2049; x_wconf 87' lang='grc' dir='ltr'>Πατρί</span> <span class='ocrx_word' id='word_1_284' title='bbox 1605 1994 1617 2007; x_wconf 67' lang='grc'><strong><em>⁸</em></strong></span> 
     </span>
    </p>
   </div>
   <div class='ocr_carea' id='block_1_37' title="bbox 104 2069 1624 2141">
    <p class='ocr_par' dir='ltr' id='par_1_37' title="bbox 104 2069 1624 2141">
     <span class='ocr_line' id='line_1_37' title="bbox 104 2069 1624 2141; baseline -0.003 -15"><span class='ocrx_word' id='word_1_285' title='bbox 104 2077 182 2126; x_wconf 69' lang='grc' dir='ltr'>οὔτ’</span> <span class='ocrx_word' id='word_1_286' title='bbox 213 2072 407 2141; x_wconf 78' lang='grc' dir='ltr'>ἐντολὴν</span> <span class='ocrx_word' id='word_1_287' title='bbox 439 2071 731 2141; x_wconf 77' lang='grc' dir='ltr'>λαμϐάνει,</span> <span class='ocrx_word' id='word_1_288' title='bbox 765 2071 840 2134; x_wconf 85' lang='grc' dir='ltr'>ὡς</span> <span class='ocrx_word' id='word_1_289' title='bbox 899 2071 1106 2139; x_wconf 83' lang='grc' dir='ltr'>ἀγνοῶν</span> <span class='ocrx_word' id='word_1_290' title='bbox 1143 2069 1204 2122; x_wconf 81' lang='grc' dir='ltr'><strong>τὸ</strong></span> <span class='ocrx_word' id='word_1_291' title='bbox 1247 2070 1367 2123; x_wconf 85' lang='grc' dir='ltr'>δέον</span> <span class='ocrx_word' id='word_1_292' title='bbox 1415 2071 1510 2123; x_wconf 79' lang='grc' dir='ltr'><strong>καὶ</strong></span> <span class='ocrx_word' id='word_1_293' title='bbox 1564 2071 1624 2122; x_wconf 77' lang='grc' dir='ltr'>τὸ</span> 
     </span>
    </p>
   </div>
   <div class='ocr_carea' id='block_1_38' title="bbox 105 2160 1624 2234">
    <p class='ocr_par' dir='ltr' id='par_1_38' title="bbox 105 2160 1624 2234">
     <span class='ocr_line' id='line_1_38' title="bbox 105 2160 1624 2234; baseline -0.002 -18"><span class='ocrx_word' id='word_1_294' title='bbox 105 2164 310 2234; x_wconf 77' lang='grc' dir='ltr'>πατρικὸν</span> <span class='ocrx_word' id='word_1_295' title='bbox 351 2162 616 2234; x_wconf 78' lang='grc' dir='ltr'>βούλημα,</span> <span class='ocrx_word' id='word_1_296' title='bbox 647 2163 761 2218; x_wconf 79' lang='grc' dir='ltr'>ἀλλ’</span> <span class='ocrx_word' id='word_1_297' title='bbox 808 2162 882 2225; x_wconf 85' lang='grc' dir='ltr'>ὡς</span> <span class='ocrx_word' id='word_1_298' title='bbox 933 2161 1306 2233; x_wconf 81' lang='grc' dir='ltr'>προείρηται),</span> <span class='ocrx_word' id='word_1_299' title='bbox 1351 2160 1492 2214; x_wconf 73' lang='grc' dir='ltr'>οὕτω</span> <span class='ocrx_word' id='word_1_300' title='bbox 1534 2163 1624 2215; x_wconf 75' lang='grc' dir='ltr'>καὶ</span> 
     </span>
    </p>
   </div>
   <div class='ocr_carea' id='block_1_39' title="bbox 103 2247 1622 2328">
    <p class='ocr_par' dir='ltr' id='par_1_39' title="bbox 103 2247 1622 2328">
     <span class='ocr_line' id='line_1_39' title="bbox 103 2247 1622 2328; baseline -0.002 -20"><span class='ocrx_word' id='word_1_301' title='bbox 103 2257 194 2328; x_wconf 75' lang='lat' dir='ltr'><strong>{Illo</strong></span> <span class='ocrx_word' id='word_1_302' title='bbox 236 2254 281 2327; x_wconf 79' lang='grc' dir='ltr'>α]</span> <span class='ocrx_word' id='word_1_303' title='bbox 326 2256 385 2308; x_wconf 77' lang='grc' dir='ltr'><strong>τὸ</strong></span> <span class='ocrx_word' id='word_1_304' title='bbox 435 2255 618 2308; x_wconf 80' lang='grc' dir='ltr'>θεῖκὸν</span> <span class='ocrx_word' id='word_1_305' title='bbox 667 2253 907 2324; x_wconf 84' lang='grc' dir='ltr'>Πνεῦμα.</span> <span class='ocrx_word' id='word_1_306' title='bbox 959 2253 1068 2307; x_wconf 78' lang='grc' dir='ltr'>Καὶ</span> <span class='ocrx_word' id='word_1_307' title='bbox 1114 2247 1158 2321; x_wconf 85' lang='grc' dir='ltr'><strong>ᾧ</strong></span> <span class='ocrx_word' id='word_1_308' title='bbox 1202 2255 1388 2325; x_wconf 79' lang='grc' dir='ltr'>τρόπῳ</span> <span class='ocrx_word' id='word_1_309' title='bbox 1429 2254 1495 2306; x_wconf 70' lang='grc' dir='ltr'><strong>τά</strong></span> <span class='ocrx_word' id='word_1_310' title='bbox 1530 2253 1622 2306; x_wconf 90' lang='grc' dir='ltr'><strong>τοῦ</strong></span> 
     </span>
    </p>
   </div>
   <div class='ocr_carea' id='block_1_40' title="bbox 103 2343 1621 2417">
    <p class='ocr_par' dir='ltr' id='par_1_40' title="bbox 103 2343 1621 2417">
     <span class='ocr_line' id='line_1_40' title="bbox 103 2343 1621 2417; baseline -0.001 -20"><span class='ocrx_word' id='word_1_311' title='bbox 103 2346 201 2398; x_wconf 80' lang='grc' dir='ltr'>Θεοῦ</span> <span class='ocrx_word' id='word_1_312' title='bbox 225 2347 378 2414; x_wconf 72' lang='grc' dir='ltr'>Λόγου</span> <span class='ocrx_word' id='word_1_313' title='bbox 412 2345 745 2417; x_wconf 68' lang='grc' dir='ltr'>ἀναφέρεται</span> <span class='ocrx_word' id='word_1_314' title='bbox 769 2349 848 2408; x_wconf 81' lang='grc' dir='ltr'>εἰς</span> <span class='ocrx_word' id='word_1_315' title='bbox 877 2344 965 2397; x_wconf 75' lang='grc' dir='ltr'>τὸν</span> <span class='ocrx_word' id='word_1_316' title='bbox 995 2343 1126 2395; x_wconf 74' lang='grc' dir='ltr'>Θεὸν</span> <span class='ocrx_word' id='word_1_317' title='bbox 1154 2343 1394 2414; x_wconf 81' lang='grc' dir='ltr'>Πατέρα.</span> <span class='ocrx_word' id='word_1_318' title='bbox 1427 2345 1621 2414; x_wconf 79' lang='grc' dir='ltr'>τούτῳ,</span> 
     </span>
    </p>
   </div>
   <div class='ocr_carea' id='block_1_41' title="bbox 103 2428 1625 2509">
    <p class='ocr_par' dir='ltr' id='par_1_41' title="bbox 103 2428 1625 2509">
     <span class='ocr_line' id='line_1_41' title="bbox 103 2428 1625 2509; baseline -0.003 -19"><span class='ocrx_word' id='word_1_319' title='bbox 103 2439 272 2491; x_wconf 72' lang='grc' dir='ltr'>καὶούκ</span> <span class='ocrx_word' id='word_1_320' title='bbox 316 2437 476 2509; x_wconf 76' lang='grc' dir='ltr'>ἄλλῳ,</span> <span class='ocrx_word' id='word_1_321' title='bbox 521 2437 591 2490; x_wconf 73' lang='grc' dir='ltr'><strong>τά</strong></span> <span class='ocrx_word' id='word_1_322' title='bbox 641 2437 733 2490; x_wconf 87' lang='grc' dir='ltr'><strong>τοῦ</strong></span> <span class='ocrx_word' id='word_1_323' title='bbox 782 2435 937 2503; x_wconf 79' lang='grc' dir='ltr'>ἁγίου</span> <span class='ocrx_word' id='word_1_324' title='bbox 978 2435 1310 2506; x_wconf 73' lang='grc' dir='ltr'>Πνεῦματος.</span> <span class='ocrx_word' id='word_1_325' title='bbox 1347 2428 1512 2486; x_wconf 68' lang='grc' dir='ltr'>’Ὥστε</span> <span class='ocrx_word' id='word_1_326' title='bbox 1545 2429 1625 2497; x_wconf 72' lang='grc' dir='ltr'>οἷς</span> 
     </span>
    </p>
   </div>
   <div class='ocr_carea' id='block_1_42' title="bbox 103 2527 1626 2601">
    <p class='ocr_par' dir='ltr' id='par_1_42' title="bbox 103 2527 1626 2601">
     <span class='ocr_line' id='line_1_42' title="bbox 103 2527 1626 2601; baseline -0.003 -19"><span class='ocrx_word' id='word_1_327' title='bbox 103 2531 149 2582; x_wconf 76' lang='grc' dir='ltr'>ἂν</span> <span class='ocrx_word' id='word_1_328' title='bbox 183 2530 364 2600; x_wconf 63' lang='grc' dir='ltr'>ἐπῆραν</span> <span class='ocrx_word' id='word_1_329' title='bbox 403 2529 463 2582; x_wconf 84' lang='grc' dir='ltr'>τὺ</span> <span class='ocrx_word' id='word_1_330' title='bbox 494 2529 751 2601; x_wconf 83' lang='grc' dir='ltr'>φρόνημα</span> <span class='ocrx_word' id='word_1_331' title='bbox 785 2527 962 2580; x_wconf 83' lang='grc' dir='ltr'>αὐτῶν</span> <span class='ocrx_word' id='word_1_332' title='bbox 1002 2528 1285 2599; x_wconf 77' lang='grc' dir='ltr'>αἱρετικοὶ,</span> <span class='ocrx_word' id='word_1_333' title='bbox 1321 2527 1528 2590; x_wconf 77' lang='grc' dir='ltr'>τούτοις</span> <span class='ocrx_word' id='word_1_334' title='bbox 1563 2527 1626 2578; x_wconf 77' lang='grc' dir='ltr'><strong>ἂν</strong></span> 
     </span>
    </p>
   </div>
   <div class='ocr_carea' id='block_1_43' title="bbox 468 2621 809 2642">
    <p class='ocr_par' dir='ltr' id='par_1_43' title="bbox 468 2621 809 2642">
     <span class='ocr_line' id='line_1_43' title="bbox 468 2621 809 2642; baseline 0 0"><span class='ocrx_word' id='word_1_335' title='bbox 468 2621 490 2642; x_wconf 63' lang='grc'><strong>3-</strong></span> <span class='ocrx_word' id='word_1_336' title='bbox 557 2624 574 2642; x_wconf 66' lang='lat'><strong>1</strong></span> <span class='ocrx_word' id='word_1_337' title='bbox 599 2623 642 2642; x_wconf 31' lang='grc' dir='ltr'>κθ</span> <span class='ocrx_word' id='word_1_338' title='bbox 679 2621 727 2642; x_wconf 48' lang='lat'><strong>2“.</strong></span> <span class='ocrx_word' id='word_1_339' title='bbox 747 2622 809 2642; x_wconf 69' lang='grc' dir='ltr'><strong>--ν</strong></span> 
     </span>
    </p>
   </div>
   <div class='ocr_carea' id='block_1_44' title="bbox 102 2711 1627 2784">
    <p class='ocr_par' dir='ltr' id='par_1_44' title="bbox 102 2711 1627 2784">
     <span class='ocr_line' id='line_1_44' title="bbox 102 2711 1627 2784; baseline 0 -21"><span class='ocrx_word' id='word_1_340' title='bbox 102 2713 170 2783; x_wconf 56' lang='lat' dir='ltr'><strong>itif:</strong></span> <span class='ocrx_word' id='word_1_341' title='bbox 194 2714 442 2781; x_wconf 78' lang='grc' dir='ltr'>ἐκίνησαν.</span> <span class='ocrx_word' id='word_1_342' title='bbox 476 2714 594 2766; x_wconf 75' lang='grc' dir='ltr'>Οὐκ</span> <span class='ocrx_word' id='word_1_343' title='bbox 639 2712 768 2784; x_wconf 82' lang='grc' dir='ltr'>ἔστη</span> <span class='ocrx_word' id='word_1_344' title='bbox 807 2714 988 2776; x_wconf 84' lang='grc' dir='ltr'>αὐτοῖς</span> <span class='ocrx_word' id='word_1_345' title='bbox 1032 2713 1158 2782; x_wconf 80' lang='grc' dir='ltr'>ἄχρι</span> <span class='ocrx_word' id='word_1_346' title='bbox 1201 2713 1404 2763; x_wconf 83' lang='grc' dir='ltr'>τούτων</span> <span class='ocrx_word' id='word_1_347' title='bbox 1436 2711 1504 2763; x_wconf 76' lang='grc' dir='ltr'>τὰ</span> <span class='ocrx_word' id='word_1_348' title='bbox 1528 2711 1627 2781; x_wconf 79' lang='grc' dir='ltr'>τῆς</span> 
     </span>
    </p>
   </div>
   <div class='ocr_carea' id='block_1_45' title="bbox 102 2799 1626 2874">
    <p class='ocr_par' dir='ltr' id='par_1_45' title="bbox 102 2799 1626 2874">
     <span class='ocr_line' id='line_1_45' title="bbox 102 2799 1626 2874; baseline -0.002 -19"><span class='ocrx_word' id='word_1_349' title='bbox 102 2803 278 2866; x_wconf 62' lang='grc' dir='ltr'>ἀσεϐοῦς</span> <span class='ocrx_word' id='word_1_350' title='bbox 299 2805 386 2856; x_wconf 71' lang='grc' dir='ltr'><strong>καὶ</strong></span> <span class='ocrx_word' id='word_1_351' title='bbox 417 2804 738 2874; x_wconf 82' lang='grc' dir='ltr'>άπροσήκου</span> <span class='ocrx_word' id='word_1_352' title='bbox 763 2802 1033 2873; x_wconf 75' lang='grc' dir='ltr'>διαϐολῆς.</span> <span class='ocrx_word' id='word_1_353' title='bbox 1061 2799 1260 2854; x_wconf 86' lang='grc' dir='ltr'>Θολοῦν</span> <span class='ocrx_word' id='word_1_354' title='bbox 1290 2801 1398 2868; x_wconf 79' lang='grc' dir='ltr'><strong>γὰρ</strong></span> <span class='ocrx_word' id='word_1_355' title='bbox 1423 2799 1626 2872; x_wconf 84' lang='grc' dir='ltr'>πειρώ-</span> 
     </span>
    </p>
   </div>
   <div class='ocr_carea' id='block_1_46' title="bbox 104 2893 1627 2966">
    <p class='ocr_par' dir='ltr' id='par_1_46' title="bbox 104 2893 1627 2966">
     <span class='ocr_line' id='line_1_46' title="bbox 104 2893 1627 2966; baseline -0.001 -20"><span class='ocrx_word' id='word_1_356' title='bbox 104 2913 214 2964; x_wconf 79' lang='grc' dir='ltr'>μενοι</span> <span class='ocrx_word' id='word_1_357' title='bbox 235 2897 321 2965; x_wconf 77' lang='grc' dir='ltr'>τὴν</span> <span class='ocrx_word' id='word_1_358' title='bbox 352 2897 480 2966; x_wconf 77' lang='grc' dir='ltr'>περὶ</span> <span class='ocrx_word' id='word_1_359' title='bbox 537 2895 638 2966; x_wconf 85' lang='grc' dir='ltr'>τῆς</span> <span class='ocrx_word' id='word_1_360' title='bbox 687 2897 934 2966; x_wconf 77' lang='grc' dir='ltr'>θεότητος</span> <span class='ocrx_word' id='word_1_361' title='bbox 979 2893 1071 2947; x_wconf 89' lang='grc' dir='ltr'><strong>τοῦ</strong></span> <span class='ocrx_word' id='word_1_362' title='bbox 1119 2893 1274 2962; x_wconf 85' lang='grc' dir='ltr'>ἁγίου</span> <span class='ocrx_word' id='word_1_363' title='bbox 1317 2893 1627 2964; x_wconf 83' lang='grc' dir='ltr'>Πνεύματος</span> 
     </span>
    </p>
   </div>
   <div class='ocr_carea' id='block_1_47' title="bbox 100 2985 1626 3057">
    <p class='ocr_par' dir='ltr' id='par_1_47' title="bbox 100 2985 1626 3057">
     <span class='ocr_line' id='line_1_47' title="bbox 100 2985 1626 3057; baseline -0.001 -17"><span class='ocrx_word' id='word_1_364' title='bbox 100 2989 307 3057; x_wconf 67' lang='grc' dir='ltr'>ἄχραντον</span> <span class='ocrx_word' id='word_1_365' title='bbox 347 2987 525 3052; x_wconf 77' lang='grc' dir='ltr'>δόξαν,</span> <span class='ocrx_word' id='word_1_366' title='bbox 579 2987 656 3051; x_wconf 82' lang='grc' dir='ltr'>ὡς</span> <span class='ocrx_word' id='word_1_367' title='bbox 703 2987 913 3050; x_wconf 71' lang='grc' dir='ltr'>οὐδενὸς</span> <span class='ocrx_word' id='word_1_368' title='bbox 965 2988 1150 3049; x_wconf 77' lang='grc' dir='ltr'>αὐτοῖς</span> <span class='ocrx_word' id='word_1_369' title='bbox 1205 2985 1410 3053; x_wconf 82' lang='grc' dir='ltr'>ἀγαθοῦ</span> <span class='ocrx_word' id='word_1_370' title='bbox 1452 2986 1626 3055; x_wconf 79' lang='grc' dir='ltr'>ὑπάρ-</span> 
     </span>
    </p>
   </div>
   <div class='ocr_carea' id='block_1_48' title="bbox 101 3075 1629 3147">
    <p class='ocr_par' dir='ltr' id='par_1_48' title="bbox 101 3075 1629 3147">
     <span class='ocr_line' id='line_1_48' title="bbox 101 3075 1629 3147; baseline 0.015 -22"><span class='ocrx_word' id='word_1_371' title='bbox 101 3093 236 3144; x_wconf 68' lang='grc' dir='ltr'>κοντος</span> <span class='ocrx_word' id='word_1_372' title='bbox 267 3078 384 3147; x_wconf 87' lang='grc' dir='ltr'>παρ’</span> <span class='ocrx_word' id='word_1_373' title='bbox 417 3077 612 3142; x_wconf 75' lang='grc' dir='ltr'>αὐτοῦ,</span> <span class='ocrx_word' id='word_1_374' title='bbox 668 3077 785 3147; x_wconf 78' lang='grc' dir='ltr'><strong>ἅμα</strong></span> <span class='ocrx_word' id='word_1_375' title='bbox 830 3077 885 3130; x_wconf 82' lang='grc' dir='ltr'>δὲ</span> <span class='ocrx_word' id='word_1_376' title='bbox 923 3077 1016 3131; x_wconf 74' lang='grc' dir='ltr'><strong>καὶ</strong></span> <span class='ocrx_word' id='word_1_377' title='bbox 1065 3077 1211 3147; x_wconf 83' lang='grc' dir='ltr'>ἡμᾶς</span> <span class='ocrx_word' id='word_1_378' title='bbox 1254 3077 1332 3138; x_wconf 83' lang='grc' dir='ltr'>εἰς</span> <span class='ocrx_word' id='word_1_379' title='bbox 1379 3075 1629 3146; x_wconf 73' lang='grc' dir='ltr'>ἔγκλημα</span> 
     </span>
    </p>
   </div>
   <div class='ocr_carea' id='block_1_49' title="bbox 101 3165 1632 3242">
    <p class='ocr_par' dir='ltr' id='par_1_49' title="bbox 101 3165 1632 3242">
     <span class='ocr_line' id='line_1_49' title="bbox 101 3165 1632 3242; baseline 0.001 -22"><span class='ocrx_word' id='word_1_380' title='bbox 101 3168 253 3236; x_wconf 69' lang='grc' dir='ltr'>βαλεῖν,</span> <span class='ocrx_word' id='word_1_381' title='bbox 282 3169 426 3223; x_wconf 69' lang='grc' dir='ltr'>αὐτοὶ</span> <span class='ocrx_word' id='word_1_382' title='bbox 471 3165 624 3225; x_wconf 76' lang='grc' dir='ltr'>οὗτοι</span> <span class='ocrx_word' id='word_1_383' title='bbox 677 3173 725 3223; x_wconf 79' lang='grc' dir='ltr'>οἱ</span> <span class='ocrx_word' id='word_1_384' title='bbox 781 3171 1115 3242; x_wconf 82' lang='grc' dir='ltr'>χρησάμενοι</span> <span class='ocrx_word' id='word_1_385' title='bbox 1167 3167 1504 3232; x_wconf 77' lang='grc' dir='ltr'>διδασκάλοις</span> <span class='ocrx_word' id='word_1_386' title='bbox 1539 3170 1632 3222; x_wconf 86' lang='grc' dir='ltr'>άν-</span> 
     </span>
    </p>
   </div>
   <div class='ocr_carea' id='block_1_50' title="bbox 101 3259 1631 3330">
    <p class='ocr_par' dir='ltr' id='par_1_50' title="bbox 101 3259 1631 3330">
     <span class='ocr_line' id='line_1_50' title="bbox 101 3259 1631 3330; baseline 0.003 -21"><span class='ocrx_word' id='word_1_387' title='bbox 101 3259 279 3327; x_wconf 61' lang='lat' dir='ltr'><strong>opoan</strong></span> <span class='ocrx_word' id='word_1_388' title='bbox 319 3263 479 3325; x_wconf 76' lang='grc' dir='ltr'>τισὶν,</span> <span class='ocrx_word' id='word_1_389' title='bbox 517 3262 623 3315; x_wconf 84' lang='grc' dir='ltr'><strong>οὐκ</strong></span> <span class='ocrx_word' id='word_1_390' title='bbox 659 3263 874 3315; x_wconf 86' lang='grc' dir='ltr'>ὀκνοῦσι</span> <span class='ocrx_word' id='word_1_391' title='bbox 909 3262 1184 3330; x_wconf 87' lang='grc' dir='ltr'>νεαλογεῖν</span> <span class='ocrx_word' id='word_1_392' title='bbox 1217 3262 1310 3315; x_wconf 79' lang='grc' dir='ltr'><strong>καὶ</strong></span> <span class='ocrx_word' id='word_1_393' title='bbox 1334 3260 1448 3314; x_wconf 84' lang='grc' dir='ltr'>τόδε</span> <span class='ocrx_word' id='word_1_394' title='bbox 1476 3261 1631 3314; x_wconf 74' lang='grc' dir='ltr'>αὺτο-</span> 
     </span>
    </p>
   </div>
   <div class='ocr_carea' id='block_1_51' title="bbox 99 3350 1631 3424">
    <p class='ocr_par' dir='ltr' id='par_1_51' title="bbox 99 3350 1631 3424">
     <span class='ocr_line' id='line_1_51' title="bbox 99 3350 1631 3424; baseline 0.003 -23"><span class='ocrx_word' id='word_1_395' title='bbox 99 3350 221 3415; x_wconf 73' lang='grc' dir='ltr'>λεξεὶ,</span> <span class='ocrx_word' id='word_1_396' title='bbox 276 3355 354 3407; x_wconf 79' lang='grc' dir='ltr'>ὅτι</span> <span class='ocrx_word' id='word_1_397' title='bbox 407 3353 785 3421; x_wconf 80' lang='grc' dir='ltr'>λαμὸάνοντες</span> <span class='ocrx_word' id='word_1_398' title='bbox 834 3356 993 3424; x_wconf 78' lang='grc' dir='ltr'>ἡμεῖς</span> <span class='ocrx_word' id='word_1_399' title='bbox 1041 3355 1120 3417; x_wconf 80' lang='grc' dir='ltr'><strong>είς</strong></span> <span class='ocrx_word' id='word_1_400' title='bbox 1157 3353 1342 3424; x_wconf 80' lang='grc' dir='ltr'>θεῖκὴν</span> <span class='ocrx_word' id='word_1_401' title='bbox 1390 3351 1543 3418; x_wconf 80' lang='grc' dir='ltr'>ἀξίαν</span> <span class='ocrx_word' id='word_1_402' title='bbox 1571 3353 1631 3406; x_wconf 81' lang='grc' dir='ltr'>τὸ</span> 
     </span>
    </p>
   </div>
   <div class='ocr_carea' id='block_1_52' title="bbox 100 3443 1623 3516">
    <p class='ocr_par' dir='ltr' id='par_1_52' title="bbox 100 3443 1623 3516">
     <span class='ocr_line' id='line_1_52' title="bbox 100 3443 1623 3516; baseline 0.001 -22"><span class='ocrx_word' id='word_1_403' title='bbox 100 3443 354 3513; x_wconf 79' lang='grc' dir='ltr'>διαγορεῦον</span> <span class='ocrx_word' id='word_1_404' title='bbox 378 3445 642 3516; x_wconf 77' lang='grc' dir='ltr'>γραφίον,</span> <span class='ocrx_word' id='word_1_405' title='bbox 678 3465 695 3496; x_wconf 79' lang='grc' dir='ltr'><strong>ι</strong></span> <span class='ocrx_word' id='word_1_406' title='bbox 735 3445 806 3498; x_wconf 84' lang='grc' dir='ltr'><strong>Τὸ</strong></span> <span class='ocrx_word' id='word_1_407' title='bbox 859 3444 1080 3516; x_wconf 82' lang='grc' dir='ltr'>Πνεῦμα</span> <span class='ocrx_word' id='word_1_408' title='bbox 1114 3446 1246 3498; x_wconf 79' lang='grc' dir='ltr'>ὅπου</span> <span class='ocrx_word' id='word_1_409' title='bbox 1274 3443 1413 3497; x_wconf 81' lang='grc' dir='ltr'>θέλει</span> <span class='ocrx_word' id='word_1_410' title='bbox 1437 3448 1577 3506; x_wconf 81' lang='grc' dir='ltr'>πνεῖ,</span> <span class='ocrx_word' id='word_1_411' title='bbox 1607 3465 1623 3495; x_wconf 75' lang='grc' dir='ltr'><strong>ι</strong></span> 
     </span>
    </p>
   </div>
   <div class='ocr_carea' id='block_1_53' title="bbox 100 3533 1628 3608">
    <p class='ocr_par' dir='ltr' id='par_1_53' title="bbox 100 3533 1628 3608">
     <span class='ocr_line' id='line_1_53' title="bbox 100 3533 1628 3608; baseline 0.002 -23"><span class='ocrx_word' id='word_1_412' title='bbox 100 3536 156 3597; x_wconf 85' lang='grc' dir='ltr'><strong>είς</strong></span> <span class='ocrx_word' id='word_1_413' title='bbox 182 3536 502 3607; x_wconf 77' lang='grc' dir='ltr'>ἀνθρωπείαν</span> <span class='ocrx_word' id='word_1_414' title='bbox 537 3537 703 3606; x_wconf 76' lang='grc' dir='ltr'>φύσιν</span> <span class='ocrx_word' id='word_1_415' title='bbox 733 3538 1042 3608; x_wconf 85' lang='grc' dir='ltr'>κατάγομεν</span> <span class='ocrx_word' id='word_1_416' title='bbox 1081 3536 1211 3589; x_wconf 81' lang='grc' dir='ltr'>αὑτό</span> <span class='ocrx_word' id='word_1_417' title='bbox 1235 3552 1248 3565; x_wconf 90' lang='grc'><strong>·</strong></span> <span class='ocrx_word' id='word_1_418' title='bbox 1280 3536 1466 3606; x_wconf 78' lang='grc' dir='ltr'>ἐπειδὴ</span> <span class='ocrx_word' id='word_1_419' title='bbox 1508 3533 1628 3605; x_wconf 79' lang='grc' dir='ltr'>μεθ’</span> 
     </span>
    </p>
   </div>
   <div class='ocr_carea' id='block_1_54' title="bbox 98 3624 1630 3696">
    <p class='ocr_par' dir='ltr' id='par_1_54' title="bbox 98 3624 1630 3696">
     <span class='ocr_line' id='line_1_54' title="bbox 98 3624 1630 3696; baseline 0.001 -20"><span class='ocrx_word' id='word_1_420' title='bbox 98 3624 221 3695; x_wconf 69' lang='grc' dir='ltr'>ἕτερα</span> <span class='ocrx_word' id='word_1_421' title='bbox 257 3627 394 3696; x_wconf 72' lang='grc' dir='ltr'>ἔχει’</span> <span class='ocrx_word' id='word_1_422' title='bbox 433 3649 450 3679; x_wconf 84' lang='grc' dir='ltr'><strong>ι</strong></span> <span class='ocrx_word' id='word_1_423' title='bbox 483 3627 678 3691; x_wconf 71' lang='grc' dir='ltr'>Οὕτως</span> <span class='ocrx_word' id='word_1_424' title='bbox 724 3628 873 3680; x_wconf 74' lang='grc' dir='ltr'>ἔσται</span> <span class='ocrx_word' id='word_1_425' title='bbox 926 3627 1031 3691; x_wconf 79' lang='grc' dir='ltr'>πᾶς</span> <span class='ocrx_word' id='word_1_426' title='bbox 1067 3630 1094 3679; x_wconf 89' lang='grc' dir='ltr'><em>ὀ</em></span> <span class='ocrx_word' id='word_1_427' title='bbox 1130 3625 1525 3696; x_wconf 80' lang='grc' dir='ltr'>γεγεννημένος</span> <span class='ocrx_word' id='word_1_428' title='bbox 1566 3627 1630 3677; x_wconf 79' lang='grc' dir='ltr'>ὲκ</span> 
     </span>
    </p>
   </div>
   <div class='ocr_carea' id='block_1_55' title="bbox 98 3715 1630 3789">
    <p class='ocr_par' dir='ltr' id='par_1_55' title="bbox 98 3715 1630 3789">
     <span class='ocr_line' id='line_1_55' title="bbox 98 3715 1630 3789; baseline 0.001 -23"><span class='ocrx_word' id='word_1_429' title='bbox 98 3715 165 3767; x_wconf 70' lang='grc' dir='ltr'><strong>τοῦ</strong></span> <span class='ocrx_word' id='word_1_430' title='bbox 189 3717 498 3789; x_wconf 81' lang='grc' dir='ltr'>Πνεῦματος.</span> <span class='ocrx_word' id='word_1_431' title='bbox 544 3739 564 3768; x_wconf 74' lang='grc' dir='ltr'><strong>ι</strong></span> <span class='ocrx_word' id='word_1_432' title='bbox 604 3719 768 3772; x_wconf 69' lang='grc' dir='ltr'>Αὐτοὶ</span> <span class='ocrx_word' id='word_1_433' title='bbox 809 3719 886 3780; x_wconf 80' lang='grc' dir='ltr'><strong>δὲ,</strong></span> <span class='ocrx_word' id='word_1_434' title='bbox 929 3720 1112 3789; x_wconf 81' lang='grc' dir='ltr'>φησὶν,</span> <span class='ocrx_word' id='word_1_435' title='bbox 1148 3716 1270 3770; x_wconf 71' lang='grc' dir='ltr'>οὔτε</span> <span class='ocrx_word' id='word_1_436' title='bbox 1321 3719 1419 3780; x_wconf 74' lang='grc' dir='ltr'>εἰς,</span> <span class='ocrx_word' id='word_1_437' title='bbox 1444 3715 1630 3787; x_wconf 76' lang='grc' dir='ltr'>θεῖκὴν</span> 
     </span>
    </p>
   </div>
   <div class='ocr_carea' id='block_1_56' title="bbox 100 3807 1630 3881">
    <p class='ocr_par' dir='ltr' id='par_1_56' title="bbox 100 3807 1630 3881">
     <span class='ocr_line' id='line_1_56' title="bbox 100 3807 1630 3881; baseline -0.001 -21"><span class='ocrx_word' id='word_1_438' title='bbox 100 3808 215 3870; x_wconf 74' lang='grc' dir='ltr'>ἀξίαν</span> <span class='ocrx_word' id='word_1_439' title='bbox 245 3810 493 3878; x_wconf 77' lang='grc' dir='ltr'>ἀνάγουσι</span> <span class='ocrx_word' id='word_1_440' title='bbox 532 3812 596 3864; x_wconf 82' lang='grc' dir='ltr'>τὸ</span> <span class='ocrx_word' id='word_1_441' title='bbox 630 3810 874 3880; x_wconf 85' lang='grc' dir='ltr'>Πνεῦμα,</span> <span class='ocrx_word' id='word_1_442' title='bbox 909 3810 1032 3863; x_wconf 75' lang='grc' dir='ltr'>οὔτε</span> <span class='ocrx_word' id='word_1_443' title='bbox 1067 3814 1144 3874; x_wconf 79' lang='grc' dir='ltr'><strong>εἰς</strong></span> <span class='ocrx_word' id='word_1_444' title='bbox 1171 3809 1269 3881; x_wconf 75' lang='grc' dir='ltr'>τὴν</span> <span class='ocrx_word' id='word_1_445' title='bbox 1298 3809 1406 3861; x_wconf 87' lang='grc' dir='ltr'><strong>τῶν</strong></span> <span class='ocrx_word' id='word_1_446' title='bbox 1432 3807 1630 3861; x_wconf 81' lang='grc' dir='ltr'>λοιπῶν</span> 
     </span>
    </p>
   </div>
   <div class='ocr_carea' id='block_1_57' title="bbox 101 3899 1629 3974">
    <p class='ocr_par' dir='ltr' id='par_1_57' title="bbox 101 3899 1629 3974">
     <span class='ocr_line' id='line_1_57' title="bbox 101 3899 1629 3974; baseline 0.001 -23"><span class='ocrx_word' id='word_1_447' title='bbox 101 3899 221 3966; x_wconf 68' lang='grc' dir='ltr'>φύσιν</span> <span class='ocrx_word' id='word_1_448' title='bbox 259 3902 642 3956; x_wconf 85' lang='grc' dir='ltr'>καθέλκουσιν’</span> <span class='ocrx_word' id='word_1_449' title='bbox 691 3903 786 3973; x_wconf 84' lang='grc' dir='ltr'><strong>τὴν</strong></span> <span class='ocrx_word' id='word_1_450' title='bbox 841 3904 950 3974; x_wconf 86' lang='grc' dir='ltr'><strong>γάρ</strong></span> <span class='ocrx_word' id='word_1_451' title='bbox 1005 3903 1177 3974; x_wconf 86' lang='grc' dir='ltr'>μέσην</span> <span class='ocrx_word' id='word_1_452' title='bbox 1225 3901 1376 3968; x_wconf 84' lang='grc' dir='ltr'>τάξιν</span> <span class='ocrx_word' id='word_1_453' title='bbox 1425 3900 1629 3970; x_wconf 82' lang='grc' dir='ltr'>ἐπέχει,</span> 
     </span>
    </p>
   </div>
   <div class='ocr_carea' id='block_1_58' title="bbox 104 3990 1632 4064">
    <p class='ocr_par' dir='ltr' id='par_1_58' title="bbox 104 3990 1632 4064">
     <span class='ocr_line' id='line_1_58' title="bbox 104 3990 1632 4064; baseline -0.001 -21"><span class='ocrx_word' id='word_1_454' title='bbox 104 3993 201 4059; x_wconf 80' lang='grc' dir='ltr'>μήτε</span> <span class='ocrx_word' id='word_1_455' title='bbox 222 3991 337 4056; x_wconf 75' lang='grc' dir='ltr'>Θεὸς</span> <span class='ocrx_word' id='word_1_456' title='bbox 365 3992 461 4057; x_wconf 80' lang='grc' dir='ltr'><strong>ῶν,</strong></span> <span class='ocrx_word' id='word_1_457' title='bbox 487 3996 633 4064; x_wconf 81' lang='grc' dir='ltr'>μήτε</span> <span class='ocrx_word' id='word_1_458' title='bbox 655 3993 714 4046; x_wconf 76' lang='grc' dir='ltr'>ἓν</span> <span class='ocrx_word' id='word_1_459' title='bbox 743 4012 792 4046; x_wconf 90' lang='grc' dir='ltr'><strong>τι</strong></span> <span class='ocrx_word' id='word_1_460' title='bbox 819 3995 924 4046; x_wconf 88' lang='grc' dir='ltr'><strong>τῶν</strong></span> <span class='ocrx_word' id='word_1_461' title='bbox 946 3992 1168 4046; x_wconf 87' lang='grc' dir='ltr'>λοιπῶν.</span> <span class='ocrx_word' id='word_1_462' title='bbox 1197 3994 1306 4048; x_wconf 75' lang='grc' dir='ltr'>Καὶ</span> <span class='ocrx_word' id='word_1_463' title='bbox 1326 3993 1408 4056; x_wconf 86' lang='grc' dir='ltr'><strong>τίς</strong></span> <span class='ocrx_word' id='word_1_464' title='bbox 1435 3990 1632 4054; x_wconf 79' lang='grc' dir='ltr'>αὐτοὺς</span> 
     </span>
    </p>
   </div>
   <div class='ocr_carea' id='block_1_59' title="bbox 101 4077 1630 4157">
    <p class='ocr_par' dir='ltr' id='par_1_59' title="bbox 101 4077 1630 4157">
     <span class='ocr_line' id='line_1_59' title="bbox 101 4077 1630 4157; baseline -0.005 -18"><span class='ocrx_word' id='word_1_465' title='bbox 101 4080 154 4150; x_wconf 78' lang='grc' dir='ltr'>τῷ</span> <span class='ocrx_word' id='word_1_466' title='bbox 173 4083 263 4136; x_wconf 73' lang='grc' dir='ltr'>ὖντι</span> <span class='ocrx_word' id='word_1_467' title='bbox 287 4086 379 4156; x_wconf 80' lang='grc' dir='ltr'><strong>τῆς</strong></span> <span class='ocrx_word' id='word_1_468' title='bbox 403 4086 681 4155; x_wconf 83' lang='grc' dir='ltr'>τοσαύτης</span> <span class='ocrx_word' id='word_1_469' title='bbox 711 4087 914 4157; x_wconf 82' lang='grc' dir='ltr'>τόλμης</span> <span class='ocrx_word' id='word_1_470' title='bbox 940 4087 998 4139; x_wconf 82' lang='grc' dir='ltr'><strong>οὐ</strong></span> <span class='ocrx_word' id='word_1_471' title='bbox 1023 4085 1322 4157; x_wconf 77' lang='grc' dir='ltr'>γράψεται;</span> <span class='ocrx_word' id='word_1_472' title='bbox 1349 4082 1517 4154; x_wconf 85' lang='grc' dir='ltr'>Δεῦρο</span> <span class='ocrx_word' id='word_1_473' title='bbox 1540 4077 1630 4134; x_wconf 76' lang='grc' dir='ltr'><strong>οὖν</strong></span> 
     </span>
    </p>
   </div>
   <div class='ocr_carea' id='block_1_60' title="bbox 101 4173 1632 4248">
    <p class='ocr_par' dir='ltr' id='par_1_60' title="bbox 101 4173 1632 4248">
     <span class='ocr_line' id='line_1_60' title="bbox 101 4173 1632 4248; baseline 0 -21"><span class='ocrx_word' id='word_1_474' title='bbox 101 4175 332 4244; x_wconf 62' lang='grc' dir='ltr'>προσέχετε</span> <span class='ocrx_word' id='word_1_475' title='bbox 357 4177 446 4229; x_wconf 78' lang='grc' dir='ltr'>τὸν</span> <span class='ocrx_word' id='word_1_476' title='bbox 473 4178 606 4231; x_wconf 86' lang='grc' dir='ltr'>νοῦν</span> <span class='ocrx_word' id='word_1_477' title='bbox 624 4194 638 4207; x_wconf 76' lang='grc'><strong><em>⁸</em></strong></span> <span class='ocrx_word' id='word_1_478' title='bbox 664 4178 729 4230; x_wconf 82' lang='grc' dir='ltr'>δι’</span> <span class='ocrx_word' id='word_1_479' title='bbox 755 4177 951 4246; x_wconf 79' lang='grc' dir='ltr'>ὀλίγων</span> <span class='ocrx_word' id='word_1_480' title='bbox 981 4176 1090 4248; x_wconf 77' lang='grc' dir='ltr'>γὰρ</span> <span class='ocrx_word' id='word_1_481' title='bbox 1122 4177 1334 4248; x_wconf 81' lang='grc' dir='ltr'>φράσω.</span> <span class='ocrx_word' id='word_1_482' title='bbox 1381 4173 1632 4228; x_wconf 82' lang='grc' dir='ltr'>Μάλιστα</span> 
     </span>
    </p>
   </div>
   <div class='ocr_carea' id='block_1_61' title="bbox 104 4263 1631 4338">
    <p class='ocr_par' dir='ltr' id='par_1_61' title="bbox 104 4263 1631 4338">
     <span class='ocr_line' id='line_1_61' title="bbox 104 4263 1631 4338; baseline 0.002 -23"><span class='ocrx_word' id='word_1_483' title='bbox 104 4265 173 4330; x_wconf 75' lang='grc' dir='ltr'>μὲν</span> <span class='ocrx_word' id='word_1_484' title='bbox 204 4268 287 4320; x_wconf 63' lang='grc' dir='ltr'>οὐκ</span> <span class='ocrx_word' id='word_1_485' title='bbox 329 4263 478 4322; x_wconf 81' lang='grc' dir='ltr'>εἶπεν</span> <span class='ocrx_word' id='word_1_486' title='bbox 515 4292 539 4309; x_wconf 65' lang='grc' dir='ltr'><strong>ν</strong></span> <span class='ocrx_word' id='word_1_487' title='bbox 595 4269 784 4334; x_wconf 76' lang='grc' dir='ltr'>Οὕτως</span> <span class='ocrx_word' id='word_1_488' title='bbox 826 4269 974 4322; x_wconf 73' lang='grc' dir='ltr'>ἐστὶν</span> <span class='ocrx_word' id='word_1_489' title='bbox 1005 4271 1033 4322; x_wconf 97' lang='lat'><strong>6</strong></span> <span class='ocrx_word' id='word_1_490' title='bbox 1061 4268 1365 4338; x_wconf 81' lang='grc' dir='ltr'>ἄνθρωπος,</span> <span class='ocrx_word' id='word_1_491' title='bbox 1391 4269 1419 4320; x_wconf 93' lang='lat'><strong>6</strong></span> <span class='ocrx_word' id='word_1_492' title='bbox 1448 4265 1631 4329; x_wconf 83' lang='grc' dir='ltr'>ἁπλῶς</span> 
     </span>
    </p>
   </div>
   <div class='ocr_carea' id='block_1_62' title="bbox 103 4357 1631 4429">
    <p class='ocr_par' dir='ltr' id='par_1_62' title="bbox 103 4357 1631 4429">
     <span class='ocr_line' id='line_1_62' title="bbox 103 4357 1631 4429; baseline 0.001 -21"><span class='ocrx_word' id='word_1_493' title='bbox 103 4357 323 4427; x_wconf 72' lang='grc' dir='ltr'>ἀνθρωπος</span> <span class='ocrx_word' id='word_1_494' title='bbox 350 4379 362 4391; x_wconf 68' lang='grc' dir='ltr'><strong>ι</strong></span> <span class='ocrx_word' id='word_1_495' title='bbox 403 4361 546 4423; x_wconf 82' lang='grc' dir='ltr'>ἀλλ’,</span> <span class='ocrx_word' id='word_1_496' title='bbox 599 4382 616 4411; x_wconf 80' lang='grc' dir='ltr'><strong>ι</strong></span> <span class='ocrx_word' id='word_1_497' title='bbox 660 4361 844 4425; x_wconf 81' lang='grc' dir='ltr'>Οῦτως</span> <span class='ocrx_word' id='word_1_498' title='bbox 874 4361 1027 4414; x_wconf 79' lang='grc' dir='ltr'>ἔσται</span> <span class='ocrx_word' id='word_1_499' title='bbox 1054 4361 1161 4424; x_wconf 79' lang='grc' dir='ltr'>πᾶς</span> <span class='ocrx_word' id='word_1_500' title='bbox 1187 4361 1215 4412; x_wconf 89' lang='lat'><strong>6</strong></span> <span class='ocrx_word' id='word_1_501' title='bbox 1237 4358 1631 4429; x_wconf 84' lang='grc' dir='ltr'>γεγεννημένος</span> 
     </span>
    </p>
   </div>
   <div class='ocr_carea' id='block_1_63' title="bbox 105 4449 1628 4524">
    <p class='ocr_par' dir='ltr' id='par_1_63' title="bbox 105 4449 1628 4524">
     <span class='ocr_line' id='line_1_63' title="bbox 105 4449 1628 4524; baseline 0.019 -27"><span class='ocrx_word' id='word_1_502' title='bbox 105 4449 146 4499; x_wconf 75' lang='grc' dir='ltr'><strong>ἐκ</strong></span> <span class='ocrx_word' id='word_1_503' title='bbox 167 4450 238 4503; x_wconf 75' lang='grc' dir='ltr'><strong>τοῦ</strong></span> <span class='ocrx_word' id='word_1_504' title='bbox 256 4452 380 4524; x_wconf 77' lang='grc' dir='ltr'>Πνεύ</span> <span class='ocrx_word' id='word_1_505' title='bbox 389 4471 561 4524; x_wconf 87' lang='grc' dir='ltr'>ματος</span> <span class='ocrx_word' id='word_1_506' title='bbox 583 4472 598 4484; x_wconf 91' lang='grc'><strong>·</strong></span> <span class='ocrx_word' id='word_1_507' title='bbox 629 4472 647 4503; x_wconf 75' lang='grc' dir='ltr'><strong>ι</strong></span> <span class='ocrx_word' id='word_1_508' title='bbox 679 4453 800 4506; x_wconf 75' lang='grc' dir='ltr'>ἀντὶ</span> <span class='ocrx_word' id='word_1_509' title='bbox 826 4453 939 4513; x_wconf 85' lang='grc' dir='ltr'>τοῦ,</span> <span class='ocrx_word' id='word_1_510' title='bbox 969 4455 997 4506; x_wconf 91' lang='lat'><strong>6</strong></span> <span class='ocrx_word' id='word_1_511' title='bbox 1020 4451 1378 4517; x_wconf 68' lang='grc' dir='ltr'>καταξιωθεὶς</span> <span class='ocrx_word' id='word_1_512' title='bbox 1401 4451 1628 4518; x_wconf 70' lang='grc' dir='ltr'>ἀναγεν·</span> 
     </span>
    </p>
   </div>
   <div class='ocr_carea' id='block_1_64' title="bbox 104 4522 1622 4616">
    <p class='ocr_par' dir='ltr' id='par_1_64' title="bbox 104 4522 1622 4616">
     <span class='ocr_line' id='line_1_64' title="bbox 104 4522 1622 4616; baseline 0.007 -30"><span class='ocrx_word' id='word_1_513' title='bbox 104 4541 271 4611; x_wconf 72' lang='grc' dir='ltr'>νηθῆναι</span> <span class='ocrx_word' id='word_1_514' title='bbox 391 4522 474 4616; x_wconf 22' lang='grc' dir='ltr'><strong>-τῇ</strong></span> <span class='ocrx_word' id='word_1_515' title='bbox 534 4544 662 4615; x_wconf 66' lang='grc' dir='ltr'>θεία</span> <span class='ocrx_word' id='word_1_516' title='bbox 708 4544 1079 4616; x_wconf 76' lang='grc' dir='ltr'>κολυμϐήθρα,</span> <span class='ocrx_word' id='word_1_517' title='bbox 1116 4545 1210 4598; x_wconf 67' lang='grc' dir='ltr'><strong>καὶ</strong></span> <span class='ocrx_word' id='word_1_518' title='bbox 1245 4543 1497 4612; x_wconf 84' lang='grc' dir='ltr'>γενέσθαι</span> <span class='ocrx_word' id='word_1_519' title='bbox 1527 4544 1622 4608; x_wconf 84' lang='grc' dir='ltr'>(ὡς</span> 
     </span>
    </p>
   </div>
   <div class='ocr_carea' id='block_1_65' title="bbox 151 4703 1619 4787">
    <p class='ocr_par' dir='ltr' id='par_1_65' title="bbox 151 4703 1619 4787">
     <span class='ocr_line' id='line_1_65' title="bbox 151 4703 1619 4787; baseline -0.001 -17"><span class='ocrx_word' id='word_1_520' title='bbox 151 4716 236 4787; x_wconf 67' lang='grc' dir='ltr'>(Π)</span> <span class='ocrx_word' id='word_1_521' title='bbox 274 4716 482 4787; x_wconf 80' lang='lat' dir='ltr'><strong>Propter</strong></span> <span class='ocrx_word' id='word_1_522' title='bbox 531 4719 926 4772; x_wconf 78' lang='lat' dir='ltr'><strong>criminationes</strong></span> <span class='ocrx_word' id='word_1_523' title='bbox 971 4728 1109 4771; x_wconf 78' lang='lat' dir='ltr'><strong>luas.</strong></span> <span class='ocrx_word' id='word_1_524' title='bbox 1171 4717 1224 4770; x_wconf 91' lang='lat' dir='ltr'><strong>lu</strong></span> <span class='ocrx_word' id='word_1_525' title='bbox 1281 4703 1502 4779; x_wconf 65' lang='lat' dir='ltr'><strong>Grmco,</strong></span> <span class='ocrx_word' id='word_1_526' title='bbox 1553 4716 1619 4769; x_wconf 85' lang='grc' dir='ltr'>δι’</span> 
     </span>
    </p>
   </div>
   <div class='ocr_carea' id='block_1_66' title="bbox 105 4785 1622 4856">
    <p class='ocr_par' dir='ltr' id='par_1_66' title="bbox 105 4785 1622 4856">
     <span class='ocr_line' id='line_1_66' title="bbox 105 4785 1622 4856; baseline -0.003 -14"><span class='ocrx_word' id='word_1_527' title='bbox 105 4785 254 4856; x_wconf 50' lang='lat' dir='ltr'><strong>nitide,</strong></span> <span class='ocrx_word' id='word_1_528' title='bbox 305 4785 480 4856; x_wconf 59' lang='lat' dir='ltr'><strong>itadue</strong></span> <span class='ocrx_word' id='word_1_529' title='bbox 533 4791 677 4842; x_wconf 81' lang='lat' dir='ltr'><strong>verti</strong></span> <span class='ocrx_word' id='word_1_530' title='bbox 726 4789 888 4842; x_wconf 87' lang='lat' dir='ltr'><strong>etiam</strong></span> <span class='ocrx_word' id='word_1_531' title='bbox 931 4799 1156 4856; x_wconf 81' lang='lat' dir='ltr'><strong>posset:</strong></span> <span class='ocrx_word' id='word_1_532' title='bbox 1196 4788 1342 4842; x_wconf 75' lang='lat' dir='ltr'><strong>«Per</strong></span> <span class='ocrx_word' id='word_1_533' title='bbox 1398 4803 1622 4840; x_wconf 82' lang='lat' dir='ltr'><strong>accusa-</strong></span> 
     </span>
    </p>
   </div>
   <div class='ocr_carea' id='block_1_67' title="bbox 108 4854 1622 4926">
    <p class='ocr_par' dir='ltr' id='par_1_67' title="bbox 108 4854 1622 4926">
     <span class='ocr_line' id='line_1_67' title="bbox 108 4854 1622 4926; baseline 0.003 -22"><span class='ocrx_word' id='word_1_534' title='bbox 108 4854 252 4912; x_wconf 83' lang='lat' dir='ltr'><strong>tionem</strong></span> <span class='ocrx_word' id='word_1_535' title='bbox 275 4854 430 4914; x_wconf 83' lang='lat' dir='ltr'><strong>tuam.</strong></span> <span class='ocrx_word' id='word_1_536' title='bbox 465 4879 484 4911; x_wconf 80' lang='grc' dir='ltr'><strong>ι</strong></span> <span class='ocrx_word' id='word_1_537' title='bbox 522 4857 731 4912; x_wconf 82' lang='lat' dir='ltr'><strong>Verum</strong></span> <span class='ocrx_word' id='word_1_538' title='bbox 755 4859 822 4911; x_wconf 84' lang='grc' dir='ltr'>δι’</span> <span class='ocrx_word' id='word_1_539' title='bbox 857 4854 1038 4921; x_wconf 76' lang='grc' dir='ltr'>αἰτίας</span> <span class='ocrx_word' id='word_1_540' title='bbox 1060 4860 1216 4926; x_wconf 81' lang='grc' dir='ltr'>ἄγειν</span> <span class='ocrx_word' id='word_1_541' title='bbox 1243 4859 1382 4912; x_wconf 87' lang='lat' dir='ltr'><strong>idem</strong></span> <span class='ocrx_word' id='word_1_542' title='bbox 1411 4858 1622 4911; x_wconf 85' lang='lat' dir='ltr'><strong>videtur</strong></span> 
     </span>
    </p>
   </div>
   <div class='ocr_carea' id='block_1_68' title="bbox 107 4927 1622 5000">
    <p class='ocr_par' dir='ltr' id='par_1_68' title="bbox 107 4927 1622 5000">
     <span class='ocr_line' id='line_1_68' title="bbox 107 4927 1622 5000; baseline 0.003 -25"><span class='ocrx_word' id='word_1_543' title='bbox 107 4937 367 5000; x_wconf 77' lang='lat' dir='ltr'><strong>esse_atque</strong></span> <span class='ocrx_word' id='word_1_544' title='bbox 414 4928 480 4982; x_wconf 80' lang='grc' dir='ltr'>δι’</span> <span class='ocrx_word' id='word_1_545' title='bbox 519 4927 706 4992; x_wconf 71' lang='grc' dir='ltr'>αἰτίας</span> <span class='ocrx_word' id='word_1_546' title='bbox 756 4928 1281 5000; x_wconf 62' lang='lat' dir='ltr'><strong>Exstv.Leget_tdmn</strong></span> <span class='ocrx_word' id='word_1_547' title='bbox 1334 4942 1622 5000; x_wconf 11' lang='lat' dir='ltr'><strong>vero‘esse</strong></span> 
     </span>
    </p>
   </div>
   <div class='ocr_carea' id='block_1_69' title="bbox 109 4993 1622 5079">
    <p class='ocr_par' dir='ltr' id='par_1_69' title="bbox 109 4993 1622 5079">
     <span class='ocr_line' id='line_1_69' title="bbox 109 4993 1622 5079; baseline 0.002 -33"><span class='ocrx_word' id='word_1_548' title='bbox 109 4993 346 5079; x_wconf 51' lang='lat' dir='ltr'><strong>suspicatus</strong></span> <span class='ocrx_word' id='word_1_549' title='bbox 372 4993 817 5079; x_wconf 46' lang='lat' dir='ltr'><strong>sunt-aliquando</strong></span> <span class='ocrx_word' id='word_1_550' title='bbox 843 5017 855 5052; x_wconf 92' lang='lat'><strong>:</strong></span> <span class='ocrx_word' id='word_1_551' title='bbox 887 4993 1178 5079; x_wconf 56' lang='grc' dir='ltr'>Αὑτὸέοῦν</span> <span class='ocrx_word' id='word_1_552' title='bbox 1199 4997 1415 5079; x_wconf 64' lang='grc' dir='ltr'>σεαυτῷ</span> <span class='ocrx_word' id='word_1_553' title='bbox 1442 4995 1622 5079; x_wconf 57' lang='grc' dir='ltr'>αἰτίας</span> 
     </span>
    </p>
   </div>
   <div class='ocr_carea' id='block_1_70' title="bbox 109 5062 1623 5139">
    <p class='ocr_par' dir='ltr' id='par_1_70' title="bbox 109 5062 1623 5139">
     <span class='ocr_line' id='line_1_70' title="bbox 109 5062 1623 5139; baseline -0.007 -11"><span class='ocrx_word' id='word_1_554' title='bbox 109 5062 196 5139; x_wconf 57' lang='lat' dir='ltr'><strong>(PII</strong></span> <span class='ocrx_word' id='word_1_555' title='bbox 215 5069 368 5139; x_wconf 79' lang='lat' dir='ltr'><strong>potius</strong></span> <span class='ocrx_word' id='word_1_556' title='bbox 396 5062 636 5137; x_wconf 68' lang='grc' dir='ltr'>αἰτίαν)</span> <span class='ocrx_word' id='word_1_557' title='bbox 679 5069 976 5139; x_wconf 76' lang='grc' dir='ltr'>ἐπήγαγες.</span> <span class='ocrx_word' id='word_1_558' title='bbox 1024 5069 1158 5122; x_wconf 75' lang='lat' dir='ltr'><strong>Nam</strong></span> <span class='ocrx_word' id='word_1_559' title='bbox 1197 5062 1427 5139; x_wconf 78' lang='lat' dir='ltr'><strong>forensis</strong></span> <span class='ocrx_word' id='word_1_560' title='bbox 1474 5067 1623 5120; x_wconf 84' lang='lat' dir='ltr'><strong>locu-</strong></span> 
     </span>
    </p>
   </div>
   <div class='ocr_carea' id='block_1_71' title="bbox 110 5135 1624 5209">
    <p class='ocr_par' dir='ltr' id='par_1_71' title="bbox 110 5135 1624 5209">
     <span class='ocr_line' id='line_1_71' title="bbox 110 5135 1624 5209; baseline 0.004 -25"><span class='ocrx_word' id='word_1_561' title='bbox 110 5135 174 5190; x_wconf 81' lang='lat' dir='ltr'><strong>tio.</strong></span> <span class='ocrx_word' id='word_1_562' title='bbox 197 5137 348 5190; x_wconf 72' lang='grc' dir='ltr'>αἰτίαν</span> <span class='ocrx_word' id='word_1_563' title='bbox 376 5135 636 5209; x_wconf 73' lang='grc' dir='ltr'>ἐπάγειν,</span> <span class='ocrx_word' id='word_1_564' title='bbox 672 5135 815 5193; x_wconf 81' lang='lat' dir='ltr'><strong>valet</strong></span> <span class='ocrx_word' id='word_1_565' title='bbox 864 5135 884 5190; x_wconf 75' lang='grc' dir='ltr'><strong>ι</strong></span> <span class='ocrx_word' id='word_1_566' title='bbox 912 5155 1129 5194; x_wconf 80' lang='lat' dir='ltr'><strong>causam</strong></span> <span class='ocrx_word' id='word_1_567' title='bbox 1164 5137 1463 5199; x_wconf 82' lang='lat' dir='ltr'><strong>intendere,</strong></span> <span class='ocrx_word' id='word_1_568' title='bbox 1495 5156 1516 5188; x_wconf 73' lang='grc' dir='ltr'><strong>ι</strong></span> <span class='ocrx_word' id='word_1_569' title='bbox 1569 5147 1624 5190; x_wconf 84' lang='grc' dir='ltr'><strong>ιιι</strong></span> 
     </span>
    </p>
   </div>
   <div class='ocr_carea' id='block_1_72' title="bbox 109 5215 463 5262">
    <p class='ocr_par' dir='ltr' id='par_1_72' title="bbox 109 5215 463 5262">
     <span class='ocr_line' id='line_1_72' title="bbox 109 5215 463 5262; baseline 0.014 -7"><span class='ocrx_word' id='word_1_570' title='bbox 109 5215 245 5260; x_wconf 78' lang='lat' dir='ltr'><strong>omnes</strong></span> <span class='ocrx_word' id='word_1_571' title='bbox 262 5220 463 5262; x_wconf 74' lang='lat' dir='ltr'><strong>IIOI’IIIIL</strong></span> 
     </span>
    </p>
   </div>
   <div class='ocr_carea' id='block_1_73' title="bbox 81 5273 1620 5349">
    <p class='ocr_par' dir='ltr' id='par_1_73' title="bbox 81 5273 1620 5349">
     <span class='ocr_line' id='line_1_73' title="bbox 81 5273 1620 5349; baseline 0.003 -21"><span class='ocrx_word' id='word_1_572' title='bbox 81 5291 88 5300; x_wconf 84' lang='lat'><strong><em>&#39;</em></strong></span> <span class='ocrx_word' id='word_1_573' title='bbox 157 5273 242 5349; x_wconf 76' lang='grc'>(73)</span> <span class='ocrx_word' id='word_1_574' title='bbox 284 5277 619 5345; x_wconf 76' lang='lat' dir='ltr'><strong>Susceperas.</strong></span> <span class='ocrx_word' id='word_1_575' title='bbox 676 5277 735 5331; x_wconf 86' lang='lat' dir='ltr'><strong>In</strong></span> <span class='ocrx_word' id='word_1_576' title='bbox 762 5277 984 5341; x_wconf 67' lang='lat' dir='ltr'><strong>Graeco,</strong></span> <span class='ocrx_word' id='word_1_577' title='bbox 1051 5279 1178 5332; x_wconf 85' lang='grc' dir='ltr'>εἴλω</span> <span class='ocrx_word' id='word_1_578' title='bbox 1244 5295 1340 5349; x_wconf 90' lang='lat' dir='ltr'><strong>per</strong></span> <span class='ocrx_word' id='word_1_579' title='bbox 1391 5295 1476 5332; x_wconf 76' lang='grc' dir='ltr'>ω’</span> <span class='ocrx_word' id='word_1_580' title='bbox 1517 5295 1620 5346; x_wconf 77' lang='lat' dir='ltr'><strong>una</strong></span> 
     </span>
    </p>
   </div>
   <div class='ocr_carea' id='block_1_74' title="bbox 112 5347 1618 5416">
    <p class='ocr_par' dir='ltr' id='par_1_74' title="bbox 112 5347 1618 5416">
     <span class='ocr_line' id='line_1_74' title="bbox 112 5347 1618 5416; baseline 0.002 -18"><span class='ocrx_word' id='word_1_581' title='bbox 112 5347 266 5416; x_wconf 70' lang='lat' dir='ltr'><strong>[Ilione</strong></span> <span class='ocrx_word' id='word_1_582' title='bbox 293 5349 340 5401; x_wconf 91' lang='lat' dir='ltr'><strong>in</strong></span> <span class='ocrx_word' id='word_1_583' title='bbox 362 5349 668 5407; x_wconf 71' lang='lat' dir='ltr'><strong>Sapientia:</strong></span> <span class='ocrx_word' id='word_1_584' title='bbox 697 5349 854 5411; x_wconf 90' lang='lat' dir='ltr'><strong>libro,</strong></span> <span class='ocrx_word' id='word_1_585' title='bbox 884 5365 970 5404; x_wconf 80' lang='lat' dir='ltr'><strong>ex.</strong></span> <span class='ocrx_word' id='word_1_586' title='bbox 1004 5351 1199 5416; x_wconf 78' lang='lat' dir='ltr'><strong>gratia,</strong></span> <span class='ocrx_word' id='word_1_587' title='bbox 1221 5347 1341 5414; x_wconf 77' lang='lat' dir='ltr'><strong>cap.</strong></span> <span class='ocrx_word' id='word_1_588' title='bbox 1380 5365 1455 5408; x_wconf 80' lang='lat' dir='ltr'><strong>Ix,</strong></span> <span class='ocrx_word' id='word_1_589' title='bbox 1477 5364 1618 5401; x_wconf 85' lang='lat' dir='ltr'><strong>vers.</strong></span> 
     </span>
    </p>
   </div>
   <div class='ocr_carea' id='block_1_75' title="bbox 93 5407 1624 5489">
    <p class='ocr_par' dir='ltr' id='par_1_75' title="bbox 93 5407 1624 5489">
     <span class='ocr_line' id='line_1_75' title="bbox 93 5407 1624 5489; baseline -0.007 -9"><span class='ocrx_word' id='word_1_590' title='bbox 93 5407 497 5484; x_wconf 62' lang='grc' dir='ltr'>,ἶνίθὲὶηιιιειΣύ</span> <span class='ocrx_word' id='word_1_591' title='bbox 553 5435 625 5489; x_wconf 85' lang='grc' dir='ltr'><strong>με</strong></span> <span class='ocrx_word' id='word_1_592' title='bbox 687 5407 1222 5489; x_wconf 15' lang='grc' dir='ltr'>προείλωᾲβὲισιλέα.</span> <span class='ocrx_word' id='word_1_593' title='bbox 1274 5407 1624 5474; x_wconf 66' lang='grc' dir='ltr'>(ἷοηιειιιιιιιιι</span> 
     </span>
    </p>
   </div>
   <div class='ocr_carea' id='block_1_76' title="bbox 112 5487 1624 5560">
    <p class='ocr_par' dir='ltr' id='par_1_76' title="bbox 112 5487 1624 5560">
     <span class='ocr_line' id='line_1_76' title="bbox 112 5487 1624 5560; baseline -0.002 -17"><span class='ocrx_word' id='word_1_594' title='bbox 112 5494 226 5560; x_wconf 69' lang='grc' dir='ltr'><strong>ΡοὛο</strong></span> <span class='ocrx_word' id='word_1_595' title='bbox 245 5497 432 5543; x_wconf 66' lang='lat' dir='ltr'><strong>Veteres</strong></span> <span class='ocrx_word' id='word_1_596' title='bbox 461 5487 836 5560; x_wconf 69' lang='lat' dir='ltr'><strong>grammatici,</strong></span> <span class='ocrx_word' id='word_1_597' title='bbox 870 5487 1246 5560; x_wconf 70' lang='lat' dir='ltr'><strong>inﬂectemlum</strong></span> <span class='ocrx_word' id='word_1_598' title='bbox 1271 5491 1348 5544; x_wconf 90' lang='lat' dir='ltr'><strong>sic</strong></span> <span class='ocrx_word' id='word_1_599' title='bbox 1379 5503 1502 5544; x_wconf 87' lang='lat' dir='ltr'><strong>esse</strong></span> <span class='ocrx_word' id='word_1_600' title='bbox 1524 5491 1624 5542; x_wconf 90' lang='lat' dir='ltr'><strong>hoc</strong></span> 
     </span>
    </p>
   </div>
   <div class='ocr_carea' id='block_1_77' title="bbox 91 5532 1624 5630">
    <p class='ocr_par' dir='ltr' id='par_1_77' title="bbox 91 5532 1624 5630">
     <span class='ocr_line' id='line_1_77' title="bbox 91 5532 1624 5630; baseline -0.008 -8"><span class='ocrx_word' id='word_1_601' title='bbox 91 5532 296 5630; x_wconf 43' lang='lat' dir='ltr'><strong>“SMN.</strong></span> <span class='ocrx_word' id='word_1_602' title='bbox 348 5532 556 5630; x_wconf 47' lang='lat' dir='ltr'><strong>[leuata</strong></span> <span class='ocrx_word' id='word_1_603' title='bbox 592 5532 839 5629; x_wconf 56' lang='lat' dir='ltr'><strong>simu-qv:</strong></span> <span class='ocrx_word' id='word_1_604' title='bbox 881 5559 1043 5630; x_wconf 80' lang='grc' dir='ltr'>εἵλου,</span> <span class='ocrx_word' id='word_1_605' title='bbox 1091 5559 1282 5623; x_wconf 80' lang='grc' dir='ltr'>εἵλετο,</span> <span class='ocrx_word' id='word_1_606' title='bbox 1345 5573 1447 5612; x_wconf 89' lang='grc' dir='ltr'>ιιοιι</span> <span class='ocrx_word' id='word_1_607' title='bbox 1498 5571 1624 5630; x_wconf 71' lang='lat' dir='ltr'><strong>vero</strong></span> 
     </span>
    </p>
   </div>
   <div class='ocr_carea' id='block_1_78' title="bbox 113 5621 1624 5699">
    <p class='ocr_par' dir='ltr' id='par_1_78' title="bbox 113 5621 1624 5699">
     <span class='ocr_line' id='line_1_78' title="bbox 113 5621 1624 5699; baseline 0.008 -31"><span class='ocrx_word' id='word_1_608' title='bbox 113 5621 295 5699; x_wconf 63' lang='grc' dir='ltr'>εἰλᾷμην,</span> <span class='ocrx_word' id='word_1_609' title='bbox 315 5621 724 5699; x_wconf 42' lang='grc' dir='ltr'>εἷλωίεῖλατοξ</span> <span class='ocrx_word' id='word_1_610' title='bbox 743 5621 900 5699; x_wconf 74' lang='lat' dir='ltr'><strong>quod</strong></span> <span class='ocrx_word' id='word_1_611' title='bbox 929 5621 1276 5698; x_wconf 77' lang='lat' dir='ltr'><strong>Phrynicho,</strong></span> <span class='ocrx_word' id='word_1_612' title='bbox 1321 5638 1480 5696; x_wconf 86' lang='lat' dir='ltr'><strong>atque</strong></span> <span class='ocrx_word' id='word_1_613' title='bbox 1515 5627 1624 5699; x_wconf 79' lang='lat' dir='ltr'><strong>lle-</strong></span> 
     </span>
    </p>
   </div>
   <div class='ocr_carea' id='block_1_79' title="bbox 114 5696 1622 5768">
    <p class='ocr_par' dir='ltr' id='par_1_79' title="bbox 114 5696 1622 5768">
     <span class='ocr_line' id='line_1_79' title="bbox 114 5696 1622 5768; baseline 0.009 -31"><span class='ocrx_word' id='word_1_614' title='bbox 114 5696 282 5768; x_wconf 75' lang='lat' dir='ltr'><strong>rmhano</strong></span> <span class='ocrx_word' id='word_1_615' title='bbox 313 5698 581 5768; x_wconf 78' lang='lat' dir='ltr'><strong>inelegans</strong></span> <span class='ocrx_word' id='word_1_616' title='bbox 603 5696 839 5752; x_wconf 84' lang='lat' dir='ltr'><strong>videtur.</strong></span> <span class='ocrx_word' id='word_1_617' title='bbox 880 5698 957 5752; x_wconf 88' lang='lat' dir='ltr'><strong>Ac</strong></span> <span class='ocrx_word' id='word_1_618' title='bbox 986 5696 1116 5751; x_wconf 77' lang='lat' dir='ltr'><strong>sane</strong></span> <span class='ocrx_word' id='word_1_619' title='bbox 1145 5697 1622 5768; x_wconf 70' lang='lat' dir='ltr'><strong>AtticismumpOn</strong></span> 
     </span>
    </p>
   </div>
   <div class='ocr_carea' id='block_1_80' title="bbox 114 5763 1624 5838">
    <p class='ocr_par' dir='ltr' id='par_1_80' title="bbox 114 5763 1624 5838">
     <span class='ocr_line' id='line_1_80' title="bbox 114 5763 1624 5838; baseline 0.003 -21"><span class='ocrx_word' id='word_1_620' title='bbox 114 5763 215 5829; x_wconf 56' lang='lat' dir='ltr'><strong>Sapit</strong></span> <span class='ocrx_word' id='word_1_621' title='bbox 257 5767 357 5822; x_wconf 62' lang='lat' dir='ltr'><strong>hac</strong></span> <span class='ocrx_word' id='word_1_622' title='bbox 431 5763 680 5830; x_wconf 64' lang='lat' dir='ltr'><strong>inﬂexit),</strong></span> <span class='ocrx_word' id='word_1_623' title='bbox 733 5771 832 5822; x_wconf 91' lang='lat' dir='ltr'><strong>etsi</strong></span> <span class='ocrx_word' id='word_1_624' title='bbox 882 5769 1026 5820; x_wconf 88' lang='lat' dir='ltr'><strong>illius</strong></span> <span class='ocrx_word' id='word_1_625' title='bbox 1073 5768 1315 5838; x_wconf 78' lang='lat' dir='ltr'><strong>exempla</strong></span> <span class='ocrx_word' id='word_1_626' title='bbox 1369 5766 1624 5821; x_wconf 73' lang='lat' dir='ltr'><strong>Urvillius</strong></span> 
     </span>
    </p>
   </div>
   <div class='ocr_carea' id='block_1_81' title="bbox 330 5857 1063 5924">
    <p class='ocr_par' dir='ltr' id='par_1_81' title="bbox 330 5857 1063 5924">
     <span class='ocr_line' id='line_1_81' title="bbox 330 5857 1063 5924; baseline -0.001 -4"><span class='ocrx_word' id='word_1_627' title='bbox 330 5863 594 5924; x_wconf 71' lang='grc' dir='ltr'>Ριπιοι.</span> <span class='ocrx_word' id='word_1_628' title='bbox 632 5861 748 5922; x_wconf 73' lang='lat' dir='ltr'><strong>(is.</strong></span> <span class='ocrx_word' id='word_1_629' title='bbox 785 5857 1063 5922; x_wconf 66' lang='lat' dir='ltr'><strong>XXXIX</strong></span> 
     </span>
    </p>
   </div>
   <div class='ocr_carea' id='block_1_82' title="bbox 1722 1887 3295 1961">
    <p class='ocr_par' dir='ltr' id='par_1_82' title="bbox 1722 1887 3295 1961">
     <span class='ocr_line' id='line_1_82' title="bbox 1722 1887 3295 1961; baseline 0.008 -23"><span class='ocrx_word' id='word_1_630' title='bbox 1722 1887 1916 1956; x_wconf 81' lang='lat' dir='ltr'><strong>quibus</strong></span> <span class='ocrx_word' id='word_1_631' title='bbox 1961 1888 2142 1940; x_wconf 85' lang='lat' dir='ltr'><strong>datum</strong></span> <span class='ocrx_word' id='word_1_632' title='bbox 2193 1901 2292 1952; x_wconf 88' lang='lat' dir='ltr'><strong>est,</strong></span> <span class='ocrx_word' id='word_1_633' title='bbox 2333 1902 2387 1943; x_wconf 92' lang='lat' dir='ltr'><strong>ut</strong></span> <span class='ocrx_word' id='word_1_634' title='bbox 2433 1891 2611 1945; x_wconf 79' lang='lat' dir='ltr'><strong>statim</strong></span> <span class='ocrx_word' id='word_1_635' title='bbox 2659 1908 2753 1961; x_wconf 90' lang='lat' dir='ltr'><strong>per</strong></span> <span class='ocrx_word' id='word_1_636' title='bbox 2793 1909 3106 1950; x_wconf 71' lang='lat' dir='ltr'><strong>concessam</strong></span> <span class='ocrx_word' id='word_1_637' title='bbox 3152 1912 3180 1948; x_wconf 93' lang='lat' dir='ltr'><strong>a</strong></span> <span class='ocrx_word' id='word_1_638' title='bbox 3213 1897 3295 1950; x_wconf 87' lang='lat' dir='ltr'><strong>di—</strong></span> 
     </span>
    </p>
   </div>
   <div class='ocr_carea' id='block_1_83' title="bbox 1724 1978 3292 2052">
    <p class='ocr_par' dir='ltr' id='par_1_83' title="bbox 1724 1978 3292 2052">
     <span class='ocr_line' id='line_1_83' title="bbox 1724 1978 3292 2052; baseline 0.01 -24"><span class='ocrx_word' id='word_1_639' title='bbox 1724 1979 1848 2030; x_wconf 83' lang='lat' dir='ltr'><strong>vino</strong></span> <span class='ocrx_word' id='word_1_640' title='bbox 1901 1978 2104 2048; x_wconf 83' lang='lat' dir='ltr'><strong>Spiritu</strong></span> <span class='ocrx_word' id='word_1_641' title='bbox 2165 1982 2394 2048; x_wconf 76' lang='lat' dir='ltr'><strong>gratiam</strong></span> <span class='ocrx_word' id='word_1_642' title='bbox 2447 1982 2797 2052; x_wconf 78' lang='lat' dir='ltr'><strong>proﬁcerent,</strong></span> <span class='ocrx_word' id='word_1_643' title='bbox 2855 1986 3030 2041; x_wconf 83' lang='lat' dir='ltr'><strong>nullus</strong></span> <span class='ocrx_word' id='word_1_644' title='bbox 3087 1997 3137 2042; x_wconf 89' lang='lat' dir='ltr'><strong>te</strong></span> <span class='ocrx_word' id='word_1_645' title='bbox 3187 2005 3292 2044; x_wconf 90' lang='lat' dir='ltr'><strong>non</strong></span> 
     </span>
    </p>
   </div>
   <div class='ocr_carea' id='block_1_84' title="bbox 1723 2079 3293 2146">
    <p class='ocr_par' dir='ltr' id='par_1_84' title="bbox 1723 2079 3293 2146">
     <span class='ocr_line' id='line_1_84' title="bbox 1723 2079 3293 2146; baseline 0.007 -27"><span class='ocrx_word' id='word_1_646' title='bbox 1723 2079 2018 2134; x_wconf 86' lang='lat' dir='ltr'><strong>aversetur,</strong></span> <span class='ocrx_word' id='word_1_647' title='bbox 2072 2084 2134 2121; x_wconf 85' lang='lat' dir='ltr'><strong>ac</strong></span> <span class='ocrx_word' id='word_1_648' title='bbox 2187 2085 2248 2123; x_wconf 87' lang='lat' dir='ltr'><strong>ea</strong></span> <span class='ocrx_word' id='word_1_649' title='bbox 2308 2086 2411 2123; x_wconf 72' lang='grc'><strong>17011</strong></span> <span class='ocrx_word' id='word_1_650' title='bbox 2467 2083 2705 2140; x_wconf 79' lang='lat' dir='ltr'><strong>respuat.</strong></span> <span class='ocrx_word' id='word_1_651' title='bbox 2755 2090 2874 2144; x_wconf 69' lang='grc' dir='ltr'>σιιιαι</span> <span class='ocrx_word' id='word_1_652' title='bbox 2926 2092 3114 2146; x_wconf 80' lang='lat' dir='ltr'><strong>magna</strong></span> <span class='ocrx_word' id='word_1_653' title='bbox 3170 2093 3293 2130; x_wconf 77' lang='lat' dir='ltr'><strong>CIIII]</strong></span> 
     </span>
    </p>
   </div>
   <div class='ocr_carea' id='block_1_85' title="bbox 1723 2155 3295 2236">
    <p class='ocr_par' dir='ltr' id='par_1_85' title="bbox 1723 2155 3295 2236">
     <span class='ocr_line' id='line_1_85' title="bbox 1723 2155 3295 2236; baseline 0.009 -30"><span class='ocrx_word' id='word_1_654' title='bbox 1723 2155 2023 2208; x_wconf 86' lang='lat' dir='ltr'><strong>animarum</strong></span> <span class='ocrx_word' id='word_1_655' title='bbox 2077 2156 2315 2226; x_wconf 76' lang='lat' dir='ltr'><strong>pernicie</strong></span> <span class='ocrx_word' id='word_1_656' title='bbox 2371 2173 2399 2209; x_wconf 88' lang='lat' dir='ltr'><strong>a</strong></span> <span class='ocrx_word' id='word_1_657' title='bbox 2447 2168 2497 2212; x_wconf 91' lang='lat' dir='ltr'><strong>te</strong></span> <span class='ocrx_word' id='word_1_658' title='bbox 2542 2160 2814 2216; x_wconf 82' lang='lat' dir='ltr'><strong>elaborata</strong></span> <span class='ocrx_word' id='word_1_659' title='bbox 2865 2177 3013 2217; x_wconf 89' lang='lat' dir='ltr'><strong>sunt.</strong></span> <span class='ocrx_word' id='word_1_660' title='bbox 3067 2165 3122 2218; x_wconf 90' lang='lat' dir='ltr'><strong>Si</strong></span> <span class='ocrx_word' id='word_1_661' title='bbox 3165 2167 3295 2236; x_wconf 85' lang='lat' dir='ltr'><strong>quid</strong></span> 
     </span>
    </p>
   </div>
   <div class='ocr_carea' id='block_1_86' title="bbox 1724 2247 3294 2322">
    <p class='ocr_par' dir='ltr' id='par_1_86' title="bbox 1724 2247 3294 2322">
     <span class='ocr_line' id='line_1_86' title="bbox 1724 2247 3294 2322; baseline 0.01 -23"><span class='ocrx_word' id='word_1_662' title='bbox 1724 2247 1870 2299; x_wconf 88' lang='lat' dir='ltr'><strong>enim</strong></span> <span class='ocrx_word' id='word_1_663' title='bbox 1910 2257 2135 2300; x_wconf 86' lang='lat' dir='ltr'><strong>conatus</strong></span> <span class='ocrx_word' id='word_1_664' title='bbox 2169 2249 2240 2302; x_wconf 89' lang='lat' dir='ltr'><strong>tui</strong></span> <span class='ocrx_word' id='word_1_665' title='bbox 2277 2249 2538 2314; x_wconf 86' lang='lat' dir='ltr'><strong>valerent,</strong></span> <span class='ocrx_word' id='word_1_666' title='bbox 2575 2253 2752 2307; x_wconf 86' lang='lat' dir='ltr'><strong>nullus</strong></span> <span class='ocrx_word' id='word_1_667' title='bbox 2781 2254 2896 2322; x_wconf 87' lang='lat' dir='ltr'><strong>jam</strong></span> <span class='ocrx_word' id='word_1_668' title='bbox 2934 2255 3166 2313; x_wconf 80' lang='lat' dir='ltr'><strong>fortasse</strong></span> <span class='ocrx_word' id='word_1_669' title='bbox 3195 2275 3294 2313; x_wconf 89' lang='lat' dir='ltr'><strong>no-</strong></span> 
     </span>
    </p>
   </div>
   <div class='ocr_carea' id='block_1_87' title="bbox 1728 2335 3292 2417">
    <p class='ocr_par' dir='ltr' id='par_1_87' title="bbox 1728 2335 3292 2417">
     <span class='ocr_line' id='line_1_87' title="bbox 1728 2335 3292 2417; baseline 0.01 -29"><span class='ocrx_word' id='word_1_670' title='bbox 1728 2335 1808 2390; x_wconf 88' lang='lat' dir='ltr'><strong>bis</strong></span> <span class='ocrx_word' id='word_1_671' title='bbox 1841 2336 2137 2406; x_wconf 68' lang='lat' dir='ltr'><strong>Scriptum</strong></span> <span class='ocrx_word' id='word_1_672' title='bbox 2185 2339 2334 2392; x_wconf 89' lang='lat' dir='ltr'><strong>locus</strong></span> <span class='ocrx_word' id='word_1_673' title='bbox 2378 2340 2773 2409; x_wconf 82' lang='lat' dir='ltr'><strong>relinqueretur</strong></span> <span class='ocrx_word' id='word_1_674' title='bbox 2803 2347 3163 2417; x_wconf 82' lang='lat' dir='ltr'><strong>theologicnm</strong></span> <span class='ocrx_word' id='word_1_675' title='bbox 3205 2363 3292 2402; x_wconf 83' lang='lat' dir='ltr'><strong>ar-</strong></span> 
     </span>
    </p>
   </div>
   <div class='ocr_carea' id='block_1_88' title="bbox 1726 2430 3300 2502">
    <p class='ocr_par' dir='ltr' id='par_1_88' title="bbox 1726 2430 3300 2502">
     <span class='ocr_line' id='line_1_88' title="bbox 1726 2430 3300 2502; baseline 0.01 -25"><span class='ocrx_word' id='word_1_676' title='bbox 1726 2437 2038 2495; x_wconf 82' lang='lat' dir='ltr'><strong>gumentum</strong></span> <span class='ocrx_word' id='word_1_677' title='bbox 2099 2430 2540 2487; x_wconf 79' lang='lat' dir='ltr'><strong>subministratis.</strong></span> <span class='ocrx_word' id='word_1_678' title='bbox 2593 2432 2707 2502; x_wconf 77' lang='lat' dir='ltr'><strong>Age</strong></span> <span class='ocrx_word' id='word_1_679' title='bbox 2758 2451 2903 2500; x_wconf 84' lang='lat' dir='ltr'><strong>vero,</strong></span> <span class='ocrx_word' id='word_1_680' title='bbox 2963 2448 3138 2491; x_wconf 88' lang='lat' dir='ltr'><strong>utrum</strong></span> <span class='ocrx_word' id='word_1_681' title='bbox 3187 2439 3300 2493; x_wconf 71' lang='lat' dir='ltr'><strong>lucc</strong></span> 
     </span>
    </p>
   </div>
   <div class='ocr_carea' id='block_1_89' title="bbox 1727 2519 3300 2598">
    <p class='ocr_par' dir='ltr' id='par_1_89' title="bbox 1727 2519 3300 2598">
     <span class='ocr_line' id='line_1_89' title="bbox 1727 2519 3300 2598; baseline 0.011 -30"><span class='ocrx_word' id='word_1_682' title='bbox 1727 2533 1850 2572; x_wconf 89' lang='lat' dir='ltr'><strong>vera</strong></span> <span class='ocrx_word' id='word_1_683' title='bbox 1900 2519 2028 2584; x_wconf 90' lang='lat' dir='ltr'><strong>sint,</strong></span> <span class='ocrx_word' id='word_1_684' title='bbox 2061 2523 2180 2574; x_wconf 89' lang='lat' dir='ltr'><strong>sine</strong></span> <span class='ocrx_word' id='word_1_685' title='bbox 2216 2520 2492 2575; x_wconf 89' lang='lat' dir='ltr'><strong>iracundia</strong></span> <span class='ocrx_word' id='word_1_686' title='bbox 2540 2534 2595 2576; x_wconf 94' lang='lat' dir='ltr'><strong>et</strong></span> <span class='ocrx_word' id='word_1_687' title='bbox 2627 2539 2781 2594; x_wconf 80' lang='lat' dir='ltr'><strong>aequo</strong></span> <span class='ocrx_word' id='word_1_688' title='bbox 2811 2528 2992 2583; x_wconf 87' lang='lat' dir='ltr'><strong>animo</strong></span> <span class='ocrx_word' id='word_1_689' title='bbox 3025 2531 3300 2598; x_wconf 80' lang='lat' dir='ltr'><strong>expenda-</strong></span> 
     </span>
    </p>
   </div>
   <div class='ocr_carea' id='block_1_90' title="bbox 1729 2607 3297 2678">
    <p class='ocr_par' dir='ltr' id='par_1_90' title="bbox 1729 2607 3297 2678">
     <span class='ocr_line' id='line_1_90' title="bbox 1729 2607 3297 2678; baseline 0.009 -18"><span class='ocrx_word' id='word_1_690' title='bbox 1729 2623 1863 2661; x_wconf 88' lang='lat' dir='ltr'><strong>mus.</strong></span> <span class='ocrx_word' id='word_1_691' title='bbox 1905 2607 2038 2661; x_wconf 81' lang='lat' dir='ltr'><strong>Nam</strong></span> <span class='ocrx_word' id='word_1_692' title='bbox 2085 2625 2183 2678; x_wconf 77' lang='lat' dir='ltr'><strong>ego</strong></span> <span class='ocrx_word' id='word_1_693' title='bbox 2226 2611 2370 2678; x_wconf 80' lang='lat' dir='ltr'><strong>quod</strong></span> <span class='ocrx_word' id='word_1_694' title='bbox 2401 2611 2545 2675; x_wconf 87' lang='lat' dir='ltr'><strong>volo,</strong></span> <span class='ocrx_word' id='word_1_695' title='bbox 2579 2626 2832 2670; x_wconf 84' lang='lat' dir='ltr'><strong>accurate</strong></span> <span class='ocrx_word' id='word_1_696' title='bbox 2875 2619 3155 2673; x_wconf 84' lang='lat' dir='ltr'><strong>ostendam</strong></span> <span class='ocrx_word' id='word_1_697' title='bbox 3192 2635 3297 2674; x_wconf 91' lang='lat' dir='ltr'><strong>non</strong></span> 
     </span>
    </p>
   </div>
   <div class='ocr_carea' id='block_1_91' title="bbox 1728 2701 3298 2770">
    <p class='ocr_par' dir='ltr' id='par_1_91' title="bbox 1728 2701 3298 2770">
     <span class='ocr_line' id='line_1_91' title="bbox 1728 2701 3298 2770; baseline 0.005 -16"><span class='ocrx_word' id='word_1_698' title='bbox 1728 2715 1789 2754; x_wconf 81' lang='lat' dir='ltr'><strong>ex</strong></span> <span class='ocrx_word' id='word_1_699' title='bbox 1841 2701 2129 2770; x_wconf 83' lang='lat' dir='ltr'><strong>ambiguis,</strong></span> <span class='ocrx_word' id='word_1_700' title='bbox 2181 2703 2273 2756; x_wconf 85' lang='lat' dir='ltr'><strong>sed</strong></span> <span class='ocrx_word' id='word_1_701' title='bbox 2319 2717 2384 2756; x_wconf 86' lang='lat' dir='ltr'><strong>ex</strong></span> <span class='ocrx_word' id='word_1_702' title='bbox 2433 2706 2615 2767; x_wconf 89' lang='lat' dir='ltr'><strong>certis,</strong></span> <span class='ocrx_word' id='word_1_703' title='bbox 2665 2715 2719 2759; x_wconf 91' lang='lat' dir='ltr'><strong>et</strong></span> <span class='ocrx_word' id='word_1_704' title='bbox 2759 2711 3143 2764; x_wconf 70' lang='lat' dir='ltr'><strong>controversiae</strong></span> <span class='ocrx_word' id='word_1_705' title='bbox 3194 2726 3298 2764; x_wconf 91' lang='lat' dir='ltr'><strong>non</strong></span> 
     </span>
    </p>
   </div>
   <div class='ocr_carea' id='block_1_92' title="bbox 1729 2791 3303 2867">
    <p class='ocr_par' dir='ltr' id='par_1_92' title="bbox 1729 2791 3303 2867">
     <span class='ocr_line' id='line_1_92' title="bbox 1729 2791 3303 2867; baseline 0.006 -21"><span class='ocrx_word' id='word_1_706' title='bbox 1729 2791 1980 2846; x_wconf 84' lang='lat' dir='ltr'><strong>obnoxiis</strong></span> <span class='ocrx_word' id='word_1_707' title='bbox 2015 2793 2360 2857; x_wconf 81' lang='lat' dir='ltr'><strong>testimoniis,</strong></span> <span class='ocrx_word' id='word_1_708' title='bbox 2412 2804 2465 2848; x_wconf 90' lang='lat' dir='ltr'><strong>et</strong></span> <span class='ocrx_word' id='word_1_709' title='bbox 2497 2795 2652 2850; x_wconf 77' lang='lat' dir='ltr'><strong>facile</strong></span> <span class='ocrx_word' id='word_1_710' title='bbox 2709 2807 2870 2866; x_wconf 88' lang='lat' dir='ltr'><strong>atque</strong></span> <span class='ocrx_word' id='word_1_711' title='bbox 2917 2799 3162 2867; x_wconf 76' lang='lat' dir='ltr'><strong>expedite</strong></span> <span class='ocrx_word' id='word_1_712' title='bbox 3203 2803 3303 2856; x_wconf 87' lang='lat' dir='ltr'><strong>do-</strong></span> 
     </span>
    </p>
   </div>
   <div class='ocr_carea' id='block_1_93' title="bbox 1730 2883 3302 2955">
    <p class='ocr_par' dir='ltr' id='par_1_93' title="bbox 1730 2883 3302 2955">
     <span class='ocr_line' id='line_1_93' title="bbox 1730 2883 3302 2955; baseline 0.006 -16"><span class='ocrx_word' id='word_1_713' title='bbox 1730 2885 1884 2947; x_wconf 88' lang='lat' dir='ltr'><strong>cebo,</strong></span> <span class='ocrx_word' id='word_1_714' title='bbox 1924 2898 2122 2953; x_wconf 81' lang='lat' dir='ltr'><strong>vosque</strong></span> <span class='ocrx_word' id='word_1_715' title='bbox 2159 2883 2400 2940; x_wconf 79' lang='lat' dir='ltr'><strong>discetis.</strong></span> <span class='ocrx_word' id='word_1_716' title='bbox 2450 2885 2801 2942; x_wconf 86' lang='lat' dir='ltr'><strong>Beatissimus</strong></span> <span class='ocrx_word' id='word_1_717' title='bbox 2837 2891 2924 2943; x_wconf 88' lang='lat' dir='ltr'><strong>ille</strong></span> <span class='ocrx_word' id='word_1_718' title='bbox 2964 2889 3183 2955; x_wconf 87' lang='lat' dir='ltr'><strong>Paulus,</strong></span> <span class='ocrx_word' id='word_1_719' title='bbox 3213 2894 3302 2948; x_wconf 89' lang='lat' dir='ltr'><strong>cui</strong></span> 
     </span>
    </p>
   </div>
   <div class='ocr_carea' id='block_1_94' title="bbox 1730 2975 3301 3054">
    <p class='ocr_par' dir='ltr' id='par_1_94' title="bbox 1730 2975 3301 3054">
     <span class='ocr_line' id='line_1_94' title="bbox 1730 2975 3301 3054; baseline 0.006 -25"><span class='ocrx_word' id='word_1_720' title='bbox 1730 2975 1877 3031; x_wconf 79' lang='lat' dir='ltr'><strong>zelus</strong></span> <span class='ocrx_word' id='word_1_721' title='bbox 1908 2975 2050 3046; x_wconf 73' lang='lat' dir='ltr'><strong>igne,</strong></span> <span class='ocrx_word' id='word_1_722' title='bbox 2083 2984 2140 3028; x_wconf 93' lang='lat' dir='ltr'><strong>ut</strong></span> <span class='ocrx_word' id='word_1_723' title='bbox 2175 2976 2486 3045; x_wconf 87' lang='lat' dir='ltr'><strong>loquuntur,</strong></span> <span class='ocrx_word' id='word_1_724' title='bbox 2521 2978 2781 3034; x_wconf 76' lang='lat' dir='ltr'><strong>fervidior</strong></span> <span class='ocrx_word' id='word_1_725' title='bbox 2825 2992 2940 3036; x_wconf 89' lang='lat' dir='ltr'><strong>erat</strong></span> <span class='ocrx_word' id='word_1_726' title='bbox 2980 2999 3076 3052; x_wconf 90' lang='lat' dir='ltr'><strong>pro</strong></span> <span class='ocrx_word' id='word_1_727' title='bbox 3106 2999 3301 3054; x_wconf 82' lang='lat' dir='ltr'><strong>magno</strong></span> 
     </span>
    </p>
   </div>
   <div class='ocr_carea' id='block_1_95' title="bbox 1733 3067 3300 3148">
    <p class='ocr_par' dir='ltr' id='par_1_95' title="bbox 1733 3067 3300 3148">
     <span class='ocr_line' id='line_1_95' title="bbox 1733 3067 3300 3148; baseline 0.005 -24"><span class='ocrx_word' id='word_1_728' title='bbox 1733 3071 1862 3133; x_wconf 79' lang='lat' dir='ltr'><strong>Deo.</strong></span> <span class='ocrx_word' id='word_1_729' title='bbox 1895 3078 1949 3122; x_wconf 90' lang='lat' dir='ltr'><strong>et</strong></span> <span class='ocrx_word' id='word_1_730' title='bbox 1994 3067 2276 3123; x_wconf 85' lang='lat' dir='ltr'><strong>Salvatore</strong></span> <span class='ocrx_word' id='word_1_731' title='bbox 2319 3079 2502 3125; x_wconf 90' lang='lat' dir='ltr'><strong>nostro</strong></span> <span class='ocrx_word' id='word_1_732' title='bbox 2537 3069 2661 3124; x_wconf 83' lang='lat' dir='ltr'><strong>Jesu</strong></span> <span class='ocrx_word' id='word_1_733' title='bbox 2695 3074 2932 3140; x_wconf 83' lang='lat' dir='ltr'><strong>Christo,</strong></span> <span class='ocrx_word' id='word_1_734' title='bbox 2975 3075 3161 3131; x_wconf 87' lang='lat' dir='ltr'><strong>scribit</strong></span> <span class='ocrx_word' id='word_1_735' title='bbox 3189 3077 3300 3148; x_wconf 84' lang='lat'>(76)</span> 
     </span>
    </p>
   </div>
   <div class='ocr_carea' id='block_1_96' title="bbox 1736 3159 3306 3234">
    <p class='ocr_par' dir='ltr' id='par_1_96' title="bbox 1736 3159 3306 3234">
     <span class='ocr_line' id='line_1_96' title="bbox 1736 3159 3306 3234; baseline 0.006 -21"><span class='ocrx_word' id='word_1_736' title='bbox 1736 3161 2041 3215; x_wconf 85' lang='lat' dir='ltr'><strong>ministrum</strong></span> <span class='ocrx_word' id='word_1_737' title='bbox 2094 3159 2294 3214; x_wconf 79' lang='lat' dir='ltr'><strong>factum</strong></span> <span class='ocrx_word' id='word_1_738' title='bbox 2339 3174 2460 3214; x_wconf 91' lang='lat' dir='ltr'><strong>esse</strong></span> <span class='ocrx_word' id='word_1_739' title='bbox 2509 3161 2817 3230; x_wconf 85' lang='lat' dir='ltr'><strong>Christum;</strong></span> <span class='ocrx_word' id='word_1_740' title='bbox 2865 3175 2919 3218; x_wconf 90' lang='lat' dir='ltr'><strong>et</strong></span> <span class='ocrx_word' id='word_1_741' title='bbox 2970 3165 3084 3234; x_wconf 90' lang='lat' dir='ltr'><strong>ipse</strong></span> <span class='ocrx_word' id='word_1_742' title='bbox 3137 3169 3201 3222; x_wconf 90' lang='lat' dir='ltr'><strong>de</strong></span> <span class='ocrx_word' id='word_1_743' title='bbox 3245 3184 3306 3223; x_wconf 88' lang='lat' dir='ltr'><strong>se</strong></span> 
     </span>
    </p>
   </div>
   <div class='ocr_carea' id='block_1_97' title="bbox 1732 3248 3306 3323">
    <p class='ocr_par' dir='ltr' id='par_1_97' title="bbox 1732 3248 3306 3323">
     <span class='ocr_line' id='line_1_97' title="bbox 1732 3248 3306 3323; baseline 0.006 -18"><span class='ocrx_word' id='word_1_744' title='bbox 1732 3253 1849 3323; x_wconf 88' lang='lat' dir='ltr'><strong>ipso</strong></span> <span class='ocrx_word' id='word_1_745' title='bbox 1891 3251 2165 3307; x_wconf 89' lang='lat' dir='ltr'><strong>benelicus</strong></span> <span class='ocrx_word' id='word_1_746' title='bbox 2190 3251 2288 3304; x_wconf 90' lang='lat' dir='ltr'><strong>iste</strong></span> <span class='ocrx_word' id='word_1_747' title='bbox 2314 3248 2563 3307; x_wconf 88' lang='lat' dir='ltr'><strong>Salvator</strong></span> <span class='ocrx_word' id='word_1_748' title='bbox 2592 3263 2781 3323; x_wconf 86' lang='lat' dir='ltr'><strong>aperte</strong></span> <span class='ocrx_word' id='word_1_749' title='bbox 2811 3256 2949 3310; x_wconf 73' lang='lat' dir='ltr'><strong>dixit</strong></span> <span class='ocrx_word' id='word_1_750' title='bbox 2986 3275 2997 3310; x_wconf 91' lang='lat'><strong>:</strong></span> <span class='ocrx_word' id='word_1_751' title='bbox 3033 3275 3051 3307; x_wconf 85' lang='grc' dir='ltr'><strong>ι</strong></span> <span class='ocrx_word' id='word_1_752' title='bbox 3084 3252 3306 3314; x_wconf 81' lang='lat' dir='ltr'><strong>Manda-</strong></span> 
     </span>
    </p>
   </div>
   <div class='ocr_carea' id='block_1_98' title="bbox 1733 3343 3300 3419">
    <p class='ocr_par' dir='ltr' id='par_1_98' title="bbox 1733 3343 3300 3419">
     <span class='ocr_line' id='line_1_98' title="bbox 1733 3343 3300 3419; baseline 0.002 -21"><span class='ocrx_word' id='word_1_753' title='bbox 1733 3355 1843 3398; x_wconf 82' lang='lat' dir='ltr'><strong>tum</strong></span> <span class='ocrx_word' id='word_1_754' title='bbox 1880 3344 1991 3415; x_wconf 86' lang='lat'><strong>(77)</strong></span> <span class='ocrx_word' id='word_1_755' title='bbox 2033 3343 2251 3412; x_wconf 87' lang='lat' dir='ltr'><strong>accepi,</strong></span> <span class='ocrx_word' id='word_1_756' title='bbox 2303 3344 2432 3412; x_wconf 87' lang='lat' dir='ltr'><strong>quid</strong></span> <span class='ocrx_word' id='word_1_757' title='bbox 2479 3347 2691 3411; x_wconf 86' lang='lat' dir='ltr'><strong>dicam,</strong></span> <span class='ocrx_word' id='word_1_758' title='bbox 2744 3357 2798 3399; x_wconf 93' lang='lat' dir='ltr'><strong>et</strong></span> <span class='ocrx_word' id='word_1_759' title='bbox 2847 3348 2975 3417; x_wconf 90' lang='lat' dir='ltr'><strong>quid</strong></span> <span class='ocrx_word' id='word_1_760' title='bbox 3023 3349 3246 3419; x_wconf 86' lang='lat' dir='ltr'><strong>loquar;</strong></span> <span class='ocrx_word' id='word_1_761' title='bbox 3282 3371 3300 3401; x_wconf 75' lang='grc' dir='ltr'><strong>ι</strong></span> 
     </span>
    </p>
   </div>
   <div class='ocr_carea' id='block_1_99' title="bbox 1732 3435 3304 3507">
    <p class='ocr_par' dir='ltr' id='par_1_99' title="bbox 1732 3435 3304 3507">
     <span class='ocr_line' id='line_1_99' title="bbox 1732 3435 3304 3507; baseline 0.003 -16"><span class='ocrx_word' id='word_1_762' title='bbox 1732 3446 1826 3492; x_wconf 89' lang='lat' dir='ltr'><strong>et:</strong></span> <span class='ocrx_word' id='word_1_763' title='bbox 1871 3455 1888 3487; x_wconf 90' lang='grc' dir='ltr'><strong>ι</strong></span> <span class='ocrx_word' id='word_1_764' title='bbox 1921 3435 2060 3489; x_wconf 79' lang='lat' dir='ltr'><strong>Nihil</strong></span> <span class='ocrx_word' id='word_1_765' title='bbox 2088 3436 2198 3507; x_wconf 90' lang='grc'>(78)</span> <span class='ocrx_word' id='word_1_766' title='bbox 2238 3451 2268 3489; x_wconf 88' lang='lat' dir='ltr'><strong>a</strong></span> <span class='ocrx_word' id='word_1_767' title='bbox 2311 3453 2395 3491; x_wconf 90' lang='lat' dir='ltr'><strong>me</strong></span> <span class='ocrx_word' id='word_1_768' title='bbox 2428 3438 2543 3506; x_wconf 92' lang='lat' dir='ltr'><strong>ipso</strong></span> <span class='ocrx_word' id='word_1_769' title='bbox 2586 3438 2762 3503; x_wconf 86' lang='lat' dir='ltr'><strong>facio;</strong></span> <span class='ocrx_word' id='word_1_770' title='bbox 2797 3458 2814 3489; x_wconf 78' lang='grc' dir='ltr'><strong>ι</strong></span> <span class='ocrx_word' id='word_1_771' title='bbox 2853 3450 2908 3493; x_wconf 89' lang='lat' dir='ltr'><strong>et</strong></span> <span class='ocrx_word' id='word_1_772' title='bbox 2941 3439 3065 3496; x_wconf 84' lang='lat' dir='ltr'><strong>alibi</strong></span> <span class='ocrx_word' id='word_1_773' title='bbox 3101 3443 3304 3497; x_wconf 89' lang='lat' dir='ltr'><strong>dictum</strong></span> 
     </span>
    </p>
   </div>
   <div class='ocr_carea' id='block_1_100' title="bbox 1733 3527 3306 3601">
    <p class='ocr_par' dir='ltr' id='par_1_100' title="bbox 1733 3527 3306 3601">
     <span class='ocr_line' id='line_1_100' title="bbox 1733 3527 3306 3601; baseline 0.004 -20"><span class='ocrx_word' id='word_1_774' title='bbox 1733 3527 1834 3582; x_wconf 79' lang='lat' dir='ltr'><strong>fuit</strong></span> <span class='ocrx_word' id='word_1_775' title='bbox 1868 3546 1882 3582; x_wconf 89' lang='lat'><strong>:</strong></span> <span class='ocrx_word' id='word_1_776' title='bbox 1926 3545 1945 3579; x_wconf 83' lang='grc' dir='ltr'><strong>ι</strong></span> <span class='ocrx_word' id='word_1_777' title='bbox 1977 3527 2084 3582; x_wconf 83' lang='lat' dir='ltr'><strong>Lex</strong></span> <span class='ocrx_word' id='word_1_778' title='bbox 2120 3529 2231 3600; x_wconf 87' lang='grc'>(79)</span> <span class='ocrx_word' id='word_1_779' title='bbox 2263 3545 2360 3598; x_wconf 88' lang='lat' dir='ltr'><strong>per</strong></span> <span class='ocrx_word' id='word_1_780' title='bbox 2404 3529 2642 3600; x_wconf 81' lang='lat' dir='ltr'><strong>Moysem</strong></span> <span class='ocrx_word' id='word_1_781' title='bbox 2676 3531 2798 3584; x_wconf 85' lang='lat' dir='ltr'><strong>data</strong></span> <span class='ocrx_word' id='word_1_782' title='bbox 2850 3541 2964 3597; x_wconf 88' lang='lat' dir='ltr'><strong>est;</strong></span> <span class='ocrx_word' id='word_1_783' title='bbox 3005 3535 3204 3601; x_wconf 74' lang='lat' dir='ltr'><strong>gratia,</strong></span> <span class='ocrx_word' id='word_1_784' title='bbox 3250 3543 3306 3588; x_wconf 90' lang='lat' dir='ltr'><strong>et</strong></span> 
     </span>
    </p>
   </div>
   <div class='ocr_carea' id='block_1_101' title="bbox 1734 3619 3304 3690">
    <p class='ocr_par' dir='ltr' id='par_1_101' title="bbox 1734 3619 3304 3690">
     <span class='ocr_line' id='line_1_101' title="bbox 1734 3619 3304 3690; baseline 0.007 -21"><span class='ocrx_word' id='word_1_785' title='bbox 1734 3621 1934 3674; x_wconf 90' lang='lat' dir='ltr'><strong>veritas</strong></span> <span class='ocrx_word' id='word_1_786' title='bbox 1967 3637 2061 3690; x_wconf 87' lang='lat' dir='ltr'><strong>per</strong></span> <span class='ocrx_word' id='word_1_787' title='bbox 2093 3619 2278 3676; x_wconf 73' lang='lat' dir='ltr'><strong>Iesum</strong></span> <span class='ocrx_word' id='word_1_788' title='bbox 2314 3620 2588 3675; x_wconf 88' lang='lat' dir='ltr'><strong>Christum</strong></span> <span class='ocrx_word' id='word_1_789' title='bbox 2641 3621 2777 3676; x_wconf 82' lang='lat' dir='ltr'><strong>facta</strong></span> <span class='ocrx_word' id='word_1_790' title='bbox 2832 3633 2931 3676; x_wconf 89' lang='lat' dir='ltr'><strong>est.</strong></span> <span class='ocrx_word' id='word_1_791' title='bbox 2964 3642 2983 3675; x_wconf 75' lang='grc' dir='ltr'><strong>ι</strong></span> <span class='ocrx_word' id='word_1_792' title='bbox 3021 3623 3084 3678; x_wconf 84' lang='lat' dir='ltr'><strong>Et</strong></span> <span class='ocrx_word' id='word_1_793' title='bbox 3128 3633 3304 3680; x_wconf 86' lang='lat' dir='ltr'><strong>tamen</strong></span> 
     </span>
    </p>
   </div>
   <div class='ocr_carea' id='block_1_102' title="bbox 1733 3711 3304 3781">
    <p class='ocr_par' dir='ltr' id='par_1_102' title="bbox 1733 3711 3304 3781">
     <span class='ocr_line' id='line_1_102' title="bbox 1733 3711 3304 3781; baseline 0.004 -17"><span class='ocrx_word' id='word_1_794' title='bbox 1733 3711 1846 3765; x_wconf 61' lang='lat' dir='ltr'><strong>base</strong></span> <span class='ocrx_word' id='word_1_795' title='bbox 1889 3711 2139 3775; x_wconf 83' lang='lat' dir='ltr'><strong>ﬁdeliter,</strong></span> <span class='ocrx_word' id='word_1_796' title='bbox 2185 3723 2236 3765; x_wconf 85' lang='lat' dir='ltr'><strong>et</strong></span> <span class='ocrx_word' id='word_1_797' title='bbox 2285 3729 2466 3775; x_wconf 83' lang='lat' dir='ltr'><strong>sensu,</strong></span> <span class='ocrx_word' id='word_1_798' title='bbox 2516 3713 2605 3780; x_wconf 86' lang='lat' dir='ltr'><strong>qui</strong></span> <span class='ocrx_word' id='word_1_799' title='bbox 2645 3714 2751 3767; x_wconf 89' lang='lat' dir='ltr'><strong>Deo</strong></span> <span class='ocrx_word' id='word_1_800' title='bbox 2808 3715 3113 3781; x_wconf 88' lang='lat' dir='ltr'><strong>conveniat,</strong></span> <span class='ocrx_word' id='word_1_801' title='bbox 3159 3716 3304 3771; x_wconf 83' lang='lat' dir='ltr'><strong>acci-</strong></span> 
     </span>
    </p>
   </div>
   <div class='ocr_carea' id='block_1_103' title="bbox 1734 3804 3306 3878">
    <p class='ocr_par' dir='ltr' id='par_1_103' title="bbox 1734 3804 3306 3878">
     <span class='ocr_line' id='line_1_103' title="bbox 1734 3804 3306 3878; baseline 0.004 -22"><span class='ocrx_word' id='word_1_802' title='bbox 1734 3804 1966 3873; x_wconf 79' lang='lat' dir='ltr'><strong>pientes,</strong></span> <span class='ocrx_word' id='word_1_803' title='bbox 2027 3804 2146 3856; x_wconf 88' lang='lat' dir='ltr'><strong>ideo</strong></span> <span class='ocrx_word' id='word_1_804' title='bbox 2198 3805 2270 3857; x_wconf 90' lang='lat' dir='ltr'><strong>ita</strong></span> <span class='ocrx_word' id='word_1_805' title='bbox 2319 3804 2520 3872; x_wconf 87' lang='lat' dir='ltr'><strong>scripta</strong></span> <span class='ocrx_word' id='word_1_806' title='bbox 2565 3819 2684 3858; x_wconf 83' lang='lat' dir='ltr'><strong>esse</strong></span> <span class='ocrx_word' id='word_1_807' title='bbox 2743 3804 3115 3876; x_wconf 75' lang='lat' dir='ltr'><strong>intelligimus,</strong></span> <span class='ocrx_word' id='word_1_808' title='bbox 3162 3809 3306 3878; x_wconf 84' lang='lat' dir='ltr'><strong>quod</strong></span> 
     </span>
    </p>
   </div>
   <div class='ocr_carea' id='block_1_104' title="bbox 1733 3895 3307 3962">
    <p class='ocr_par' dir='ltr' id='par_1_104' title="bbox 1733 3895 3307 3962">
     <span class='ocr_line' id='line_1_104' title="bbox 1733 3895 3307 3962; baseline 0.004 -14"><span class='ocrx_word' id='word_1_809' title='bbox 1733 3911 1836 3949; x_wconf 84' lang='lat' dir='ltr'><strong>una</strong></span> <span class='ocrx_word' id='word_1_810' title='bbox 1885 3906 1938 3950; x_wconf 90' lang='lat' dir='ltr'><strong>et</strong></span> <span class='ocrx_word' id='word_1_811' title='bbox 1990 3897 2175 3951; x_wconf 88' lang='lat' dir='ltr'><strong>eadem</strong></span> <span class='ocrx_word' id='word_1_812' title='bbox 2236 3907 2436 3950; x_wconf 80' lang='lat' dir='ltr'><strong>Sancta:</strong></span> <span class='ocrx_word' id='word_1_813' title='bbox 2487 3895 2775 3951; x_wconf 77' lang='lat' dir='ltr'><strong>Trinitatis</strong></span> <span class='ocrx_word' id='word_1_814' title='bbox 2826 3899 3074 3954; x_wconf 87' lang='lat' dir='ltr'><strong>voluntas</strong></span> <span class='ocrx_word' id='word_1_815' title='bbox 3119 3901 3211 3962; x_wconf 87' lang='lat' dir='ltr'><strong>sit,</strong></span> <span class='ocrx_word' id='word_1_816' title='bbox 3251 3912 3307 3954; x_wconf 84' lang='lat' dir='ltr'><strong>et</strong></span> 
     </span>
    </p>
   </div>
   <div class='ocr_carea' id='block_1_105' title="bbox 1733 3987 3304 4062">
    <p class='ocr_par' dir='ltr' id='par_1_105' title="bbox 1733 3987 3304 4062">
     <span class='ocr_line' id='line_1_105' title="bbox 1733 3987 3304 4062; baseline 0.004 -22"><span class='ocrx_word' id='word_1_817' title='bbox 1733 3988 1876 4054; x_wconf 80' lang='lat' dir='ltr'><strong>quod</strong></span> <span class='ocrx_word' id='word_1_818' title='bbox 1901 3988 2084 4040; x_wconf 79' lang='lat' dir='ltr'><strong>omnia</strong></span> <span class='ocrx_word' id='word_1_819' title='bbox 2121 3989 2186 4040; x_wconf 88' lang='lat' dir='ltr'><strong>ad</strong></span> <span class='ocrx_word' id='word_1_820' title='bbox 2217 3987 2434 4041; x_wconf 83' lang='lat' dir='ltr'><strong>Patrem</strong></span> <span class='ocrx_word' id='word_1_821' title='bbox 2472 3987 2795 4041; x_wconf 78' lang='lat' dir='ltr'><strong>referantur.</strong></span> <span class='ocrx_word' id='word_1_822' title='bbox 2829 3989 2982 4044; x_wconf 90' lang='lat' dir='ltr'><strong>Sicut</strong></span> <span class='ocrx_word' id='word_1_823' title='bbox 3008 4007 3137 4062; x_wconf 75' lang='lat' dir='ltr'><strong>ergo</strong></span> <span class='ocrx_word' id='word_1_824' title='bbox 3162 3991 3304 4046; x_wconf 85' lang='lat' dir='ltr'><strong>nulla</strong></span> 
     </span>
    </p>
   </div>
   <div class='ocr_carea' id='block_1_106' title="bbox 1733 4077 3308 4153">
    <p class='ocr_par' dir='ltr' id='par_1_106' title="bbox 1733 4077 3308 4153">
     <span class='ocr_line' id='line_1_106' title="bbox 1733 4077 3308 4153; baseline 0.004 -20"><span class='ocrx_word' id='word_1_825' title='bbox 1733 4079 1951 4133; x_wconf 86' lang='lat' dir='ltr'><strong>deitatis</strong></span> <span class='ocrx_word' id='word_1_826' title='bbox 2005 4080 2292 4134; x_wconf 86' lang='lat' dir='ltr'><strong>diversitas</strong></span> <span class='ocrx_word' id='word_1_827' title='bbox 2349 4081 2401 4134; x_wconf 91' lang='lat' dir='ltr'><strong>in</strong></span> <span class='ocrx_word' id='word_1_828' title='bbox 2458 4077 2596 4135; x_wconf 87' lang='lat' dir='ltr'><strong>Filio</strong></span> <span class='ocrx_word' id='word_1_829' title='bbox 2642 4079 2959 4151; x_wconf 83' lang='lat' dir='ltr'><strong>intelligitur</strong></span> <span class='ocrx_word' id='word_1_830' title='bbox 3011 4082 3158 4153; x_wconf 90' lang='lat' dir='ltr'><strong>(nam</strong></span> <span class='ocrx_word' id='word_1_831' title='bbox 3207 4099 3308 4139; x_wconf 89' lang='lat' dir='ltr'><strong>nec</strong></span> 
     </span>
    </p>
   </div>
   <div class='ocr_carea' id='block_1_107' title="bbox 1734 4171 3305 4243">
    <p class='ocr_par' dir='ltr' id='par_1_107' title="bbox 1734 4171 3305 4243">
     <span class='ocr_line' id='line_1_107' title="bbox 1734 4171 3305 4243; baseline 0.005 -21"><span class='ocrx_word' id='word_1_832' title='bbox 1734 4171 2007 4225; x_wconf 84' lang='lat' dir='ltr'><strong>ministrat</strong></span> <span class='ocrx_word' id='word_1_833' title='bbox 2043 4173 2195 4240; x_wconf 85' lang='lat' dir='ltr'><strong>quasi</strong></span> <span class='ocrx_word' id='word_1_834' title='bbox 2248 4180 2439 4224; x_wconf 87' lang='lat' dir='ltr'><strong>natura</strong></span> <span class='ocrx_word' id='word_1_835' title='bbox 2491 4171 2704 4226; x_wconf 84' lang='lat' dir='ltr'><strong>alienus</strong></span> <span class='ocrx_word' id='word_1_836' title='bbox 2755 4173 2951 4238; x_wconf 90' lang='lat' dir='ltr'><strong>alieno,</strong></span> <span class='ocrx_word' id='word_1_837' title='bbox 3007 4183 3101 4228; x_wconf 85' lang='lat' dir='ltr'><strong>aut</strong></span> <span class='ocrx_word' id='word_1_838' title='bbox 3153 4175 3305 4243; x_wconf 79' lang='lat' dir='ltr'><strong>quasi</strong></span> 
     </span>
    </p>
   </div>
   <div class='ocr_carea' id='block_1_108' title="bbox 1734 4264 3304 4334">
    <p class='ocr_par' dir='ltr' id='par_1_108' title="bbox 1734 4264 3304 4334">
     <span class='ocr_line' id='line_1_108' title="bbox 1734 4264 3304 4334; baseline 0.002 -17"><span class='ocrx_word' id='word_1_839' title='bbox 1734 4266 1942 4318; x_wconf 89' lang='lat' dir='ltr'><strong>minore</strong></span> <span class='ocrx_word' id='word_1_840' title='bbox 1991 4264 2229 4334; x_wconf 88' lang='lat' dir='ltr'><strong>potentia</strong></span> <span class='ocrx_word' id='word_1_841' title='bbox 2278 4265 2556 4334; x_wconf 67' lang='lat' dir='ltr'><strong>praeditus,</strong></span> <span class='ocrx_word' id='word_1_842' title='bbox 2614 4267 2708 4320; x_wconf 89' lang='lat' dir='ltr'><strong>sed</strong></span> <span class='ocrx_word' id='word_1_843' title='bbox 2758 4274 2814 4320; x_wconf 86' lang='lat' dir='ltr'><strong>ut</strong></span> <span class='ocrx_word' id='word_1_844' title='bbox 2856 4265 3023 4322; x_wconf 91' lang='lat' dir='ltr'><strong>Filius</strong></span> <span class='ocrx_word' id='word_1_845' title='bbox 3071 4265 3304 4323; x_wconf 83' lang='lat' dir='ltr'><strong>Verbum</strong></span> 
     </span>
    </p>
   </div>
   <div class='ocr_carea' id='block_1_109' title="bbox 1735 4356 3303 4429">
    <p class='ocr_par' dir='ltr' id='par_1_109' title="bbox 1735 4356 3303 4429">
     <span class='ocr_line' id='line_1_109' title="bbox 1735 4356 3303 4429; baseline 0.003 -20"><span class='ocrx_word' id='word_1_846' title='bbox 1735 4357 1970 4426; x_wconf 84' lang='lat' dir='ltr'><strong>genuino</strong></span> <span class='ocrx_word' id='word_1_847' title='bbox 2020 4356 2167 4411; x_wconf 84' lang='lat' dir='ltr'><strong>Patri</strong></span> <span class='ocrx_word' id='word_1_848' title='bbox 2207 4376 2219 4411; x_wconf 89' lang='lat'><strong>:</strong></span> <span class='ocrx_word' id='word_1_849' title='bbox 2257 4373 2433 4428; x_wconf 87' lang='lat' dir='ltr'><strong>neque</strong></span> <span class='ocrx_word' id='word_1_850' title='bbox 2483 4358 2798 4412; x_wconf 88' lang='lat' dir='ltr'><strong>mandatum</strong></span> <span class='ocrx_word' id='word_1_851' title='bbox 2856 4360 3083 4428; x_wconf 86' lang='lat' dir='ltr'><strong>accipit.</strong></span> <span class='ocrx_word' id='word_1_852' title='bbox 3151 4361 3303 4429; x_wconf 87' lang='lat' dir='ltr'><strong>quasi</strong></span> 
     </span>
    </p>
   </div>
   <div class='ocr_carea' id='block_1_110' title="bbox 1665 4447 3303 4518">
    <p class='ocr_par' dir='ltr' id='par_1_110' title="bbox 1665 4447 3303 4518">
     <span class='ocr_line' id='line_1_110' title="bbox 1665 4447 3303 4518; baseline 0.004 -19"><span class='ocrx_word' id='word_1_853' title='bbox 1665 4451 1710 4507; x_wconf 88' lang='lat' dir='ltr'><strong>D</strong></span> <span class='ocrx_word' id='word_1_854' title='bbox 1739 4448 1996 4516; x_wconf 80' lang='lat' dir='ltr'><strong>ignorans</strong></span> <span class='ocrx_word' id='word_1_855' title='bbox 2021 4448 2150 4516; x_wconf 90' lang='lat' dir='ltr'><strong>quid</strong></span> <span class='ocrx_word' id='word_1_856' title='bbox 2186 4447 2364 4503; x_wconf 81' lang='lat' dir='ltr'><strong>facere</strong></span> <span class='ocrx_word' id='word_1_857' title='bbox 2390 4459 2658 4518; x_wconf 87' lang='lat' dir='ltr'><strong>oporteat,</strong></span> <span class='ocrx_word' id='word_1_858' title='bbox 2697 4461 2750 4503; x_wconf 91' lang='lat' dir='ltr'><strong>et</strong></span> <span class='ocrx_word' id='word_1_859' title='bbox 2783 4450 2908 4518; x_wconf 92' lang='lat' dir='ltr'><strong>quid</strong></span> <span class='ocrx_word' id='word_1_860' title='bbox 2940 4450 3100 4506; x_wconf 83' lang='lat' dir='ltr'><strong>Pater</strong></span> <span class='ocrx_word' id='word_1_861' title='bbox 3136 4452 3303 4513; x_wconf 88' lang='lat' dir='ltr'><strong>velit;</strong></span> 
     </span>
    </p>
   </div>
   <div class='ocr_carea' id='block_1_111' title="bbox 1731 4539 3307 4612">
    <p class='ocr_par' dir='ltr' id='par_1_111' title="bbox 1731 4539 3307 4612">
     <span class='ocr_line' id='line_1_111' title="bbox 1731 4539 3307 4612; baseline 0.002 -17"><span class='ocrx_word' id='word_1_862' title='bbox 1731 4539 1828 4595; x_wconf 87' lang='lat' dir='ltr'><strong>sed</strong></span> <span class='ocrx_word' id='word_1_863' title='bbox 1871 4556 1937 4596; x_wconf 91' lang='lat' dir='ltr'><strong>eo</strong></span> <span class='ocrx_word' id='word_1_864' title='bbox 1966 4542 2147 4606; x_wconf 88' lang='lat' dir='ltr'><strong>modo,</strong></span> <span class='ocrx_word' id='word_1_865' title='bbox 2182 4543 2273 4611; x_wconf 88' lang='lat' dir='ltr'><strong>qui</strong></span> <span class='ocrx_word' id='word_1_866' title='bbox 2317 4552 2478 4596; x_wconf 83' lang='lat' dir='ltr'><strong>antea</strong></span> <span class='ocrx_word' id='word_1_867' title='bbox 2528 4541 2705 4596; x_wconf 89' lang='lat' dir='ltr'><strong>dictus</strong></span> <span class='ocrx_word' id='word_1_868' title='bbox 2744 4547 2849 4612; x_wconf 87' lang='lat' dir='ltr'><strong>est)</strong></span> <span class='ocrx_word' id='word_1_869' title='bbox 2879 4561 2892 4596; x_wconf 91' lang='lat'><strong>:</strong></span> <span class='ocrx_word' id='word_1_870' title='bbox 2920 4543 3000 4598; x_wconf 89' lang='lat' dir='ltr'><strong>sic</strong></span> <span class='ocrx_word' id='word_1_871' title='bbox 3040 4545 3200 4598; x_wconf 89' lang='lat' dir='ltr'><strong>etiam</strong></span> <span class='ocrx_word' id='word_1_872' title='bbox 3239 4548 3307 4598; x_wconf 87' lang='lat' dir='ltr'><strong>de</strong></span> 
     </span>
    </p>
   </div>
   <div class='ocr_carea' id='block_1_112' title="bbox 1721 4717 3302 4790">
    <p class='ocr_par' dir='ltr' id='par_1_112' title="bbox 1721 4717 3302 4790">
     <span class='ocr_line' id='line_1_112' title="bbox 1721 4717 3302 4790; baseline 0.003 -20"><span class='ocrx_word' id='word_1_873' title='bbox 1721 4717 1964 4790; x_wconf 80' lang='lat' dir='ltr'><strong>attulerit</strong></span> <span class='ocrx_word' id='word_1_874' title='bbox 2023 4719 2086 4773; x_wconf 83' lang='lat' dir='ltr'><strong>ad</strong></span> <span class='ocrx_word' id='word_1_875' title='bbox 2140 4718 2420 4774; x_wconf 82' lang='lat' dir='ltr'><strong>Chariten.</strong></span> <span class='ocrx_word' id='word_1_876' title='bbox 2480 4720 2804 4790; x_wconf 12' lang='lat' dir='ltr'><strong>pag.7556:</strong></span> <span class='ocrx_word' id='word_1_877' title='bbox 2845 4719 3092 4775; x_wconf 86' lang='lat' dir='ltr'><strong>dubitare</strong></span> <span class='ocrx_word' id='word_1_878' title='bbox 3157 4721 3302 4775; x_wconf 88' lang='lat' dir='ltr'><strong>enim</strong></span> 
     </span>
    </p>
   </div>
   <div class='ocr_carea' id='block_1_113' title="bbox 1722 4787 3304 4856">
    <p class='ocr_par' dir='ltr' id='par_1_113' title="bbox 1722 4787 3304 4856">
     <span class='ocr_line' id='line_1_113' title="bbox 1722 4787 3304 4856; baseline 0.001 -17"><span class='ocrx_word' id='word_1_879' title='bbox 1722 4789 1899 4842; x_wconf 86' lang='lat' dir='ltr'><strong>adhuc</strong></span> <span class='ocrx_word' id='word_1_880' title='bbox 1926 4787 2070 4850; x_wconf 87' lang='lat' dir='ltr'><strong>licet,</strong></span> <span class='ocrx_word' id='word_1_881' title='bbox 2103 4798 2279 4842; x_wconf 90' lang='lat' dir='ltr'><strong>utrum</strong></span> <span class='ocrx_word' id='word_1_882' title='bbox 2316 4805 2378 4844; x_wconf 88' lang='lat' dir='ltr'><strong>ea</strong></span> <span class='ocrx_word' id='word_1_883' title='bbox 2406 4787 2720 4843; x_wconf 67' lang='lat' dir='ltr'><strong>auctoribus</strong></span> <span class='ocrx_word' id='word_1_884' title='bbox 2752 4791 2901 4856; x_wconf 86' lang='lat' dir='ltr'><strong>ipsis,</strong></span> <span class='ocrx_word' id='word_1_885' title='bbox 2951 4806 3017 4843; x_wconf 87' lang='lat' dir='ltr'><strong>an</strong></span> <span class='ocrx_word' id='word_1_886' title='bbox 3067 4791 3304 4844; x_wconf 59' lang='lat' dir='ltr'><strong>librarii.-</strong></span> 
     </span>
    </p>
   </div>
   <div class='ocr_carea' id='block_1_114' title="bbox 1722 4859 3307 4927">
    <p class='ocr_par' dir='ltr' id='par_1_114' title="bbox 1722 4859 3307 4927">
     <span class='ocr_line' id='line_1_114' title="bbox 1722 4859 3307 4927; baseline 0.001 -17"><span class='ocrx_word' id='word_1_887' title='bbox 1722 4871 1877 4911; x_wconf 90' lang='lat' dir='ltr'><strong>usum</strong></span> <span class='ocrx_word' id='word_1_888' title='bbox 1926 4859 2008 4912; x_wconf 89' lang='lat' dir='ltr'><strong>sui</strong></span> <span class='ocrx_word' id='word_1_889' title='bbox 2047 4859 2304 4925; x_wconf 88' lang='lat' dir='ltr'><strong>temporis</strong></span> <span class='ocrx_word' id='word_1_890' title='bbox 2341 4859 2543 4913; x_wconf 83' lang='lat' dir='ltr'><strong>secutis</strong></span> <span class='ocrx_word' id='word_1_891' title='bbox 2580 4859 2863 4913; x_wconf 85' lang='lat' dir='ltr'><strong>tribuenda</strong></span> <span class='ocrx_word' id='word_1_892' title='bbox 2901 4860 2991 4913; x_wconf 84' lang='lat' dir='ltr'><strong>sit.</strong></span> <span class='ocrx_word' id='word_1_893' title='bbox 3042 4859 3307 4927; x_wconf 77' lang='lat' dir='ltr'><strong>Didymus</strong></span> 
     </span>
    </p>
   </div>
   <div class='ocr_carea' id='block_1_115' title="bbox 1721 4927 3303 4998">
    <p class='ocr_par' dir='ltr' id='par_1_115' title="bbox 1721 4927 3303 4998">
     <span class='ocr_line' id='line_1_115' title="bbox 1721 4927 3303 4998; baseline 0.001 -18"><span class='ocrx_word' id='word_1_894' title='bbox 1721 4939 1895 4998; x_wconf 72' lang='lat' dir='ltr'><strong>segni.</strong></span> <span class='ocrx_word' id='word_1_895' title='bbox 1921 4927 2025 4981; x_wconf 69' lang='grc'><strong>145</strong></span> <span class='ocrx_word' id='word_1_896' title='bbox 2052 4930 2102 4992; x_wconf 86' lang='lat' dir='ltr'><strong>b,</strong></span> <span class='ocrx_word' id='word_1_897' title='bbox 2138 4928 2272 4982; x_wconf 82' lang='lat' dir='ltr'><strong>dixit</strong></span> <span class='ocrx_word' id='word_1_898' title='bbox 2299 4927 2561 4992; x_wconf 83' lang='grc' dir='ltr'>ἀνείλετο,</span> <span class='ocrx_word' id='word_1_899' title='bbox 2594 4937 2650 4983; x_wconf 87' lang='lat' dir='ltr'><strong>et</strong></span> <span class='ocrx_word' id='word_1_900' title='bbox 2693 4943 2861 4998; x_wconf 77' lang='lat' dir='ltr'><strong>segni.</strong></span> <span class='ocrx_word' id='word_1_901' title='bbox 2887 4929 2991 4982; x_wconf 79' lang='grc'><strong>195</strong></span> <span class='ocrx_word' id='word_1_902' title='bbox 3023 4948 3078 4998; x_wconf 87' lang='lat' dir='ltr'><strong>a,</strong></span> <span class='ocrx_word' id='word_1_903' title='bbox 3112 4930 3303 4992; x_wconf 78' lang='grc' dir='ltr'>εἵλετο.</span> 
     </span>
    </p>
   </div>
   <div class='ocr_carea' id='block_1_116' title="bbox 1724 4996 3344 5064">
    <p class='ocr_par' dir='ltr' id='par_1_116' title="bbox 1724 4996 3344 5064">
     <span class='ocr_line' id='line_1_116' title="bbox 1724 4996 3344 5064; baseline 0.004 -17"><span class='ocrx_word' id='word_1_904' title='bbox 1724 4997 1830 5049; x_wconf 77' lang='lat' dir='ltr'><strong>Sed</strong></span> <span class='ocrx_word' id='word_1_905' title='bbox 1883 4996 1936 5049; x_wconf 90' lang='lat' dir='ltr'><strong>in</strong></span> <span class='ocrx_word' id='word_1_906' title='bbox 1983 5008 2272 5051; x_wconf 79' lang='lat' dir='ltr'><strong>comment.</strong></span> <span class='ocrx_word' id='word_1_907' title='bbox 2312 5001 2366 5051; x_wconf 84' lang='lat' dir='ltr'><strong>in</strong></span> <span class='ocrx_word' id='word_1_908' title='bbox 2405 5000 2522 5052; x_wconf 81' lang='lat' dir='ltr'><strong>Act.</strong></span> <span class='ocrx_word' id='word_1_909' title='bbox 2577 4996 2850 5064; x_wconf 48' lang='lat' dir='ltr'><strong>apostfw.</strong></span> <span class='ocrx_word' id='word_1_910' title='bbox 2892 4999 2960 5052; x_wconf 71' lang='grc' dir='ltr'><strong>«ίἒὶ</strong></span> <span class='ocrx_word' id='word_1_911' title='bbox 3015 4996 3176 5063; x_wconf 81' lang='lat' dir='ltr'><strong>(tom.</strong></span> <span class='ocrx_word' id='word_1_912' title='bbox 3241 4996 3344 5060; x_wconf 61' lang='lat' dir='ltr'><strong>IV’;</strong></span> 
     </span>
    </p>
   </div>
   <div class='ocr_carea' id='block_1_117' title="bbox 1730 5065 3345 5137">
    <p class='ocr_par' dir='ltr' id='par_1_117' title="bbox 1730 5065 3345 5137">
     <span class='ocr_line' id='line_1_117' title="bbox 1730 5065 3345 5137; baseline 0.004 -20"><span class='ocrx_word' id='word_1_913' title='bbox 1730 5065 1925 5137; x_wconf 74' lang='lat' dir='ltr'><strong>Anecd.</strong></span> <span class='ocrx_word' id='word_1_914' title='bbox 1964 5065 2128 5137; x_wconf 65' lang='lat' dir='ltr'><strong>Wolf.</strong></span> <span class='ocrx_word' id='word_1_915' title='bbox 2160 5081 2274 5136; x_wconf 78' lang='lat' dir='ltr'><strong>pag.</strong></span> <span class='ocrx_word' id='word_1_916' title='bbox 2303 5068 2413 5136; x_wconf 74' lang='grc'><strong>27)</strong></span> <span class='ocrx_word' id='word_1_917' title='bbox 2444 5069 2576 5121; x_wconf 82' lang='lat' dir='ltr'><strong>dixit</strong></span> <span class='ocrx_word' id='word_1_918' title='bbox 2627 5067 2907 5137; x_wconf 81' lang='grc' dir='ltr'>είλάμεθα,</span> <span class='ocrx_word' id='word_1_919' title='bbox 2952 5069 3184 5123; x_wconf 78' lang='grc' dir='ltr'>εἵλαντο.</span> <span class='ocrx_word' id='word_1_920' title='bbox 3339 5077 3345 5088; x_wconf 89' lang='grc'><em>’</em></span> 
     </span>
    </p>
   </div>
   <div class='ocr_carea' id='block_1_118' title="bbox 1803 5135 2572 5206">
    <p class='ocr_par' dir='ltr' id='par_1_118' title="bbox 1803 5135 2572 5206">
     <span class='ocr_line' id='line_1_118' title="bbox 1803 5135 2572 5206; baseline 0.007 -20"><span class='ocrx_word' id='word_1_921' title='bbox 1803 5135 1915 5206; x_wconf 81' lang='grc'>(76)</span> <span class='ocrx_word' id='word_1_922' title='bbox 1967 5135 2181 5206; x_wconf 79' lang='lat' dir='ltr'><strong>Scribit.</strong></span> <span class='ocrx_word' id='word_1_923' title='bbox 2212 5135 2366 5191; x_wconf 73' lang='lat' dir='ltr'><strong>lium.</strong></span> <span class='ocrx_word' id='word_1_924' title='bbox 2394 5135 2490 5202; x_wconf 3' lang='lat' dir='ltr'><strong>lxv,</strong></span> <span class='ocrx_word' id='word_1_925' title='bbox 2520 5139 2572 5192; x_wconf 89' lang='lat'><strong>8.</strong></span> 
     </span>
    </p>
   </div>
   <div class='ocr_carea' id='block_1_119' title="bbox 1802 5205 3301 5275">
    <p class='ocr_par' dir='ltr' id='par_1_119' title="bbox 1802 5205 3301 5275">
     <span class='ocr_line' id='line_1_119' title="bbox 1802 5205 3301 5275; baseline 0.004 -17"><span class='ocrx_word' id='word_1_926' title='bbox 1802 5205 1912 5275; x_wconf 81' lang='grc'>(77)</span> <span class='ocrx_word' id='word_1_927' title='bbox 1956 5205 2284 5259; x_wconf 78' lang='lat' dir='ltr'><strong>Mandatum.</strong></span> <span class='ocrx_word' id='word_1_928' title='bbox 2312 5207 2465 5261; x_wconf 72' lang='lat' dir='ltr'><strong>Joau.</strong></span> <span class='ocrx_word' id='word_1_929' title='bbox 2498 5224 2599 5265; x_wconf 83' lang='lat' dir='ltr'><strong>xu.</strong></span> <span class='ocrx_word' id='word_1_930' title='bbox 2628 5209 2718 5268; x_wconf 67' lang='lat'><strong>49,</strong></span> <span class='ocrx_word' id='word_1_931' title='bbox 2746 5209 2832 5263; x_wconf 87' lang='lat' dir='ltr'><strong>ubi</strong></span> <span class='ocrx_word' id='word_1_932' title='bbox 2871 5209 3036 5263; x_wconf 77' lang='lat' dir='ltr'><strong>Biblia</strong></span> <span class='ocrx_word' id='word_1_933' title='bbox 3067 5211 3301 5264; x_wconf 78' lang='lat' dir='ltr'><strong>habent:</strong></span> 
     </span>
    </p>
   </div>
   <div class='ocr_carea' id='block_1_120' title="bbox 1729 5275 3303 5348">
    <p class='ocr_par' dir='ltr' id='par_1_120' title="bbox 1729 5275 3303 5348">
     <span class='ocr_line' id='line_1_120' title="bbox 1729 5275 3303 5348; baseline 0.004 -21"><span class='ocrx_word' id='word_1_934' title='bbox 1729 5275 1898 5348; x_wconf 76' lang='grc' dir='ltr'>Αὐτός</span> <span class='ocrx_word' id='word_1_935' title='bbox 1932 5292 2018 5345; x_wconf 88' lang='grc' dir='ltr'><strong>μοι</strong></span> <span class='ocrx_word' id='word_1_936' title='bbox 2059 5275 2286 5348; x_wconf 68' lang='grc' dir='ltr'>ἐντολὴν</span> <span class='ocrx_word' id='word_1_937' title='bbox 2322 5277 2508 5338; x_wconf 77' lang='grc' dir='ltr'>ἔδωκε,</span> <span class='ocrx_word' id='word_1_938' title='bbox 2545 5279 2595 5332; x_wconf 90' lang='grc' dir='ltr'><strong>τί</strong></span> <span class='ocrx_word' id='word_1_939' title='bbox 2640 5279 2800 5338; x_wconf 79' lang='grc' dir='ltr'>εἴπω.</span> <span class='ocrx_word' id='word_1_940' title='bbox 2837 5281 2929 5333; x_wconf 68' lang='grc' dir='ltr'><strong>καὶ</strong></span> <span class='ocrx_word' id='word_1_941' title='bbox 2968 5280 3020 5333; x_wconf 87' lang='grc' dir='ltr'><strong>τί</strong></span> <span class='ocrx_word' id='word_1_942' title='bbox 3069 5280 3303 5348; x_wconf 79' lang='grc' dir='ltr'>λαλήσω,</span> 
     </span>
    </p>
   </div>
   <div class='ocr_carea' id='block_1_121' title="bbox 1731 5346 3302 5416">
    <p class='ocr_par' dir='ltr' id='par_1_121' title="bbox 1731 5346 3302 5416">
     <span class='ocr_line' id='line_1_121' title="bbox 1731 5346 3302 5416; baseline 0.003 -18"><span class='ocrx_word' id='word_1_943' title='bbox 1731 5347 1782 5399; x_wconf 89' lang='lat' dir='ltr'><strong>id</strong></span> <span class='ocrx_word' id='word_1_944' title='bbox 1808 5357 1890 5399; x_wconf 90' lang='lat' dir='ltr'><strong>est</strong></span> <span class='ocrx_word' id='word_1_945' title='bbox 1909 5365 1927 5398; x_wconf 86' lang='grc' dir='ltr'><strong>ι</strong></span> <span class='ocrx_word' id='word_1_946' title='bbox 1955 5348 2070 5415; x_wconf 81' lang='lat' dir='ltr'><strong>ipse</strong></span> <span class='ocrx_word' id='word_1_947' title='bbox 2090 5346 2296 5416; x_wconf 83' lang='lat' dir='ltr'><strong>(Pater)</strong></span> <span class='ocrx_word' id='word_1_948' title='bbox 2325 5349 2634 5401; x_wconf 87' lang='lat' dir='ltr'><strong>mandatum</strong></span> <span class='ocrx_word' id='word_1_949' title='bbox 2667 5350 2812 5403; x_wconf 89' lang='lat' dir='ltr'><strong>dedit</strong></span> <span class='ocrx_word' id='word_1_950' title='bbox 2839 5353 2992 5412; x_wconf 84' lang='lat' dir='ltr'><strong>nnhi,</strong></span> <span class='ocrx_word' id='word_1_951' title='bbox 3012 5369 3031 5402; x_wconf 75' lang='grc' dir='ltr'><strong>ι</strong></span> <span class='ocrx_word' id='word_1_952' title='bbox 3050 5363 3156 5405; x_wconf 87' lang='lat' dir='ltr'><strong>ete.</strong></span> <span class='ocrx_word' id='word_1_953' title='bbox 3171 5346 3302 5416; x_wconf 83' lang='lat' dir='ltr'><strong>Cap.</strong></span> 
     </span>
    </p>
   </div>
   <div class='ocr_carea' id='block_1_122' title="bbox 1728 5417 3304 5490">
    <p class='ocr_par' dir='ltr' id='par_1_122' title="bbox 1728 5417 3304 5490">
     <span class='ocr_line' id='line_1_122' title="bbox 1728 5417 3304 5490; baseline 0.001 -21"><span class='ocrx_word' id='word_1_954' title='bbox 1728 5431 1856 5490; x_wconf 61' lang='lat' dir='ltr'><strong>vero</strong></span> <span class='ocrx_word' id='word_1_955' title='bbox 1879 5433 1937 5490; x_wconf 80' lang='lat' dir='ltr'><strong>_x,</strong></span> <span class='ocrx_word' id='word_1_956' title='bbox 1980 5431 2120 5470; x_wconf 86' lang='lat' dir='ltr'><strong>vers.</strong></span> <span class='ocrx_word' id='word_1_957' title='bbox 2155 5417 2244 5490; x_wconf 67' lang='grc' dir='ltr'>ιδ,</span> <span class='ocrx_word' id='word_1_958' title='bbox 2278 5418 2470 5490; x_wconf 81' lang='lat' dir='ltr'><strong>legitur</strong></span> <span class='ocrx_word' id='word_1_959' title='bbox 2499 5437 2511 5471; x_wconf 94' lang='lat'>:</span> <span class='ocrx_word' id='word_1_960' title='bbox 2543 5418 2758 5490; x_wconf 82' lang='grc' dir='ltr'>Ταύτην</span> <span class='ocrx_word' id='word_1_961' title='bbox 2790 5421 2888 5490; x_wconf 82' lang='grc' dir='ltr'>τὴν</span> <span class='ocrx_word' id='word_1_962' title='bbox 2927 5421 3148 5489; x_wconf 82' lang='grc' dir='ltr'>ἐντολὴν</span> <span class='ocrx_word' id='word_1_963' title='bbox 3181 5419 3304 5472; x_wconf 79' lang='grc' dir='ltr'>ἕλα-</span> 
     </span>
    </p>
   </div>
   <div class='ocr_carea' id='block_1_123' title="bbox 1727 5484 3301 5558">
    <p class='ocr_par' dir='ltr' id='par_1_123' title="bbox 1727 5484 3301 5558">
     <span class='ocr_line' id='line_1_123' title="bbox 1727 5484 3301 5558; baseline 0.004 -21"><span class='ocrx_word' id='word_1_964' title='bbox 1727 5484 1843 5550; x_wconf 84' lang='grc' dir='ltr'>6ον,</span> <span class='ocrx_word' id='word_1_965' title='bbox 1879 5487 1928 5558; x_wconf 51' lang='grc' dir='ltr'><strong>ἧς</strong></span> <span class='ocrx_word' id='word_1_966' title='bbox 1965 5495 2094 5558; x_wconf 62' lang='lat' dir='ltr'><strong>est;</strong></span> <span class='ocrx_word' id='word_1_967' title='bbox 2125 5506 2141 5536; x_wconf 91' lang='grc' dir='ltr'><strong>ι</strong></span> <span class='ocrx_word' id='word_1_968' title='bbox 2170 5484 2476 5541; x_wconf 77' lang='lat' dir='ltr'><strong>illaudatum</strong></span> <span class='ocrx_word' id='word_1_969' title='bbox 2521 5491 2619 5542; x_wconf 87' lang='lat' dir='ltr'><strong>hoc</strong></span> <span class='ocrx_word' id='word_1_970' title='bbox 2654 5484 2857 5558; x_wconf 66' lang='lat' dir='ltr'><strong>accepi,</strong></span> <span class='ocrx_word' id='word_1_971' title='bbox 2884 5511 2902 5542; x_wconf 72' lang='grc' dir='ltr'><strong>ι</strong></span> <span class='ocrx_word' id='word_1_972' title='bbox 2955 5503 3060 5546; x_wconf 89' lang='lat' dir='ltr'><strong>etc.</strong></span> <span class='ocrx_word' id='word_1_973' title='bbox 3103 5484 3301 5544; x_wconf 68' lang='lat' dir='ltr'><strong>Vol-em</strong></span> 
     </span>
    </p>
   </div>
   <div class='ocr_carea' id='block_1_124' title="bbox 1727 5547 3304 5630">
    <p class='ocr_par' dir='ltr' id='par_1_124' title="bbox 1727 5547 3304 5630">
     <span class='ocr_line' id='line_1_124' title="bbox 1727 5547 3304 5630; baseline 0.003 -22"><span class='ocrx_word' id='word_1_974' title='bbox 1727 5547 1856 5624; x_wconf 82' lang='lat' dir='ltr'><strong>ergo</strong></span> <span class='ocrx_word' id='word_1_975' title='bbox 1888 5547 2140 5630; x_wconf 27' lang='grc' dir='ltr'>ἔλαϐον-ιι</span> <span class='ocrx_word' id='word_1_976' title='bbox 2196 5559 2433 5610; x_wconf 81' lang='lat' dir='ltr'><strong>secundo</strong></span> <span class='ocrx_word' id='word_1_977' title='bbox 2493 5559 2593 5613; x_wconf 82' lang='lat' dir='ltr'><strong>huc</strong></span> <span class='ocrx_word' id='word_1_978' title='bbox 2640 5559 2756 5615; x_wconf 88' lang='lat' dir='ltr'><strong>loco</strong></span> <span class='ocrx_word' id='word_1_979' title='bbox 2786 5547 2856 5614; x_wconf 48' lang='lat' dir='ltr'><strong>&#39;iu&#39;</strong></span> <span class='ocrx_word' id='word_1_980' title='bbox 2876 5561 3108 5630; x_wconf 88' lang='lat' dir='ltr'><strong>primum</strong></span> <span class='ocrx_word' id='word_1_981' title='bbox 3153 5559 3304 5612; x_wconf 73' lang='lat' dir='ltr'><strong>illum</strong></span> 
     </span>
    </p>
   </div>
   <div class='ocr_carea' id='block_1_125' title="bbox 1733 5626 2310 5696">
    <p class='ocr_par' dir='ltr' id='par_1_125' title="bbox 1733 5626 2310 5696">
     <span class='ocr_line' id='line_1_125' title="bbox 1733 5626 2310 5696; baseline 0.009 -20"><span class='ocrx_word' id='word_1_982' title='bbox 1733 5627 2008 5696; x_wconf 59' lang='lat' dir='ltr'><strong>transtulit</strong></span> <span class='ocrx_word' id='word_1_983' title='bbox 2035 5626 2310 5696; x_wconf 73' lang='lat' dir='ltr'><strong>Didymus.</strong></span> 
     </span>
    </p>
   </div>
   <div class='ocr_carea' id='block_1_126' title="bbox 1801 5693 2765 5763">
    <p class='ocr_par' dir='ltr' id='par_1_126' title="bbox 1801 5693 2765 5763">
     <span class='ocr_line' id='line_1_126' title="bbox 1801 5693 2765 5763; baseline 0.01 -19"><span class='ocrx_word' id='word_1_984' title='bbox 1801 5694 1911 5763; x_wconf 84' lang='lat'><strong>(78)</strong></span> <span class='ocrx_word' id='word_1_985' title='bbox 1957 5693 2311 5752; x_wconf 57' lang='lat' dir='ltr'><strong>Nihil.‘.loan.</strong></span> <span class='ocrx_word' id='word_1_986' title='bbox 2343 5713 2459 5758; x_wconf 77' lang='lat' dir='ltr'><strong>\‘ttl,</strong></span> <span class='ocrx_word' id='word_1_987' title='bbox 2488 5697 2578 5752; x_wconf 73' lang='grc'><strong>28.</strong></span> <span class='ocrx_word' id='word_1_988' title='bbox 2761 5723 2765 5726; x_wconf 95' lang='grc'><strong>·</strong></span> 
     </span>
    </p>
   </div>
   <div class='ocr_carea' id='block_1_127' title="bbox 1801 5695 3025 5837">
    <p class='ocr_par' dir='ltr' id='par_1_127' title="bbox 1801 5695 3025 5837">
     <span class='ocr_line' id='line_1_127' title="bbox 1801 5695 2765 5763; baseline 0.01 -19"><span class='ocrx_word' id='word_1_989' title='bbox 1801 5695 1890 5763; x_wconf 84' lang='grc'>(78</span> <span class='ocrx_word' id='word_1_990' title='bbox 1957 5695 2311 5752; x_wconf 59' lang='lat' dir='ltr'><strong>Nihil.‘.loan.</strong></span> <span class='ocrx_word' id='word_1_991' title='bbox 2343 5713 2459 5758; x_wconf 77' lang='lat' dir='ltr'><strong>\‘ttl,</strong></span> <span class='ocrx_word' id='word_1_992' title='bbox 2488 5697 2578 5752; x_wconf 73' lang='grc'><strong>28.</strong></span> <span class='ocrx_word' id='word_1_993' title='bbox 2761 5723 2765 5726; x_wconf 95' lang='grc'><strong>·</strong></span> 
     </span>
     <span class='ocr_line' id='line_1_128' title="bbox 1801 5695 3025 5837; baseline 0.004 -21"><span class='ocrx_word' id='word_1_994' title='bbox 1801 5695 1912 5837; x_wconf 73' lang='grc'>(79)</span> <span class='ocrx_word' id='word_1_995' title='bbox 1946 5763 2074 5821; x_wconf 72' lang='lat' dir='ltr'><strong>Lex.</strong></span> <span class='ocrx_word' id='word_1_996' title='bbox 2105 5766 2262 5822; x_wconf 81' lang='lat' dir='ltr'><strong>Joau.</strong></span> <span class='ocrx_word' id='word_1_997' title='bbox 2314 5783 2354 5832; x_wconf 88' lang='lat' dir='ltr'><strong>t,</strong></span> <span class='ocrx_word' id='word_1_998' title='bbox 2399 5768 2482 5822; x_wconf 85' lang='lat' dir='ltr'><strong>l7.</strong></span> <span class='ocrx_word' id='word_1_999' title='bbox 2520 5769 2690 5822; x_wconf 83' lang='lat' dir='ltr'><strong>Biblia</strong></span> <span class='ocrx_word' id='word_1_1000' title='bbox 2719 5786 2732 5822; x_wconf 93' lang='lat'>:</span> <span class='ocrx_word' id='word_1_1001' title='bbox 2761 5769 3025 5832; x_wconf 86' lang='grc' dir='ltr'>Μωσέως.</span> 
     </span>
    </p>
   </div>
   <div class='ocr_carea' id='block_1_128' title="bbox 2948 5864 3030 5922">
    <p class='ocr_par' dir='ltr' id='par_1_128' title="bbox 2948 5864 3030 5922">
     <span class='ocr_line' id='line_1_129' title="bbox 2948 5864 3030 5922; baseline 0 -2"><span class='ocrx_word' id='word_1_1002' title='bbox 2948 5864 3030 5922; x_wconf 69' lang='lat'><strong>20</strong></span> 
     </span>
    </p>
   </div>
  </div>
