3732 6308
367 313 475 369 619

1601 318 1829 374 manu
1871 284 2341 374 ALEXANDRIlVi

3531 321 3647 376 620

362 427 565 497 Spiritu
623 435 813 483 sancto
868 428 1057 483 eadem
1106 431 1310 486 sentire
1356 432 1632 489 debemus.
1665 434 1830 505 218

2174 436 2352 499 ιλικοῖς
2383 436 2715 505 ὲκπέφανται
2751 435 3117 506 χαράγμασιν)
3155 436 3308 501 Θείας
3362 434 3648 497 κοινωνὸς

344 519 629 586 ἰιιιοιιιοιιο
662 533 782 589 qua
811 518 904 577 Dei
938 521 1097 577 Verbi
1125 533 1274 589 sunt,
1312 523 1620 580 referuntur
1658 530 1724 581 ad
1763 526 1927 581 Deum

363 609 598 676 Patrem,
642 612 831 668 eodem
875 623 931 668 et
970 629 1075 669 non
1115 616 1222 669 alio
1267 618 1423 670 modo
1462 618 1527 671 ad
1570 618 1745 687 ipsum
1789 619 1929 675 refe-

344 681 557 781 jtttutur
586 719 708 773 qua:
751 715 876 759 sunt
907 705 1146 776 Spiritus
1175 708 1369 762 sancti.
1416 707 1487 762 Ea
1524 681 1692 779 igitur
1725 712 1927 776 omnia,

357 793 429 849 ob
457 810 579 864 quae
608 811 729 852 sese
771 798 1032 852 audacter
1059 799 1353 853 extulerint
1388 801 1647 865 haeretici,
1693 803 1927 871 ipsorum

362 886 770 942 accusationem
802 887 859 942 In
907 887 1161 957 ipsosmet
1205 905 1312 943 non
1361 888 1553 959 injuria
1602 894 1927 963 retorqueri,

364 990 433 1033 ac
462 992 557 1033 eos
593 980 917 1050 arrogantiae
961 995 1083 1037 reos
1111 996 1250 1045 esse,
1286 990 1339 1036 et
1385 998 1668 1053 perperam
1704 985 1927 1050 sentire,

362 1070 757 1126 demonstrant.
814 1071 922 1127 Sed
958 1072 1046 1128 hic
1075 1088 1178 1127 non
1227 1076 1369 1129 sistit
1406 1076 1616 1130 illorum
1659 1077 1842 1147 impia.
1874 1087 1929 1132 et

361 1162 618 1218 imlecens
671 1164 960 1219 calumnia.
1022 1164 1422 1221 lmmaculatam
1496 1168 1638 1222 enim
1695 1168 1928 1236 Spiritus

361 1255 534 1310 sancti
568 1256 792 1325 gloriam
829 1256 881 1311 in
927 1256 1043 1326 ejus
1082 1257 1363 1311 divinitate
1403 1258 1583 1323 sitam,
1608 1260 1762 1328 quasi
1808 1259 1927 1313 nni-

274 1352 278 1361 ‘
363 1346 472 1401 lum
516 1346 631 1415 (80)
663 1348 731 1403 ab
776 1362 843 1403 eo
881 1349 1200 1404 beneﬁcium
1258 1352 1588 1418 acceperint,
1645 1352 1926 1420 inquinare

359 1434 645 1503 c'onantes,
685 1456 747 1495 ac
776 1441 933 1496 simul
963 1458 1061 1497 nos
1105 1443 1273 1511 culpa:
1310 1458 1430 1498 reos
1462 1443 1666 1507 facere,
1705 1445 1790 1498 isti
1824 1444 1925 1513 ipsi

360 1531 686 1601 quibusdam
735 1533 1043 1587 hominibus
1094 1543 1145 1587 ul
1196 1535 1467 1604 magistris
1514 1543 1745 1601 utentes,
1784 1535 1926 1590 hanc

362 1625 527 1681 etiam
564 1627 862 1680 doctrinam
909 1626 1066 1695 plane
1110 1640 1299 1679 novam
1329 1625 1523 1681 afferre
1552 1627 1664 1695 (81)
1699 1643 1802 1682 non
1838 1642 1926 1682 ve-

361 1727 574 1778 rentur.
608 1726 663 1772 et
697 1717 848 1773 hisce
890 1717 1073 1773 verbis
1108 1732 1398 1787 exponere.
1440 1717 1706 1771 Nimirum
1756 1716 1927 1786 Spiri-

2036 527 2266 595 φύσεως.
2299 529 2407 580 Καὶ
2438 528 2796 599 παραπλήσιά
2824 530 2937 580 ἐστι
2963 528 3135 581 ταῦτα
3170 528 3270 599 τῷ,
3310 548 3329 578 r
3367 527 3647 596 Ποιήσω-

2039 637 2135 689 μεν
2156 619 2438 690 ἄνθρωπον
2470 623 2591 672 κατ’
2621 620 2800 672 εἰκόνα
2822 621 2915 672 καὶ
2945 620 3201 689 ὁμοίωσιν
3241 620 3541 690 ἡμετέραν
3560 636 3578 648 ·
3623 638 3642 667 ι

2036 710 2130 763 καὶ
2161 710 2258 780 τῷ,
2297 730 2316 760 r
2357 711 2473 763 Ἵνα
2518 712 2747 782 γένησθε
2791 714 2909 765 κατ’
2947 712 3129 765 εἰκόνα
3172 711 3269 764 τοῦ
3332 712 3648 772 κτίσαντος

2034 802 2201 870 ἡμᾶς.
2242 820 2259 849 ι
2291 802 2399 854 Καὶ
2427 803 2502 865 ὡς
2532 805 2592 855 ού
2631 804 2951 856 καθέλκεται
2981 807 3007 856 ὀ
3034 803 3255 871 ὕψιστος
3286 794 3512 873 Πατὴρ,
3545 805 3647 855 καὶ

2034 892 2062 944 ὁ
2086 892 2210 954 Υἱὸς
2232 892 2417 953 αὐτοῦ,
2443 894 2505 945 ὲκ
2534 893 2697 946 τῶνδε
2721 894 2829 947 τῶν
2854 894 3022 961 ἁγίων
3050 896 3144 946 καὶ
3175 894 3316 965 ὑπὲρ
3339 897 3496 964 tui;
3524 911 3648 959 (ξω-

2035 982 2138 1033 νῶν
2162 984 2241 1046 εἰς
2258 984 2599 1055 ἀνθρωπείαν
2617 984 2775 1053 φύσιν
2803 1002 2816 1014 °
2838 984 2963 1056 [100
2982 984 3030 1056 lt]
3052 983 3223 1048 οὕτως
3244 986 3367 1037 οὐδὲ
3384 985 3447 1037 τὸ
3472 985 3647 1052 ἅγιον

2035 1075 2276 1143 Πνεῦμα,
2308 1078 2370 1128 ὲκ
2404 1077 2509 1128 τῶν
2553 1077 2955 1148 προλεχθέντων
2985 1078 3185 1150 ῥητῶν.
3218 1080 3314 1132 καὶ
3353 1079 3466 1129 τῶν
3504 1076 3648 1146 περὶ

2034 1166 2178 1235 ἡμᾶς
2216 1166 2378 1219 αὑτοῦ
2427 1167 3019 1239 φιλανθρωπευμὰτων.
3055 1172 3285 1223 Ἔπειτα
3335 1169 3496 1221 δοκεῖ
3541 1166 3643 1220 es.

2033 1258 2162 1321 τοῖς,
2213 1257 2273 1309 τό
2318 1275 2380 1325 γε
2432 1259 2511 1311 ἔτι
2559 1262 2759 1330 χεῖρον,
2804 1261 2941 1331 μήτε
2992 1260 3123 1313 Θεὸν
3175 1257 3313 1314 εἶναι
3359 1260 3423 1312 τὸ
3470 1260 3645 1328 ἅγιον

2033 1349 2280 1420 Πνεῦμα,
2313 1354 2447 1421 μήτε
2501 1351 2559 1403 ἓν
2613 1368 2665 1404 τι
2700 1351 2807 1404 τῶν
2853 1351 3073 1405 λοιπῶν.
3114 1352 3515 1404 ’Υπολείπεται
3577 1350 3643 1400 τὸ

2032 1441 2375 1514 ἀνύπαρκτον
2400 1443 2530 1495 αὐτὸ
2552 1445 2710 1496 νοεῖν.
2741 1443 2849 1496 Καὶ
2882 1443 3055 1506 ἄλλως
3078 1460 3090 1473 ο
3120 1444 3181 1496 Εἰ
3224 1445 3295 1513 μὴ
3334 1443 3512 1501 ἔστιν,
3559 1442 3641 1504 ὡς

2033 1534 2317 1602 φάσκουσι,
2357 1534 2507 1597 Θεὸς,
2536 1533 2611 1604 τῷ
2655 1534 2815 1605 κοινῷ
2842 1534 2983 1604 λόγῳ
3014 1536 3120 1587 τῶν
3161 1536 3485 1604 κτισμάτων
3528 1534 3637 1586 ύπ-

2032 1625 2240 1692 ἀγεται.
2270 1626 2432 1678 Οὐδὲν
2457 1625 2512 1678 δὲ
2544 1624 2777 1678 τοιοῦτον
2800 1628 3092 1697 τεκμήριον
3115 1626 3172 1677 ἐν
3196 1626 3444 1697 Γραεραίς
3470 1625 3636 1696 £695-

2034 1734 2240 1780 σκεται,
2293 1718 2413 1769 οὐδὲ
2461 1716 2632 1787 μέσης
2678 1716 2890 1786 φύσεως
2935 1712 3072 1772 εἶναι
3117 1718 3633 1789 κεχρησμῴδηται·

363 1817 473 1863 tum
501 1818 748 1865 sanctum
785 1824 815 1865 a
846 1810 1020 1871 nobis.
1057 1810 1181 1865 dum
1215 1810 1390 1865 locum
1426 1809 1574 1864 illum
1608 1808 1837 1878 Scriptui

2167 1810 2224 1861 δὲ
2248 1810 2575 1869 τούναντίον,
2600 1810 2681 1862 ὅτι
2707 1809 2933 1880 Πνεῦμα
2969 1810 3061 1863 τοῦ
3097 1811 3252 1873 Θεοῦ,
3290 1812 3390 1863 καὶ
3414 1810 3444 1863 ὃ
3467 1815 3632 1883 παρα

363 1903 454 1957 ubi
495 1903 714 1967 dicitur,
744 1921 765 1956 ι
799 1901 1037 1973 Spiritus
1064 1902 1198 1973 (89.),
1246 1902 1334 1956 ubi
1390 1902 1524 1963 vult.
1578 1902 1771 1970 spirat,
1808 1921 1826 1954 ι
1862 1903 1928 1956 de

361 1994 543 2048 divina
614 1993 874 2065 dignitate
952 1992 1405 2063 interpretamur,
1486 1993 1552 2045 ad
1639 1992 1926 2047 humanam

362 2085 726 2141 conditionem
786 2085 1017 2153 deprimi
1067 2084 1349 2154 inquiunt;
1392 2085 1586 2139 ibidem
1634 2085 1776 2139 enim
1811 2094 1931 2155 post

365 2178 467 2232 alia
495 2178 659 2232 verba
694 2176 906 2233 additur
934 2195 947 2231 :
983 2194 1003 2227 t
1037 2176 1127 2230 Sic
1156 2176 1260 2231 erit
1291 2175 1404 2246 (8'5)
1433 2176 1609 2230 omnis
1650 2175 1740 2245 qui
1772 2186 1930 2230 natus

363 2280 447 2323 εει
477 2284 541 2323 ex
582 2268 807 2338 Spiritu.
842 2285 861 2319 ι
900 2266 1000 2337 Ipsi
1056 2281 1185 2321 vero
1239 2280 1412 2335 neque
1460 2265 1523 2318 ad
1569 2264 1806 2320 divinam
1844 2265 1929 2319 di-

364 2361 646 2431 gnitatem,
676 2360 946 2429 inquiunt,
980 2358 1239 2427 Spiritum
1283 2358 1615 2426 extollimus,
1663 2372 1838 2428 neque
1865 2358 1932 2412 ad

363 2450 694 2520 reliquarum
720 2458 1093 2504 creaturarum
1123 2456 1369 2502 naturam
1395 2461 1515 2501 eum
1538 2445 1927 2516 deprimimus:

363 2556 489 2595 nam
539 2542 776 2597 medium
818 2540 994 2596 locum
1044 2547 1210 2603 tenet,
1259 2553 1381 2593 cum
1434 2552 1608 2608 neque
1649 2536 1791 2593 Deus
1837 2537 1929 2603 sit,

363 2644 540 2701 neque
567 2646 730 2685 unum
764 2630 977 2700 aliquod
1002 2644 1069 2684 ει
1094 2629 1338 2697 reliquis.
1372 2628 1505 2695 Quis
1533 2637 1712 2681 autem
1747 2642 1931 2681 revera

364 2732 565 2775 tantam
590 2722 798 2776 illorum
816 2722 1094 2776 audaciam
1121 2736 1225 2773 non
1246 2720 1685 2773 condemnaverit
1699 2719 1722 2773 ?
1737 2719 1934 2774 Adeste

363 2828 494 2879 ergo
518 2813 644 2874 huc.
683 2821 739 2867 et
764 2813 999 2866 animum
1033 2812 1295 2866 attendite
1330 2830 1345 2865 :
1379 2826 1501 2864 nam
1533 2812 1721 2878 paucis
1754 2813 1935 2867 verbis

367 2905 580 2973 loquar.
616 2902 751 2957 Illud
782 2918 910 2957 vero
951 2904 1287 2973 potissimum
1327 2901 1763 2968 animadvertite,
1793 2904 1933 2971 quod

364 3010 470 3051 non
496 2996 632 3050 dixit
675 2993 953 3065 Scriptura
988 3013 1001 3049 :
1047 3014 1066 3047 t
1095 2995 1185 3049 Sic
1214 3007 1297 3049 est
1330 2996 1513 3058 homo,
1558 2997 1647 3066 qui
1681 3006 1764 3052 est
1806 2997 1935 3051 sint-

364 3086 578 3154 pliciter
627 3086 822 3147 homo;
854 3106 873 3139 ι
914 3087 1007 3141 sed
1053 3087 1187 3140 dixit
1220 3105 1235 3140 :
1274 3105 1291 3139 ι
1325 3087 1414 3141 Sic
1460 3088 1565 3141 erit
1608 3088 1805 3154 omnis,
1838 3088 1928 3155 qui

362 3188 523 3243 natus
564 3189 647 3235 est
688 3194 753 3234 ex
802 3178 1049 3247 Spiritu:
1089 3196 1107 3231 ι
1153 3178 1339 3242 idest,
1392 3178 1491 3244 Qui
1528 3178 1718 3248 dignus
1752 3177 1927 3232 factus

359 3278 444 3325 est
489 3280 548 3325 ut
597 3278 1011 3340 regeneraretur
1071 3268 1123 3322 in
1175 3269 1352 3323 divina
1398 3269 1622 3339 piscina,
1674 3277 1727 3323 et
1777 3268 1929 3322 ﬁeret

359 3362 527 3430 (sicut
558 3363 611 3417 in
637 3362 933 3419 Catholicis
955 3359 1089 3432 (84),
1118 3361 1219 3415 hoc
1244 3369 1347 3426 est,
1389 3360 1784 3416 universalibus
1814 3375 1928 3414 ma-

362 3454 666 3509 nifestatum
719 3460 803 3508 est
853 3451 1097 3522 Litteris)
1162 3452 1360 3507 divinat
1412 3466 1638 3507 consors
1698 3461 1924 3505 natura.

359 3546 488 3614 Qum
545 3546 707 3601 verba
761 3545 956 3602 similia
1009 3554 1135 3603 sunt
1186 3545 1334 3601 hisce
1382 3562 1450 3598 ει
1481 3544 1766 3600 Faciamus
1812 3544 1924 3615 (85)

360 3637 633 3693 hominem
684 3638 979 3693 secundum
1038 3637 1348 3708 imaginem,
1408 3646 1463 3693 et
1520 3637 1923 3692 similitudinem

358 3741 635 3798 nostram;
670 3748 690 3785 ι
736 3742 789 3787 ει
835 3731 920 3786 his
966 3730 1127 3787 aliis:
1164 3749 1184 3783 ι
1217 3730 1286 3787 Ut
1325 3729 1444 3786 sitis
1485 3728 1594 3801 (86)
1627 3730 1923 3785 secundum

352 3822 646 3892 imaginem
699 3823 817 3891 ejus
860 3823 951 3892 qui
1003 3822 1211 3878 creavit
1248 3838 1365 3877 nos.
1406 3842 1424 3875 ι
1470 3822 1535 3876 Ει
1578 3821 1926 3890 quemadmo-

350 3913 483 3969 dum
526 3914 834 3970 Altissimus
893 3914 1090 3979 Pater,
1149 3928 1214 3967 ac
1270 3913 1441 3968 Filius
1488 3912 1605 3980 ejus
1662 3927 1757 3980 per
1804 3926 1927 3965 san-

2027 1900 2121 1965 τοῦ
2150 1900 2360 1971 Πατρὸς
2386 1900 2761 1970 ἐκπορεύεται,
2790 1902 2883 1954 καὶ
2909 1901 3130 1973 Πνεῦμα
3166 1904 3323 1956 Θείον.
3354 1904 3633 1957 Λείπεται

2029 1991 2089 2043 τὸ
2117 1991 2246 2044 Θεὸν
2300 1987 2457 2055 εἶναι,
2493 1992 2599 2045 ἀπό
2649 2008 2707 2044 τε
2735 1992 2842 2045 τῶν
2888 1993 3091 2064 Πέτρου
3133 1995 3224 2047 καὶ
3249 1994 3477 2048 Παύλου
3511 2014 3632 2063 φω-

2029 2082 2155 2145 νῶν,
2214 2083 2409 2135 ἀπό-τε
2454 2083 2630 2152 πάσης
2684 2084 2891 2147 ἐννοίας
2947 2085 3056 2138 τῶν
3112 2086 3342 2156 Γραφῶν
3396 2089 3496 2141 καὶ
3524 2088 3631 2156 τῆς

2036 2194 2053 2225 ι
2080 2175 2433 2246 ἐκπορεύεται
2460 2194 2476 2225 ι
2515 2176 2731 2242 λέξεως.
2780 2176 3049 2248 Ἀύριστος
3102 2179 3209 2251 γὰρ
3240 2176 3399 2244 οὖσα,
3434 2182 3503 2233 τὸ
3540 2182 3627 2234 ἀΐ-

2030 2264 2139 2316 διον
2165 2264 2257 2316 καὶ
2295 2262 2594 2335 ἀχώριστον
2627 2266 2725 2335 τῆς
2758 2266 2970 2334 φύσεως
2998 2268 3159 2322 αὑτοῦ
3190 2272 3286 2339 τῆς
3308 2270 3451 2339 πρὸς
3484 2273 3630 2323 ἐκεῖ·

2031 2373 2141 2417 νον,
2181 2356 2239 2421 ἐξ
2272 2351 2332 2409 οῦ
2385 2356 2638 2428 ἀρρήτως
2673 2358 3019 2429 προέρχεται,
3064 2359 3310 2415 Θειότατα
3338 2362 3628 2416 ἐνδείκνυ-

2031 2464 2139 2499 ται.
2168 2446 2275 2499 Kal.
2303 2447 2398 2516 μὲν
2420 2446 2482 2517 δὴ
2509 2447 2599 2499 καὶ
2628 2448 2784 2501 τοῦτο
2806 2465 2817 2475 ·
2842 2450 2906 2503 El
2933 2451 3095 2521 μηδὲν
3115 2452 3221 2505 τῶν
3236 2453 3416 2505 ἄλλων
3445 2455 3627 2525 ὑπάρ-

2033 2554 2135 2606 χει,
2156 2536 2340 2609 ὦσπερ
2367 2534 2460 2590 οῦν
2491 2538 2647 2591 τοῦτο
2672 2538 2846 2592 αὐτῶν
2876 2539 3091 2611 ἀληθὲς,
3116 2542 3244 2606 Θεός
3269 2544 3436 2595 ἐστιν.
3474 2544 3625 2616 Πρὸς

2033 2626 2271 2690 τούτοις’
2306 2628 2536 2680 Εἱοᾷδὲν
2571 2629 2786 2681 κτιστὸν
2814 2632 2871 2682 ἐν
2906 2633 3004 2701 μιᾷ
3034 2632 3322 2685 ὑποστάσει
3357 2634 3623 2702 εὑρίσκε-

2032 2736 2142 2783 ται,
2172 2719 2247 2781 ὡς
2276 2720 2333 2771 ὲν
2364 2718 2440 2788 τῷ
2467 2717 2667 2790 πρώτῳ
2703 2720 2995 2791 ἀπεδείχθη
3028 2722 3231 2792 βιϐλίῳ,
3260 2723 3321 2775 τὸ
3363 2724 3422 2776 δὲ
3458 2724 3623 2791 ἅγιον

2034 2810 2258 2880 Πνεῦμα
2284 2810 2341 2862 ἓν
2369 2810 2459 2863 καὶ
2494 2810 2650 2880 μόνον
2695 2811 2794 2880 τῆς
2824 2813 3027 2876 ὲνάδος,
3076 2814 3192 2883 ἦτοι
3243 2814 3495 2884 μονάδος,
3539 2817 3625 2866 οὐ·

2036 2902 2155 2965 σίας
2192 2902 2371 2954 ἐστίν’
2399 2902 2473 2965 ὡς
2509 2902 2575 2956 ἂν
2607 2902 2783 2956 τοίνυν
2820 2904 3195 2973 φενακίζοντες
3223 2904 3279 2971 ἐξ
3310 2906 3521 2967 αὐτῶν,
3546 2900 3624 2957 ὧν

2036 2992 2298 3065 ἔγραψαν,
2335 2994 2594 3065 νοηθεῖεν,
2621 2995 2723 3047 κᾶν
2745 2996 2989 3049 δοκοῦσιν
3012 2994 3148 3051 εἶναι
3172 2998 3330 3051 δεινοῖ⁸
3359 3001 3566 3062 εἰπεῖν,
3596 3002 3623 3052 ὅ

2038 3090 2323 3161 βούλοιντο,
2348 3089 2442 3143 καὶ⁸
2473 3088 2609 3160 μηδὲ
2644 3087 2701 3141 ἓν
2727 3088 2905 3152 αὐτοῖς
2956 3090 3051 3159 τῆς
3084 3089 3203 3141 καθ’
3229 3090 3385 3159 ἡμῶν
3412 3091 3624 3161 (apio;

2033 3179 2416 3251 ὲκπορισθείη·
2453 3179 2781 3248 καυχήματα
2834 3177 2940 3248 γὰρ
2972 3178 3284 3249 ἀνθρώπινα
3326 3183 3463 3249 ταχὺ
3528 3182 3620 3245 ἐξ-

2034 3272 2331 3343 ελέγχεται.
2366 3271 2532 3339 Σοφὸς
2578 3271 2705 3342 περὶ
2736 3271 2965 3324 ἑκάστου
3004 3272 3179 3327 αὐτῶν
3206 3266 3303 3325 ὦδε
3338 3273 3622 3342 διείληφεν

2033 3365 2202 3435 ἀνὴρ·
2240 3383 2257 3414 t
2293 3364 2382 3433 Μὴ
2415 3363 2585 3416 πολλὰ
2617 3362 2857 3432 σοφίζου,
2887 3365 2972 3418 ἴνα
3009 3364 3081 3435 μὴ
3112 3364 3409 3435 ὲκπλαγῇς.
3441 3384 3458 3414 ι
3502 3367 3618 3418 Καὶ

2032 3458 2061 3510 ὁ
2084 3456 2352 3526 Στέφανος
2368 3456 2422 3508 δὲ
2445 3457 2502 3507 ὲν
2526 3459 2646 3519 ταῖς
2670 3456 2939 3528 Πράξεσιν
2973 3456 3065 3509 ὡδί
3096 3474 3211 3519 πως
3233 3456 3484 3520 ὀνειδίζει
3524 3458 3619 3509 αῦ-

2029 3548 2170 3610 τοῖς’
2213 3566 2231 3596 r
2256 3546 2750 3616 Σκληροτράχηλοι,
2787 3546 2881 3599 καὶ
2929 3544 3288 3615 ἀπερίτμητοι
3313 3547 3376 3614 τῇ
3413 3545 3618 3615 καρδίᾳ.

2032 3637 2257 3700 καὶτοῖς
2283 3636 2435 3698 ὠσὶν,
2466 3637 2623 3707 ὑμεῖς
2656 3638 2741 3690 ἀεὶ
2771 3636 2847 3707 τῷ
2875 3635 3150 3706 Πνεύματι
3180 3634 3256 3705 τῷ
3288 3635 3429 3704 ἁγίῳ
3459 3637 3618 3688 αντι-

2032 3729 2256 3782 πίπτετε
2276 3744 2290 3758 ο
2328 3729 2403 3791 ὼς
2432 3730 2479 3781 οἱ
2506 3729 2739 3799 πατέρες
2776 3728 2948 3797 ὑμῶν,
2978 3727 3071 3781 καὶ
3098 3727 3273 3797 ὑμεῖς.
3302 3746 3319 3777 ι
3354 3726 3617 3797 Πατέρας

2029 3820 2086 3874 δὲ
2116 3818 2293 3873 αὐτῶν
2322 3818 2421 3890 ἔφη
2454 3821 2686 3890 Ἀρειον,
2738 3818 2856 3890 [101
2894 3818 2949 3890 a]
2983 3818 3327 3879 Μακεδόνων,
3363 3820 3463 3888 τὴν
3493 3818 3617 3870 ὀλέ-

2032 3909 2179 3981 θριον
2203 3910 2389 3963 δυάδα.
2420 3911 2686 3980 Ἔρχομαι
2705 3906 2796 3962 οὖν
2819 3910 2905 3978 ἐφ’
2925 3909 3110 3979 ἕτερον
3136 3907 3451 3976 κεφάλαιον.

350 4015 476 4061 etas
540 4006 701 4062 hasce
742 4006 1065 4069 locutiOnes,
1139 4020 1257 4075 quae
1331 4014 1549 4072 captum
1598 4013 1842 4058 nostrum
1911 4004 2209 4065 excedunt,
2259 4002 2323 4055 ad
2379 4003 2625 4056 humana:
2681 4014 2887 4055 natum
2936 4002 3295 4056 conditionem
3351 4017 3457 4053 non
3510 3998 3613 4053 de-

356 4096 650 4165 primitur;
714 4098 789 4151 ita
854 4110 921 4151 ne
977 4096 1212 4166 Spiritus
1268 4106 1491 4151 sanctus
1586 4093 1804 4164 quidem
1866 4108 1965 4163 per
2037 4094 2304 4149 antedicta
2370 4094 2708 4159 testimonia,
2778 4102 2869 4149 aut
2928 4108 3026 4164 per
3091 4108 3244 4148 suam
3313 4109 3443 4164 erga
3508 4110 3613 4148 nos

345 4187 783 4258 benignitatem,
833 4186 899 4240 ad
986 4201 1107 4241 eam
1168 4185 1447 4257 redigitur.
1512 4184 1714 4239 Deinde
1791 4181 1971 4256 (quod
2034 4185 2183 4253 pejus
2244 4184 2421 4239 adhuc
2472 4184 2596 4254 est)
2660 4184 2919 4255 Spiritum
2984 4193 3230 4239 sanctum
3291 4198 3390 4239 nec
3441 4185 3613 4256 219

351 4281 525 4336 Deum
580 4294 700 4335 esse
742 4290 951 4350 putant,
1003 4295 1177 4349 neque
1218 4295 1384 4334 unum
1430 4280 1645 4348 aliquod
1686 4293 1752 4333 ex
1788 4278 2031 4349 reliquis.
2073 4278 2259 4334 Restat
2285 4294 2415 4349 ergo
2449 4286 2507 4333 ut
2567 4279 2739 4349 ipsum
2801 4279 3117 4336 exsistentia
3174 4291 3449 4335 carentem
3510 4297 3612 4349 pu-

350 4381 493 4427 tent.
526 4370 592 4426 Et
620 4369 816 4427 aliter:
845 4369 906 4425 Si
965 4370 1105 4425 Deus
1136 4385 1241 4425 non
1297 4380 1404 4436 est,
1430 4379 1489 4425 ut
1518 4370 1620 4440 ipsi
1660 4370 1928 4441 inquiunt;
1969 4370 2240 4426 communi
2277 4381 2648 4426 creaturarum
2688 4371 2901 4437 rationi,
2969 4386 3033 4427 ac
3103 4371 3400 4426 deﬁnitioni
3435 4374 3611 4444 subji.

357 4462 543 4527 citur.
574 4465 647 4518 At
678 4479 806 4519 vero
844 4464 1047 4519 nullum
1102 4464 1265 4536 hujus
1317 4466 1396 4521 rei
1453 4475 1827 4536 argumentum
1877 4465 1933 4519 in
1971 4464 2266 4536 Scripturis
2331 4466 2620 4521 invenitur.
2675 4466 2858 4537 Neque
2893 4482 3022 4523 vero
3084 4468 3272 4522 media:
3322 4467 3607 4532 cujusdam

358 4568 563 4613 natura:
612 4573 732 4614 esse
784 4559 982 4615 dicitur
1051 4576 1081 4616 a
1141 4561 1337 4617 divinis
1393 4559 1496 4617 illis
1550 4561 1815 4629 oraculis;
1863 4562 1959 4617 sed
2000 4562 2174 4632 ipsum
2204 4564 2533 4618 econtrario
2596 4578 2717 4619 esse
2785 4564 2934 4617 aiunt
2982 4571 3036 4618 et
3088 4563 3345 4631 Spiritum
3393 4564 3510 4627 Dei,
3551 4574 3609 4617 et

355 4663 477 4703 eum
503 4649 593 4719 qui
628 4665 659 4704 a
706 4648 867 4706 Patre
925 4650 1189 4722 procedit,
1230 4659 1286 4705 et
1342 4651 1581 4706 divinum
1635 4649 1916 4720 Spiritum.
1960 4650 2147 4706 Restat
2210 4667 2338 4721 ergo
2371 4662 2428 4705 ut
2493 4654 2562 4707 sit
2596 4653 2733 4708 Deus
2767 4663 2877 4707 tum
2909 4668 2974 4708 ex
3034 4652 3200 4718 Petri,
3235 4669 3299 4707 ac
3337 4654 3487 4709 Pauli
3525 4656 3607 4709 lo-

355 4745 680 4811 cationibus,
746 4755 859 4800 tum
910 4760 977 4802 ex
1054 4747 1200 4801 omni
1263 4746 1664 4817 Scripturarum
1704 4761 1890 4811 sensu,
1938 4756 1993 4802 et
2031 4748 2199 4810 verbi,
2253 4748 2513 4817 procedit.
2574 4748 2706 4803 Cum
2761 4749 2904 4803 enim
2950 4749 3052 4804 hoc
3111 4747 3446 4803 indeﬁnitum
3506 4750 3603 4813 sit,

352 4846 612 4892 totemam
647 4853 764 4894 esse
791 4838 933 4894 illius
968 4847 1236 4905 naturam,
1281 4847 1441 4907 atque
1468 4838 1535 4891 ab
1574 4837 1685 4899 illo,
1714 4852 1779 4890 ex
1813 4852 1921 4907 quo
1959 4836 2300 4891 incliabiliter
2336 4853 2355 4889 ι
2393 4839 2655 4907 procedit,
2698 4857 2716 4890 ι
2758 4838 3168 4907 inseparabilem
3193 4878 3208 4903 ,
3262 4836 3604 4890 divinissime

353 4933 611 4985 ostendit.
646 4937 713 4985 At
749 4933 849 4987 hoc
872 4934 1035 4987 etiam
1064 4932 1221 4986 addo.
1261 4930 1317 4984 Si
1345 4929 1483 4983 nulla
1512 4930 1558 4984 is
1588 4939 1672 4985 est
1702 4946 1767 4985 ex
1794 4931 1915 4984 aliis
1954 4932 2135 4994 rebus,
2180 4942 2237 4987 ut
2271 4946 2399 4985 vere
2433 4932 2677 5001 profecto
2734 4932 2836 4999 ipsi
2900 4934 3147 5001 inquiunt
3186 4948 3200 4985 :
3243 4930 3382 4986 Deus
3437 4932 3604 5001 igitur

354 5035 458 5077 est.
490 5022 571 5077 Ad
603 5026 717 5079 ha:c
751 5038 765 5077 :
804 5021 861 5077 Si
894 5023 1023 5078 nihil
1060 5022 1201 5092 quod
1227 5028 1467 5076 creatum
1502 5021 1589 5085 sit,
1626 5022 1677 5075 in
1738 5038 1842 5075 una
1871 5021 2169 5093 hypOstasi,
2200 5023 2313 5077 sive
2342 5023 2638 5078 substantia
2702 5039 2825 5079 esse
2891 5025 3183 5087 invenitur,
3217 5028 3358 5080 sicut
3391 5026 3446 5079 in
3498 5026 3609 5093 pri-

358 5136 446 5173 mo
486 5120 623 5174 libro
648 5119 761 5191 (87)
790 5121 1217 5174 demonstratum
1245 5127 1348 5183 est,
1383 5117 1617 5187 Spiritus
1648 5131 1777 5172 vero
1802 5127 2043 5178 sanctus,
2085 5126 2265 5188 utpote
2317 5134 2457 5173 unus
2519 5128 2573 5173 et
2622 5118 2795 5183 solus,
2852 5118 2918 5173 ad
2986 5119 3267 5181 unitatem,
3330 5129 3425 5172 aut
3484 5134 3604 5172 mo-

358 5210 554 5265 nadern
608 5211 859 5265 essentia:
942 5211 1213 5280 pertinet:
1256 5209 1539 5264 haereticos
1595 5223 1724 5278 ergo
1781 5223 1847 5262 ex
1895 5208 1961 5263 iis
2036 5208 2185 5278 ipsis,
2233 5224 2351 5278 qua:
2409 5210 2761 5279 scripserunt,
2808 5210 3129 5278 impostorcs
3184 5225 3303 5265 esse
3346 5210 3603 5282 intelligi-

577 5340 820 5417 iyttllum.
861 5341 914 5417 In
950 5343 1353 5417 Grtcgeotobﬁév.
1386 5343 1549 5417 Lego,
1580 5343 1811 5417 οὐδενός.

2123 5342 2207 5417 85)
2242 5341 2548 5417 Qatholicis.
2588 5343 2833 5417 [’rimamr
2857 5345 3003 5417 Petri
3033 5344 3335 5417 Epistulam
3374 5345 3597 5402 indicat.

450 5410 543 5480 8|)
588 5410 793 5484 Novam
827 5414 1036 5481 afferre.
1070 5412 1123 5467 In
1155 5415 1364 5478 Graeco,
1388 5410 1681 5482 νεαλογεϊν.
1710 5414 1921 5480 Legen-

1430 5410 1681 5482 εαλογεϊν.
1710 5414 1921 5480 Legen-
2098 5414 2210 5484 (85)
2242 5412 2287 5484 Ij1
2284 5416 2541 5484 uciamus.
2580 5414 2715 5470 Gen.
2746 5432 2784 5479 I,
2814 5416 2904 5469 26.

354 5482 483 5537 dum
513 5491 661 5555 putet
691 5482 1134 5555 quis,_vso)toyeiv
1154 5502 1168 5515 ·
1205 5495 1260 5539 at
1286 5500 1455 5553 segm.
1492 5484 1594 5539 156
1633 5503 1666 5538 a
1729 5485 1828 5538 iter

1729 5485 1921 5538 iterum
2098 5482 2209 5555 (86)
2251 5482 2317 5555 Ut
2345 5485 2481 5542 sitis.
2526 5484 2655 5540 Vide
2690 5495 2800 5541 not.
2831 5486 2887 5551 4,
2917 5501 3038 5555 pag.
3080 5482 3198 5539 186.

352 5554 722 5625 occurritAvos
741 5551 1139 5625 νεαλογοῦντες.
1369 5551 1374 5553 ⁷
2100 5551 2212 5625 (87)
2242 5553 2307 5608 In
2336 5556 2506 5623 primo
2535 5556 2685 5609 libro.
2742 5555 2796 5611 In
2829 5551 3093 5622 capitibus
3129 5553 3448 5625 deperditis,
3477 5556 3596 5625 opi-

426 5623 541 5697 (βξ)
578 5622 825 5697 Spiritus.
855 5621 1007 5697 Juan.
1047 5626 1216 5697 tn.8.
1472 5692 1492 5697 __
1678 5692 1690 5697 _
1752 5694 1761 5697 _
2032 5621 2151 5697 nor.
2184 5621 2503 5695 Lege'hujus
2551 5641 2587 5679 Il
2644 5626 2764 5682 libri
2813 5621 2930 5697 cup.
2986 5626 3040 5693 6,
3094 5621 3305 5697 paragr.
3350 5623 3442 5694 '21,
3476 5621 3595 5697 pag.

356 5765 385 5816 ι
427 5692 540 5775 (ᾷὸ)
583 5692 673 5747 Sic
712 5694 832 5750 erit.
882 5695 1013 5750 Ibid.
1085 5694 1252 5750 Biblia
1312 5709 1410 5764 pro
1470 5692 1641 5759 ἔσται,
1678 5692 1830 5750 habet

390 5778 489 5816 στι.

712 5694 832 5750 erit.
882 5695 1013 5750 Ibid.
1085 5694 1252 5750 Biblia
1312 5709 1410 5764 pro
1470 5692 1641 5759 ἔσται,
1678 5692 1921 5759 habent,
2034 5694 2153 5748 I76.

390 5778 489 5817 στι.
