3676 6312
363 240 461 317 est

1605 261 1842 318 DED‘IMI
1884 260 2349 316 ALEXANDRINI

3489 266 3569 323 632

354 372 472 430 "em
506 376 704 444 sacpius
735 374 1073 428 exciainasse
1101 373 1410 428 invenimus
1438 393 1449 427 ε
1485 394 1501 425 ι
1533 377 1794 430 Dominus
1829 377 1920 446 (45

2067 378 2193 440 ἕλεος
2241 375 2425 431 αὑτοῦ.
2469 395 2486 426 ι
2535 374 2692 429 Ἀλλά
2729 375 2823 428 καὶ
2871 377 2899 426 ὁ
2935 374 3069 437 Θεὸς
3099 374 3312 446 Πατὴρ,
3353 377 3497 448 μηδὲν
3526 400 3568 434 τι

360 465 504 520 Deus
539 467 628 536 qui
667 467 921 534 przccedit
955 475 1079 518 ante
1112 467 1302 519 faciem
1337 477 1596 522 vestram.
1630 487 1649 520 ι
1679 468 1938 522 Israelita:

355 575 484 610 vero
520 561 644 611 dum
675 559 878 627 gratias
903 557 1008 610 Deo
1039 569 1282 627 agerent,
1308 559 1489 612 laudes
1513 559 1560 612 ei
1595 561 1862 612 canebant
1885 560 1936 612 iu

354 652 498 705 hunc
529 652 742 703 modum
774 670 785 703 :
822 669 839 701 ι
880 650 937 704 Εἰ
970 651 1057 717 qui
1091 651 1200 720 (44)
1238 653 1472 705 traduxit
1503 653 1753 721 populum
1783 669 1937 707 sumn

352 759 407 793 in
434 734 650 795 deserto
681 765 691 795 ;
723 743 978 810 quoniam
1009 745 1057 794 in
1085 741 1336 796 sawulnm
1361 743 1728 796 misericordia
1757 745 1892 811 ejus.
1917 763 1934 794 ι

354 832 675 898 Quinetiam
709 834 846 886 Deus
899 835 1075 896 Pater,
1121 844 1178 887 ut
1211 834 1415 887 nullum
1452 835 1611 904 plane
1644 836 1934 889 discrimen

357 926 408 976 in
440 926 674 977 essentia
699 965 712 988 ,
743 935 802 977 et
839 927 1073 993 polentia
1094 965 1108 988 ,
1137 937 1189 978 et
1219 925 1495 980 voluntate
1517 969 1531 989 ,
1563 938 1610 979 et
1643 926 1809 995 gloria
1849 929 1936 980 in-

356 1022 436 1065 ter
467 1014 700 1079 seipsum
725 1053 738 1075 ,
773 1022 826 1066 et
861 1015 1193 1081 unigenitum
1227 1013 1494 1081 Verbum,
1531 1028 1585 1070 el
1614 1033 1778 1070 ttnunt
1813 1018 1930 1086 ejus

356 1103 620 1172 Spiritum
647 1115 894 1158 sanetum
923 1107 1261 1162 intercedere
1290 1110 1579 1176 ostendat,
1613 1111 1662 1163 in
1692 1119 1797 1161 tota
1826 1111 1934 1162 fere

2043 472 2298 540 διάφορον
2329 470 2385 521 ἐν
2415 471 2480 539 τῇ
2513 469 2691 539 οὐσία,
2725 467 2819 520 καὶ
2850 466 3101 537 δυνάμει,
3132 468 3223 520 καὶ
3260 467 3474 539 θελήσει,
3499 474 3570 525 καὶ

2045 563 2169 632 δόξῃ
2205 557 2344 614 εἷναι
2375 561 2589 624 δεικνὺς
2623 559 2826 631 μεταξὺ
2862 559 3029 612 αὐτοῦ
3060 577 3119 612 τε
3147 561 3240 613 καὶ
3271 560 3360 613 τοῦ
3391 579 3570 631 μονογε-

2047 653 2168 718 νοῦς
2204 654 2397 722 Λόγου,
2445 655 2537 705 καὶ
2583 653 2678 706 τοῦ
2710 653 2829 716 ἐνὸς
2869 653 3028 720 ἁγίου
3077 653 3380 724 Πνεὺματος
3419 657 3567 718 αὑτοῦ,

2047 747 2132 799 διὰ
2166 747 2344 817 πάτης
2375 745 2562 815 σχεδὸν
2590 745 2692 814 τῆς
2722 745 2944 816 Γραφῆς
2972 748 3117 815 λέγει
3139 763 3150 775 ·
3188 765 3205 796 ι
3252 746 3384 813 Ἐγὼ
3409 748 3569 818 ἀνήγα-

2048 856 2142 906 γον
2183 839 2327 907 ὑμᾶς
2362 841 2425 890 ἐκ
2470 838 2574 907 γῆς
2613 837 2913 904 Αἰγύπτου.
2957 840 3248 909 Μάρτυρες
3285 838 3428 908 ὑμεῖς
3459 841 3568 902 ἐστε,

2046 931 2093 982 εἱ
2127 931 2259 992 Θεὸς
2298 924 2364 1000 ἦν
2416 929 2697 1000 ἀλλότριος
2729 931 2786 981 ἐν
2823 930 2972 993 ὑμῖν,
3009 918 3152 1000 ’πλὴν
3196 928 3347 999 ἐμοῦ.
3385 951 3400 978 ι
3433 931 3572 984 Καὶὸ

2041 1014 2118 1084 τῷ
2153 1016 2362 1084 ὑψίστῳ
2393 1015 2449 1068 δὲ
2498 1017 2673 1086 Πατρὶ
2710 1017 2802 1068 καὶ
2844 1017 2921 1088 τῷ
2967 1018 3105 1088 ἁγίῳ
3151 1018 3414 1087 Πνεύματι
3445 1020 3571 1071 αὐτοῦ

2041 1107 2285 1178 ὁμοφυὴς
2311 1109 2404 1161 καὶ
2429 1109 2706 1178 ὁμόφρων,
2731 1109 2760 1160 ὁ
2788 1109 3267 1182 προσηνὴς
3309 1149 3322 1163 .
3364 1143 3380 1162 .
3418 1151 3429 1164 .
3470 1152 3481 1163 .
3517 1153 3528 1166 .
3559 1155 3570 1168 .

355 1195 632 1266 Sa-riptura
663 1199 874 1270 inquit:
901 1219 918 1250 ι
948 1199 1055 1268 Ego
1086 1200 1197 1265 (45)
1227 1202 1410 1256 reduxi
1437 1218 1529 1256 vos
1552 1219 1617 1256 ex
1642 1213 1785 1256 terra
1830 1200 2070 1272 ngypti.
2113 1201 2300 1255 Testes
2344 1216 2436 1254 vos
2471 1202 2601 1254 estis
2623 1243 2636 1264 ,
2674 1203 2716 1255 si
2758 1203 2896 1256 Deus
2944 1215 3061 1256 erat
3103 1203 3310 1256 alienus
3352 1203 3400 1256 in
3455 1204 3574 1258 vobis

352 1302 548 1362 pra-ter
575 1310 678 1348 me.
721 1317 739 1347 ι
777 1295 824 1350 ls
853 1313 1014 1361 vero,
1047 1300 1135 1367 qui
1171 1315 1292 1352 cum
1326 1300 1590 1354 altissimo
1619 1300 1811 1364 Patre,
1845 1311 1897 1355 et
1929 1309 2118 1354 sancto
2143 1298 2261 1365 ejus
2293 1299 2494 1367 Spiritu
2527 1298 2764 1367 ejusdem
2807 1309 3012 1354 naturze
3037 1341 3052 1364 ,
3084 1310 3138 1354 et
3171 1299 3451 1354 voluntatis
3475 1311 3571 1366 est,

343 1387 589 1441 clemens
623 1400 805 1446 noster
845 1389 977 1461 (46).
1023 1432 1037 1445 .
1079 1431 1092 1444 .
1139 1430 1154 1442 .
1198 1429 1213 1444 .
1260 1434 1272 1447 .
1317 1433 1329 1444 .
1377 1432 1391 1446 .
1437 1432 1450 1446 .
1500 1436 1511 1448 .
1555 1434 1567 1446 .
1613 1434 1627 1447 .
1675 1433 1688 1446 .
1736 1433 1747 1444 .
1795 1433 1806 1445 .
1856 1433 1868 1446 .
1917 1435 1930 1448 .

1015 1485 1168 1539 CAP.
1211 1486 1277 1542 Χ.

1762 1489 1922 1556 Caput
1961 1485 2041 1540 IX
2081 1484 2427 1538 desideratur,

2713 1481 2870 1534 ΚΕΦ.
2911 1478 2968 1534 1’.

1688 1577 1838 1631 Deest
1881 1577 2088 1629 initium
2122 1590 2236 1638 cup.
2276 1570 2387 1635 10.)

1693 1711 1706 1724 .
1751 1681 1940 1725 COIIll‘ﬂ

357 1756 619 1826 Spiritum
651 1773 828 1812 meum
863 1758 978 1830 (47)
1005 1799 1020 1824 ,
1048 1767 1142 1813 aut
1173 1760 1238 1814 de
1274 1759 1479 1830 Spiritu
1517 1777 1655 1816 meo.
1686 1763 1859 1830 Atque
1885 1761 1933 1816 is
1972 1729 2014 1782 Β

354 1848 439 1903 vel
484 1849 554 1902 ob
605 1849 745 1902 hanc
788 1858 993 1904 tantum
1049 1865 1309 1913 causam,
1344 1860 1399 1904 ut
1435 1852 1680 1919 equidem
1721 1851 1930 1920 Opinor,

352 1943 592 2010 ipsorum
622 1942 877 1996 misertus
902 1943 1084 1997 venire
1114 1959 1208 1997 eos
1231 1943 1392 2012 jussit
1413 1945 1478 1997 ad
1502 1942 1692 1998 Johmn
1715 1984 1730 2008 ,
1756 1953 1814 1998 ut
1841 1959 1935 2012 pro

354 2025 460 2080 illis
494 2035 711 2078 oraret:
751 2025 1005 2078 nimirum
1040 2037 1258 2094 propter
1308 2027 1468 2081 verba
1504 2027 1568 2078 ad
1608 2041 1728 2080 eum
1771 2027 1936 2094 perti-

354 2109 532 2161 nentia
554 2148 568 2171 ,
595 2124 712 2177 quae
738 2108 1106 2195 protulerunt,
1141 2110 1189 2162 id
1221 2109 1417 2164 factum
1449 2119 1607 2176 puto:
1637 2109 1936 2163 rectissime

352 2201 531 2265 enim,
567 2200 754 2254 nescio
799 2202 1072 2265 quomodo
1098 2243 1111 2265 ,
1147 2213 1200 2255 et
1234 2202 1748 2258 convenientiss‘me
1788 2202 1938 2255 dixe-

354 2303 481 2345 runt
509 2311 522 2347 :
554 2311 573 2343 ι
608 2292 844 2361 Spiritus
877 2293 990 2364 (48)
1024 2294 1239 2348 divinus
1271 2297 1360 2363 qui
1408 2295 1533 2351 fecit
1581 2311 1696 2362 me,
1741 2293 1936 2354 halitus

353 2395 530 2440 autem
570 2384 967 2454 Omnipotentis
1006 2386 1205 2440 docens
1236 2403 1362 2452 me;
1396 2408 1417 2438 θ
1445 2400 1494 2443 et
1525 2388 1707 2458 pauc‘is
1756 2386 1936 2440 verbis

353 2492 603 2546 magnam
635 2478 965 2548 potentiam,
991 2487 1046 2533 et
1077 2480 1414 2546 creatricem,
1450 2498 1512 2534 ac
1549 2482 1738 2535 salutis
1770 2479 1930 2550 largi-

350 2571 540 2624 tricem
568 2612 584 2637 ,
617 2570 988 2640 malorumque
1019 2571 1381 2642 expultricem
1421 2585 1666 2628 naturam
1695 2573 1934 2641 estplica-

349 2671 495 2716 runt.
521 2661 594 2716 At
621 2663 860 2733 nunquid
907 2665 956 2717 in
1015 2664 1311 2733 theologica
1346 2665 1446 2722 hac
1483 2666 1746 2720 locutione
1795 2666 1938 2720 sistit

351 2752 469 2808 Eliu
518 2753 670 2824 (49)?
716 2755 877 2825 Atqui
924 2757 1090 2811 multa
1132 2758 1199 2812 de
1229 2758 1592 2826 omnipotenti
1637 2758 1745 2811 Deo
1777 2755 1936 2811 Patre

348 2853 533 2913 aperte
560 2843 787 2912 adjecit,
829 2846 1023 2914 quibus
1044 2846 1186 2913 quod
1222 2847 1417 2915 opponi
1451 2848 1648 2914 possit,
1681 2844 1810 2898 nihil
1834 2854 1935 2898 est.

348 2937 440 2990 Ait
468 2937 650 2990 enim:
694 2956 713 2986 ι
751 2936 1009 2992 ΑΞιοιηιιε
1043 2939 1155 3006 (50)
1182 2940 1324 2992 enim
1357 2947 1471 3004 est,
1500 2939 1590 3008 qui
1645 2948 1727 2993 est
1771 2951 1935 3006 supra

348 3028 625 3082 mortales.
650 3048 668 3078 ›
694 3028 755 3082 Ει
787 3045 972 3082 rursus
1001 3049 1012 3082 :
1051 3048 1069 3080 ι
1097 3030 1151 3084 Si
1189 3031 1295 3084 sint
1331 3030 1474 3083 mi!le
1503 3029 1674 3097 angeli
1709 3040 1933 3082 mortem

350 3121 676 3182 atl‘erentes.
713 3138 853 3175 unus
884 3139 946 3176 ex
987 3124 1118 3190 ipsis
1165 3139 1498 3192 nequaquam
1531 3120 1829 3174 vulm-rabit
1867 3136 1932 3174 ex

349 3214 485 3284 ipsis
534 3214 669 3284 (51),
717 3213 760 3268 si
811 3217 1128 3284 cogitaverit
1166 3215 1329 3268 corde
1373 3214 1615 3267 convcri
1655 3213 1719 3266 ad
1754 3211 1934 3264 Domi-

350 3323 516 3372 num;
559 3328 576 3358 ι
629 3319 684 3363 et
737 3325 966 3364 rursus:
1023 3328 1042 3359 ι
1076 3306 1268 3363 Orabit
1297 3307 1409 3379 (52)
1446 3309 1511 3360 ad
1549 3307 1854 3369 Dominum,
1881 3316 1934 3359 et

349 3411 570 3470 accepta
622 3402 672 3457 ei
724 3411 916 3467 erunt;
950 3422 969 3453 ι
1029 3411 1083 3456 et
1129 3415 1359 3455 rursus:
1413 3419 1431 3451 ι
1463 3398 1624 3452 Salva
1687 3399 1926 3452 animam

351 3509 552 3558 meam,
579 3507 645 3547 ne
669 3504 824 3550 exeat
851 3494 964 3564 (55)
995 3494 1046 3548 in
1085 3492 1515 3562 corruptionem:
1541 3501 1591 3545 et
1652 3491 1757 3544 vita
1810 3504 1928 3544 mea

350 3584 527 3638 lucem
571 3585 791 3640 videbit.
834 3585 970 3639 Ecce
1003 3585 1117 3639 hacc
1155 3585 1335 3638 omnia
1378 3594 1634 3652 operatur
1676 3582 1877 3638 Fortis.
1905 3600 1923 3633 ι

346 3677 477 3743 Quae
534 3677 698 3748 igitur
745 3679 812 3732 de
857 3679 996 3744 Deo,
1050 3694 1113 3732 ac
1145 3676 1264 3745 ejus
1307 3676 1512 3748 Spiritu
1548 3677 1740 3743 docet,
1773 3684 1922 3729 recta

347 3780 509 3823 sunt:
541 3786 660 3839 qua:
693 3786 819 3823 vero
848 3771 968 3825 aliis
999 3772 1064 3824 de
1106 3770 1266 3823 rebus
1287 3810 1301 3831 ,
1352 3784 1538 3837 prava.
1587 3765 1720 3820 Nam
1764 3765 1932 3821 Jobus

345 3878 563 3931 quoque
611 3879 731 3917 cum
773 3865 1014 3919 divinum
1049 3871 1295 3918 vocasset
1337 3862 1597 3930 Spiritum
1635 3869 1882 3914 sanctum
1918 3898 1932 3924 ,

348 3964 408 4007 ut
438 3955 688 4024 superius
715 3956 914 4008 dictum
951 3954 1050 4007 luit
1073 3994 1087 4016 ,
1124 3963 1326 4007 tantam
1361 3969 1389 4004 a
1422 3951 1529 4006 Deo
1561 3951 1771 4004 laudem
1802 3965 1934 4005 con-

348 4057 572 4100 secutus
607 4055 708 4100 est.
755 4045 865 4100 Hoc
901 4061 1029 4115 ergo
1064 4054 1248 4114 reputa
1274 4083 1289 4106 ,
1322 4044 1424 4098 etsi
1463 4057 1656 4111 nempe
1691 4042 1933 4098 testimo-

421 4177 533 4250 (45)
573 4176 856 4250 Dominus.
887 4180 1040 4250 Deut.
1074 4178 1228 4250 L730.
1261 4177 1529 4250 Complut.
1566 4177 1684 4250 ed.,
1708 4179 1915 4250 Κύριος

347 4251 378 4301 ὁ
412 4248 544 4310 Θεὸς
579 4246 759 4316 ἡμῶν.
803 4247 1008 4301 Similia
1051 4249 1312 4303 habemus
1347 4249 1499 4300 Deut.
1536 4264 1628 4311 xx,
1660 4249 1724 4310 4;
1762 4246 1916 4315 x'xm,

347 4323 399 4380 6,
434 4333 539 4370 etc.

420 4387 532 4456 (M)
576 4386 642 4438 Ei
674 4389 784 4456 qui.
827 4389 914 4441 Ps.
945 4404 1146 4450 cxxxv,
1187 4403 1329 4443 vers.
1373 4389 1458 4442 16.

424 4458 534 4528 (45)
561 4529 568 4530 ί
594 4457 730 4530 Ego.
761 4458 993 4530 Sensum
1025 4461 1158 4530 citat
1197 4475 1261 4511 ex
1295 4459 1538 4530 pluribus
1575 4458 1738 4530 simul
1775 4459 1926 4515 Scri-

350 4526 526 4596 pturae
559 4526 711 4582 locis.
761 4529 891 4582 Vide
922 4527 979 4581 Il
1026 4529 1212 4585 Parui.
1283 4545 1357 4591 vi,
1398 4529 1469 4591 5;
1504 4526 1676 4583 Levit.
1711 4546 1786 4593 xi,
1823 4531 1925 4596 45;

347 4600 452 4653 lsa.
486 4614 635 4658 XLIII.
672 4600 758 4663 12,
789 4609 886 4653 etc.

418 4669 538 4740 (46)
595 4668 813 4725 Noster.
847 4710 860 4723 .
900 4712 912 4724 .
953 4708 969 4722 .
999 4709 1013 4721 .
1051 4670 1293 4735 Quatuor
1335 4668 1420 4721 hic
1469 4668 1631 4740 folia.
1670 4670 1784 4724 sive
1835 4686 1926 4724 se-

345 4739 563 4804 gmenta
593 4742 971 4796 desiderantur
998 4759 1010 4792 :
1043 4741 1165 4793 linis
1184 4755 1374 4806 nempe
1395 4739 1753 4802 octavi-hujus
1780 4743 1927 4806 Capi-

348 4812 436 4872 tis,
475 4822 642 4865 totum
679 4822 840 4880 caput
887 4827 1110 4870 nonum,
1161 4822 1214 4863 et
1257 4809 1449 4861 dccimi
1498 4811 1735 4863 initium.
1793 4812 1924 4865 Noui

345 4895 497 4944 vero,
548 4897 613 4934 ac
651 4884 842 4937 decimi
891 4881 1084 4948 capitis
1114 4890 1432 4950 argumenta
1463 4881 1714 4948 superius
1748 4883 1922 4937 habes

348 4954 400 5003 in
429 4952 635 5023 tabula,
678 4969 801 5023 pag.
829 4952 966 5023 7109.

418 5021 528 5089 (47)
565 5018 773 5075 Contra.
812 5022 1066 5089 Spiritum
1117 5038 1309 5074 meum.
1361 5018 1614 5074 Fortasse
1670 5020 1928 5091 Didymus

347 5108 412 5144 eo
429 5107 591 5163 sensu
623 5095 778 5159 dixit,
799 5093 940 5146 κατὰ
964 5091 1054 5144 τοῦ
1099 5091 1419 5163 ΙΙνεύματός
1451 5106 1575 5158 μου,
1607 5101 1663 5144 ιιι
1693 5096 1924 5147 valeret:

352 5180 370 5210 ι
406 5162 472 5212 de
501 5159 704 5227 Spiritu
741 5181 880 5217 tneo.
916 5182 934 5214 ι
964 5164 1037 5215 Ita
1068 5165 1211 5217 rnitu
1241 5159 1386 5227 Saepe
1417 5163 1612 5226 accipit
1637 5163 1926 5217 dictionem

348 5231 511 5292 κατά,
547 5232 598 5282 iu
634 5233 737 5285 hoc
778 5249 962 5300 opere,
1001 5244 1058 5286 et
1093 5234 1143 5285 in
1175 5236 1318 5287 aliis.
1359 5229 1426 5284 Ut
1454 5231 1764 5298 exemplum
1798 5231 1928 5286 aﬂ’e-

351 5317 487 5362 ram,
523 5301 573 5352 in
620 5315 912 5356 comment.
974 5305 1024 5354 in
1055 5304 1172 5355 Act.
1205 5313 1378 5370 aposl.
1423 5303 1488 5350 ad
1523 5316 1663 5355 vers.
1695 5302 1765 5353 ἐξ
1797 5318 1917 5368 cap.

347 5384 409 5430 tt.
439 5372 913 5443 (toni._lV_Anerd.
947 5373 1135 5436 Woll'.,
1165 5369 1283 5442 pag.
1317 5373 1372 5435 9,
1399 5369 1415 5437 )
1447 5371 1523 5443 ait
1553 5389 1564 5424 :
1593 5373 1731 5424 κατὰ
1761 5374 1927 5443 μόνης

347 5441 550 5512 σαρκὸς
600 5440 943 5513 λεχθήσεται,
999 5446 1046 5496 id
1097 5456 1198 5508 est,
1229 5440 1352 5498 {de
1398 5441 1510 5494 sola
1555 5460 1720 5498 carne
1764 5440 1928 5499 idice-

344 5523 453 5566 tur.
491 5531 510 5560 ι

419 5584 532 5650 (48)
574 5580 823 5646 Spirilus.
854 5583 953 5637 Job
991 5601 1182 5649 xxviii,
1215 5587 1262 5641 4.

420 5654 720 5726 (49)__l'.'liu.
774 5656 951 5707 Codex
988 5661 1242 5708 mendose
1285 5657 1513 5724 Έλιοῢς,
1556 5675 1651 5726 pro
1694 5653 1918 5720 Ἐλεοῦς,

347 5727 493 5794 quod
529 5723 1008 5784 Francol‘urtensis
1037 5727 1203 5781 editio
1238 5729 1419 5788 habet.
1457 5723 1707 5788 Scribere
1739 5739 1918 5782 tamen

2047 1760 2175 1833 [104
2205 1759 2260 1831 a]
2317 1760 2456 1813 κατὰ
2481 1758 2576 1812 τοῦ
2603 1760 2920 1829 Πνεύματὸς
2950 1777 3075 1830 μου,
3110 1758 3143 1829 ἣ
3172 1759 3301 1828 περὶ
3326 1757 3412 1810 τοῦ
3437 1757 3573 1810 Ilvati-

2047 1851 2215 1920 ματός
2242 1867 2362 1918 μου.
2393 1849 2502 1900 Καὶ
2528 1844 2700 1919 οἶμαι,
2734 1849 2809 1913 ὡς
2834 1849 2922 1902 διὰ
2943 1848 3100 1902 τοῦτο
3127 1848 3220 1900 καὶ
3250 1847 3402 1918 μόνον
3427 1849 3574 1914 φειςά-

2049 1960 2207 2013 μενος
2238 1943 2436 2006 αὐτῶν,
2465 1942 2797 2012 προσέταξεν
2826 1941 2999 1996 ἐλθεῖν
3029 1942 3104 2005 ὡς
3128 1942 3220 1994 τὸν
3265 1941 3400 2003 Ἰὼϐ,
3423 1941 3502 1993 ἐπὶ
3516 1941 3576 2011 τῷ

2045 2035 2250 2085 ἐκεῖνον
2283 2030 2541 2096 εὔξασθαι
2571 2033 2710 2102 ὑπὲρ
2750 2033 2930 2087 αὐτῶν
2951 2050 2965 2063 ⁸
3001 2034 3163 2087 ἕνεκα
3203 2032 3361 2102 δῆλον
3394 2034 3464 2085 ὅτι
3493 2034 3575 2084 τῶν

2045 2127 2125 2188 είς
2167 2125 2328 2178 αὑτὸν
2377 2126 2760 2178 συντεινόντων
2805 2126 3086 2197 ῥημάτων,
3135 2125 3227 2178 διὰ
3264 2125 3324 2178 τὸ
3361 2125 3574 2196 ἁλήπτως

2046 2219 2242 2282 αὐτοὺς
2278 2216 2517 2273 καὶλίαν
2549 2219 2933 2290 προσηκόντως
2957 2219 3057 2272 οὐκ
3085 2217 3197 2273 οἶδα
3231 2219 3392 2272 πόθεν
3416 2220 3574 2288 φάναιο

2052 2332 2068 2362 ι
2107 2310 2335 2381 Πνεῦμα
2378 2311 2519 2364 θεῖον
2548 2311 2609 2364 τὸ
2645 2311 2876 2381 ποιῆσάν
2909 2328 2999 2381 με,
3036 2313 3170 2380 πνοὴ
3204 2301 3264 2363 δὲ
3302 2311 3577 2381 Παντοκρά-

2043 2420 2200 2474 τορος
2229 2405 2262 2473 ἡ
2295 2403 2623 2457 διδάσκουσα
2657 2418 2755 2473 με·
2794 2422 2811 2452 ι
2847 2402 2940 2454 καὶ
2979 2402 3037 2454 ἐν
3073 2401 3233 2474 ὀλίγῃ
3273 2403 3420 2473 ρήσει
3449 2402 3577 2453 δύνα-

2048 2512 2139 2564 μιν
2183 2494 2405 2563 πολλὴν,
2439 2496 2533 2547 καὶ
2571 2493 2733 2562 φύσιν
2765 2492 2860 2562 τὴν
2897 2492 3297 2564 δημιουργικὴν
3325 2491 3412 2544 κα)⁵
3436 2490 3578 2554 ἀλεξί-

2044 2601 2212 2637 κακον
2239 2583 2619 2655 διηγήσασθαι.
2653 2581 2779 2653 ’Ἆρ’
2811 2578 2904 2634 οὖν
2932 2581 3168 2635 ἐνταῦθα
3201 2582 3334 2651 ἔστη
3369 2581 3459 2651 τῆς
3483 2580 3578 2632 θεο-

2043 2675 2228 2745 λογίας
2292 2679 2320 2729 ὁ
2374 2675 2610 2743 Ἐλιοῦς;
2671 2677 2863 2730 Καίτοι
2921 2675 3218 2748 διαρρήδην
3285 2672 3580 2745 προσέθηκεν

2046 2769 2214 2823 πολλὰ
2262 2769 2392 2840 περ)⁴
2435 2769 2528 2822 τοῦ
2582 2772 3022 2843 παντοκράτορος
3069 2768 3202 2820 Θεοῦ
3257 2765 3480 2838 Πατρὸς,
3519 2761 3582 2826 οἷς

2043 2858 2194 2912 οὐδὲν
2223 2859 2544 2913 ἀντιθετέον.
2583 2859 2727 2932 Ἔφη
2770 2861 2910 2932 γάρ·
2946 2879 2963 2911 ι
3013 2857 3243 2921 Αίὼνιος
3287 2857 3391 2927 γάρ
3416 2856 3582 2908 ἐστινὺ

2031 2952 2231 3004 ἐπάνω
2258 2950 2491 3022 βροτῶνο
2532 2971 2549 3002 ι
2585 2953 2681 3005 καὶ
2712 2951 2871 3006 πάλιν
2892 2971 2903 2982 ⁸
2943 2970 2962 3002 ι
3011 2949 3139 3004 Ἐὰν
3172 2944 3311 3001 ὦσιν
3342 2947 3486 3018 χίλιοι
3508 2945 3582 3013 ἄγ-

2043 3044 2188 3112 γελοι
2220 3042 2604 3114 θανατηφόροι,
2628 3037 2708 3106 εἷς
2737 3042 2914 3096 αὐτῶν
2940 3041 3002 3095 οὐ
3031 3042 3104 3112 μὴ
3129 3039 3320 3112 τρώσῃ
3342 3037 3396 3102 ἐξ
3416 3035 3580 3096 αὐτῶν.

2038 3135 2131 3188 ἐὰν
2158 3139 2324 3206 νοήσῃ
2355 3137 2419 3206 τῇ
2449 3134 2644 3206 καρδία
2671 3133 3072 3205 ἐπιστραφῆναι
3097 3133 3189 3185 ἐπὶ
3219 3132 3313 3192 τὸν
3337 3128 3539 3199 Κύριον·
3564 3146 3579 3178 ι

2036 3224 2192 3292 αὖθίς
2232 3245 2320 3280 τεο
2363 3246 2381 3278 ι
2411 3226 2641 3292 Εὖξεται
2690 3227 2829 3298 πρὸς
2875 3225 3108 3296 Κύριον,
3141 3226 3241 3277 καὶ
3277 3223 3436 3276 δεκτὰ
3465 3218 3584 3287 αὐτῷ

2036 3319 2188 3372 ἔσται
2214 3336 2228 3349 ·
2263 3340 2282 3372 ›
2316 3320 2408 3374 καὶ
2439 3319 2599 3372 πάλιν
2627 3335 2639 3347 ·
2679 3339 2695 3369 ι
2730 3317 2912 3370 Σῶσον
2937 3318 3034 3388 τὴν
3065 3318 3249 3387 ψυχήν
3278 3333 3400 3387 μου,
3419 3310 3501 3366 τοῦ
3527 3312 3584 3381 μὴ

2037 3409 2273 3476 ἐξελθεῖν
2301 3414 2381 3474 εἰς
2413 3409 2746 3480 διαφθοράν·
2785 3411 2879 3464 καὶ
2911 3411 2944 3480 ἡ
2979 3408 3089 3480 ζωή
3130 3425 3235 3478 μου
3271 3406 3386 3475 φῶς
3409 3404 3582 3472 ὄψεται.

2050 3503 2180 3554 Ἰδοὺ
2202 3501 2375 3555 ταῦτα
2396 3502 2572 3555 πάντα
2603 3501 2894 3571 ἐργάζεται
2919 3503 2946 3553 ὁ
2985 3498 3250 3570 Ἰσχυρός.
3290 3518 3307 3549 ι
3339 3495 3526 3551 Οὐκοῦν
3546 3494 3584 3544 oi

2038 3593 2184 3661 λόγοι
2216 3594 2405 3658 αὐτοῦ,
2440 3597 2518 3657 είς
2555 3595 2654 3664 μὲν
2676 3593 2744 3647 τά
2771 3594 2899 3664 περὶ
2926 3591 3018 3645 τοῦ
3047 3589 3180 3644 Θεοῦ
3206 3591 3303 3644 καὶ
3329 3588 3418 3642 τοῦ
3448 3585 3584 3640 Ilvati-

2041 3702 2210 3753 ματος
2242 3685 2430 3748 αὐτοῦ,
2475 3685 2662 3738 καλοί·
2694 3688 2773 3748 εἰς
2805 3685 2860 3737 δὲ
2892 3683 2961 3736 τὰ
2990 3682 3143 3743 ἄλλα,
3178 3680 3581 3752 ἁμαρτάνοντες.

2050 3774 2203 3828 Ἐπεί
2221 3795 2300 3830 τοι
2327 3778 2418 3830 καὶ
2436 3780 2463 3831 ὁ
2494 3777 2634 3839 Ἰὼϐ,
2659 3776 2798 3829 θεῖον
2824 3775 3095 3846 ὀνομάσας
3117 3775 3176 3827 τὸ
3201 3774 3358 3841 ἅγιον
3374 3769 3584 3838 Πνεῦμα,

2040 3867 2115 3930 ὼς
2156 3868 2494 3940 προελέχθη,
2546 3868 2640 3922 τοῦ
2689 3867 2838 3939 παρά
2882 3864 3018 3920 Θεοῦ
3062 3865 3256 3936 ἔτυχεν
3304 3862 3584 3934 τηλικούτου

2041 3957 2285 4011 ἐπαίνου.
2337 3958 2567 4027 Λογίζου
2619 3956 2817 4018 τοίνυν,
2865 3957 2947 4009 ὅτι
3001 3955 3104 4008 κᾶν
3150 3955 3252 4025 τὴν
3315 3951 3586 4024 μαρτυρίαν

2040 4047 2133 4100 τοῦ
2191 4048 2398 4112 Ἐλιοῦς
2454 4049 2528 4120 μὴ
2579 4045 2880 4121 προσδέχῃ,
2923 4045 3156 4117 ἀρκοῦσι
3206 4045 3305 4098 καὶ
3351 4041 3507 4104 οὕτως
3547 4040 3585 4089 οἱ

2024 4185 2203 4239 malim
2233 4201 2296 4239 ex
2348 4185 2610 4239 llebratco
2648 4184 2843 4248 ’Eltob,
2875 4193 2932 4237 ut
2966 4184 3017 4236 iu
3066 4180 3346 4251 Complut.
3383 4184 3464 4235 ed.
3497 4180 3582 4234 ini-

2025 4271 2267 4323 pressum
2301 4255 2416 4308 fuit.

2099 4325 2208 4393 (50)
2252 4324 2526 4379 zEternus.
2579 4323 2679 4379 Job
2725 4339 2919 4388 χχχιιι,
2964 4323 3053 4377 12.
3109 4321 3265 4393 Tria,
3323 4337 3442 4393 qua!
3486 4333 3586 4393 mox

2031 4389 2207 4457 all'ert,
2260 4398 2375 4450 loca
2449 4395 2644 4449 ibidem
2696 4406 2912 4450 exstant
2951 4408 3092 4447 vers.
3128 4391 3223 4460 23,
3267 4389 3374 4455 26⁷,
3417 4401 3466 4445 et
3504 4389 3578 4452 9.8,

2034 4482 2095 4521 ac
2133 4466 2222 4518 ‘29.

2101 4537 2214 4605 (51)
2264 4535 2346 4589 Ex
2376 4536 2526 4603 ipsis.
2563 4535 2831 4596 Complut.
2857 4537 2982 4605 red.,
3027 4534 3088 4587 οὐ
3145 4532 3222 4603 μὴ
3263 4530 3460 4605 τρώσει
3495 4529 3586 4605 -αὐ-

2029 4583 2143 4670 τόν,
2179 4583 2227 4659 ii]
2266 4619 2372 4668 cst,
2398 4583 2438 4656 ἰ
2474 4622 2577 4659 non
2627 4583 2930 4658 vninerabit
2967 4583 3168 4669 ipsumr
3208 4583 3236 4654 ἰ
3285 4583 3586 4656 Francolur-

2034 4679 2200 4730 tensis
2249 4692 2377 4730 vero
2421 4694 2434 4728 :
2465 4677 2538 4747 οὐ
2577 4674 2681 4747 μὴν
2725 4674 2928 4747 τρώσῃί
2954 4674 3139 4747 αὐτόν,
3170 4674 3278 4747 hoc
3305 4682 3409 4730 est,
3439 4691 3456 4747 ι
3500 4685 3586 4747 non

2034 4759 2233 4810 ιιιιιιθοι,
2265 4766 2283 4797 ι
2317 4758 2422 4801 etc.
2462 4746 2526 4799 Et.
2564 4739 2719 4806 paulo
2754 4739 3300 4814 post'Complutensis
3330 4741 3488 4812 πρὸς
3517 4739 3588 4790 τὸν

2033 4817 2254 4887 Κύριον.
2291 4817 2518 4871 ,Ιινιιὶειιιιι
2560 4817 2680 4876 libri
2708 4814 2828 4869 ani
2868 4817 3188 4887 editiolscu
3216 4814 3588 4887 “diuitissimus

2033 4881 2198 4941 codex
2235 4889 2285 4941 in
2327 4906 2390 4940 ea
2421 4902 2710 4954 expressus
2752 4888 2912 4939 habet
2943 4905 2955 4940 :
3005 4881 3097 4948 Εἷς
3134 4883 3192 4949 ἐξ
3225 4881 3409 4936 αὐτῶν
3439 4881 3586 4954 οὑξ

2030 4957 2216 5032 τρώσῃ
2264 4957 2462 5032 absim,
2493 4951 2604 5009 ’ἐὰν
2650 4955 2818 5027 νοήσῃ
2857 4958 2922 5027 τῇ
2974 4954 3172 5027 καρδία
3211 4951 3586 5024 ἐπιστραφῆναι

2031 5017 2124 5081 εξτι
2161 5017 2251 5080 τδν
2280 5017 2525 5099 ᾼΚύριον.

2103 5099 2215 5167 (52)
2263 5093 2468 5152 Οναῡὶι.
2525 5097 2712 5167 Graeca
2762 5095 2933 5151 Biblia
2982 5115 2995 5150 :
3035 5093 3360 5167 εὐξάμενος,
3401 5093 3449 5145 id
3492 5105 3581 5146 est.

2037 5187 2055 5218 ι
2092 5165 2436 5235 deprecatus.
2478 5187 2498 5218 ι
2537 5167 2641 5219 Sed
2681 5165 2888 5236 Didymi
2919 5167 3076 5238 lectio
3117 5165 3387 5238 lleiirairo
3428 5178 3586 5238 exem-

2033 5232 2176 5306 plari
2198 5250 2555 5309 consentanea
2588 5247 2691 5296 est,
2721 5232 3387 5309 et'vetustissinuiGrmco
3414 5232 3581 5309 codici.

2030 5304 2139 5376 quo
2183 5325 2311 5362 usus
2364 5321 2444 5362 est
2490 5306 2760 5362 Patricius
2821 5306 3048 5371 Junius,
3090 5307 3181 5376 qui
3231 5321 3302 5358 ex
3342 5320 3407 5358 eo
3440 5304 3585 5357 edidit

2030 5378 2264 5442 εὔξεται.

2105 5449 2218 5518 (55)
2262 5448 2343 5502 Ne
2371 5460 2543 5502 exeat.
2592 5446 2777 5502 Graeca
2823 5447 3006 5508 editio,
3046 5445 3138 5498 τοῦ

2031 5531 2132 5584 est,
2169 5539 2186 5569 ι
2220 5535 2286 5572 ne
2308 5523 2506 5582 veniat,
2540 5539 2556 5569 ›
2597 5529 2708 5580 aut,
2757 5534 2780 5568 ι
2805 5534 2880 5586 ne
2909 5527 3112 5586 pergat.
3156 5539 3172 5567 ι

2034 5591 2191 5645 habet
2235 5591 2464 5658 ἐργάται
2518 5583 2965 5658 ριουίὲργάζεται,
3008 5583 3211 5658 ’θοιιειιι
3266 5583 3583 5658 sensuz‘tl‘n-

2030 5663 2129 5714 dex
2193 5651 2464 5724 quii'usus
2507 5651 2590 5712 est
2620 5651 2830 5717 Junius,
2868 5651 3044 5721 habet,
3087 5657 3178 5709 τοῦ
3219 5657 3296 5727 μὴ
3349 5651 3580 5719 ἐξελθεῖν.

2031 5744 2088 5786 ut
2120 5732 2249 5802 legit
2285 5732 2564 5799 Didymus,
2613 5739 2668 5784 et
2695 5730 2946 5800 ἐργᾶται,
2995 5740 3050 5782 ιιι
3084 5727 3285 5782 erca:
3315 5727 3574 5781 editiones.

3173 5446 3231 5516 μ’
3298 5443 3499 5506 ἐλθεῖν,
3541 5441 3584 5493 id

3203 5465 3272 5568 ἒι
3298 5516 3453 5568 paulo
3483 5521 3584 5568 ιιοδι

3253 5527 3272 5568 1.

3297 5516 3453 5583 paulo
3483 5521 3584 5581 post

3611 5397 3619 5420 l
