3676 6310
1582 294 1813 351 ΒΙΒΥΜΙ
1853 296 1939 352 AL

2095 295 2326 351 NDRINI
2902 312 2903 315 ‘
3465 305 3548 360 διο

341 411 557 477 condit;
591 410 841 481 idemque
884 411 1033 480 facit,
1061 429 1126 471 ac
1151 413 1330 471 Moses
1360 411 1493 484 (80),
1525 414 1640 483 qui,
1677 430 1798 471 cum
1837 415 1922 469 in-

2095 416 2153 485 ;p'
2183 408 2245 467 οῦ
2276 415 2376 485 τὴν
2420 413 2753 485 ἐλευθερίαν,
2786 414 2836 466 oi
2874 411 3000 474 ναὸς
3043 411 3193 472 ὅντες
3231 413 3408 477 αὑτοῦ,
3433 418 3557 489 saxa.

342 503 610 556 visibilem
642 504 809 558 Deum
836 503 1032 573 alloqui
1074 506 1269 577 dignus
1304 505 1490 569 fiebat,
1522 506 1804 560 auferebat
1826 521 1919 559 ve-

322 578 520 651 lamen
552 594 729 649 vultus
763 597 846 653 sui
894 598 1003 666 (8|)
1031 614 1096 654 ex
1129 600 1306 657 divina
1336 598 1672 666 apparitione
1709 596 1917 665 gloriﬁ-

342 686 451 743 cmi
486 687 618 757 (32),
650 697 813 755 atque
849 688 1058 743 illorum
1095 692 1303 755 oculos,
1330 692 1420 760 qui
1448 691 1697 745 obtutum
1723 691 1774 744 in
1807 690 1923 757 ipso

345 778 592 847 agerent,
640 780 899 835 solarium
956 782 1231 836 radiorum
1266 782 1458 844 instar,
1510 780 1925 849 perstringentis

346 877 508 937 atque
542 870 865 925 bebetantis.
894 866 1181 925 Dominum
1210 882 1392 925 autem
1424 872 1526 925 hoc
1558 872 1609 925 in
1639 870 1758 926 loco
1802 869 1925 938 Spi-

349 961 511 1013 ritum
550 973 797 1017 sanctum
844 978 963 1017 esse
1014 963 1147 1017 dicit
1201 982 1212 1016 :
1258 978 1287 1016 a
1333 978 1441 1031 quo
1492 979 1611 1027 nos,
1663 963 1753 1032 qui
1805 961 1925 1030 ejus

349 1057 604 1119 templum
663 1068 869 1116 smnus,
923 1052 1225 1106 libertatem
1290 1053 1652 1122 accipientes,
1693 1053 1923 1108 revelata

346 1144 457 1215 jam
496 1144 664 1207 facie,
725 1160 825 1199 nec
879 1146 1151 1200 servitutis
1199 1145 1327 1215 jugo
1392 1146 1622 1215 amplius
1678 1161 1925 1201 succum-

348 1236 560 1297 bentes,
594 1234 815 1303 gloriam
850 1236 1058 1288 Domini
1086 1236 1137 1288 in
1166 1237 1321 1291 nobis
1349 1236 1644 1293 habitantis
1674 1237 1927 1305 specula-

350 1340 470 1377 mur
492 1340 559 1380 ex
589 1325 759 1393 gloria
792 1326 1025 1393 Spiritus
1052 1327 1104 1379 in
1140 1327 1364 1397 gloriam
1404 1328 1580 1383 Patris
1629 1332 1923 1383 venientes.

355 1416 465 1472 Sed
514 1419 919 1487 progrediantur
981 1418 1048 1470 ad
1096 1420 1400 1486 sequentia.
1435 1437 1454 1470 ι
1496 1420 1553 1473 Si
1593 1435 1801 1483 omnes,
1845 1420 1927 1472 in-

350 1510 467 1577 quit
491 1508 629 1580 (85),
654 1512 1003 1580 propheteut,
1030 1511 1193 1565 intret
1222 1520 1400 1566 autem
1424 1513 1545 1580 quis
1570 1513 1829 1578 infidelis,
1848 1512 1929 1566 vel

350 1601 539 1666 idiota,
562 1603 902 1657 convincitur
923 1604 989 1658 ab
1020 1603 1633 1673 omnibus,dijudicatnr
1661 1606 1727 1658 ab
1756 1606 1927 1659 ontni-

351 1695 451 1751 bus
473 1694 583 1765 (84)
608 1713 622 1751 :
654 1694 866 1750 oi-culta
894 1696 1077 1751 cordis
1101 1696 1218 1765 ejus
1265 1696 1550 1751 manifesta
1580 1697 1711 1750 fiunt
1736 1715 1750 1751 :
1772 1708 1825 1751 et
1855 1698 1928 1752 ita

2027 521 2197 575 μενοι,
2246 503 2752 574 ἀνακεκαλυμμένῳ
2803 501 3107 574 προσώπῳ,
3158 504 3249 555 καὶ
3278 505 3371 557 οὑκ
3399 510 3470 560 ἐτι
3494 512 3558 581 τῷ

2025 596 2175 666 ζυγῷ
2206 597 2303 665 τῆς
2330 595 2574 658 δουλείας
2607 594 3028 663 ὑποκεκυφότες,
3054 594 3152 665 τὴν
3180 595 3331 660 δόξαν
3356 598 3441 650 τοῦ
3472 598 3558 653 Κυ-

2026 687 2166 758 ρίου,
2203 686 2296 739 τοῦ
2329 686 2606 749 οἰκοῦντος
2640 686 2697 736 ὲν
2744 687 2895 756 ἡμῖν,
2947 683 3557 754 κατοπτριζόμεθα.άκὸ

2024 780 2208 846 δόξης
2221 778 2326 833 τοῦ
2351 780 2697 847 Πνεύματος
2719 781 2805 843 εἰς
2839 776 3027 842 δόξαν
3057 777 3162 831 τοῦ
3196 778 3410 846 Πατρός
3436 782 3558 849 ἐρχό-

2028 889 2195 942 μενοι.
2226 872 2508 943 Προΐωμεν
2540 871 2701 923 δὲκαὶ
2731 871 2821 922 ἐπὶ
2841 870 2910 922 τὰ
2941 869 3096 939 ἑξῆς·
3137 888 3155 919 ι
3189 869 3332 932 Ἐάν,
3367 889 3383 920 ι
3406 874 3556 940 φησὶν,

2034 982 2051 1014 ι
2096 965 2294 1026 πάντες
2327 964 2777 1033 προφητεύωσιν,
2809 962 3024 1031 εἰσέλθῃ
3070 961 3124 1014 δέ
3162 978 3242 1024 τις
3290 962 3556 1033 ἀπιστος,ἠ

2030 1057 2267 1125 ἰδιώτης,
2314 1056 2593 1125 ἐλέγχεται
2649 1056 2752 1108 ὑπὸ
2810 1055 3048 1116 πάντων,
3105 1053 3437 1123 ἀνακρίνεται
3478 1056 3559 1107 ὑπὸ

2026 1150 2266 1211 πάντων,
2291 1147 2359 1200 τά
2387 1146 2608 1217 κρυπτά
2640 1147 2736 1217 τῆς
2763 1146 2989 1215 καρδίας
3018 1144 3183 1197 αὑτοῦ
3215 1145 3416 1214 φανερά
3440 1148 3559 1211 γίνε-

2026 1257 2147 1292 ταιο
2193 1241 2287 1292 καὶ
2333 1238 2477 1291 οὕτω
2529 1237 2710 1291 πεσὼν
2757 1240 2852 1291 ἐπὶ
2888 1238 3200 1308 πρόσωπον,
3239 1240 3560 1307 προσκυνήσει

2026 1332 2103 1402 τῷ
2148 1332 2288 1402 Θεῷ,
2336 1332 2691 1401 ἀπαγγέλλων
2720 1374 2735 1397 ,
2786 1333 2866 1385 ὅτι
2911 1331 3079 1394 ὅντως
3128 1334 3157 1384 6
3201 1332 3331 1394 Θεὸς
3369 1334 3420 1384 ἐν
3460 1334 3561 1403 ὑμῖν

2028 1424 2188 1476 ἐστιν.
2217 1442 2234 1472 ι
2265 1423 2395 1485 Θεὸς
2421 1419 2512 1476 οῦν
2540 1422 3013 1493 προσκυνούμενος
3065 1423 3125 1475 τὸ
3160 1423 3217 1473 ἐν
3264 1425 3369 1484 τοῖς
3386 1439 3562 1493 προφη-

2028 1513 2249 1567 τεύουσι
2279 1515 2507 1577 καὶτοῖς
2536 1513 2712 1581 ἁγίοις
2742 1511 2935 1566 λαλοῦν
2970 1512 3065 1565 καὶ
3094 1510 3365 1582 ἐνεργοῦν,
3403 1514 3486 1563 καὶ
3508 1514 3562 1564 τά

2031 1606 2344 1677 χαρίσματα
2381 1605 2617 1676 παρέχον
2664 1604 2819 1673 ἅγιον
2848 1603 3071 1673 Πνεῦμα
3122 1605 3216 1657 καὶ
3247 1603 3463 1657 ἐνταῦθα
3482 1622 3563 1671 φα-

2033 1695 2204 1767 νερῶς
2236 1697 2569 1765 ὠνόμασται.
2589 1696 2699 1749 Καὶ
2732 1694 3089 1765 σημειωτέον,
3125 1694 3206 1747 ὅτι
3248 1696 3339 1747 καὶ
3365 1712 3565 1764 προσκυ-

353 1763 627 1843 cadens-iu
660 1788 853 1843 faciem
878 1763 1142 1844 adorabit
1164 1789 1355 1854 Deum,
1390 1792 1768 1859 pronuntians,
1788 1793 1929 1859 quod

2095 1763 2217 1841 ίται.
2283 1763 2409 1851 Τοῖς
2460 1787 2693 1859 πρόσθεν
2750 1763 3105 1859 παραπλήσια
3166 1788 3262 1839 καὶ
3321 1786 3567 1856 Ῥωμαίοις

352 1889 482 1929 vere
512 1876 649 1932 Deus
679 1877 731 1931 in
765 1876 917 1932 vobis
957 1888 1062 1936 est.
1095 1898 1114 1931 ι
1156 1879 1342 1949 Itaque
1392 1880 1493 1933 hoc
1535 1880 1697 1934 etiam
1729 1881 1781 1935 in
1812 1881 1931 1937 loco

355 1964 590 2033 Spiritus
620 1977 862 2035 sanctus,
893 1972 983 2039 qui
1027 1970 1080 2024 in
1126 1972 1423 2040 praphetis,
1451 1983 1505 2027 et
1539 1972 1592 2026 in
1624 1973 1825 2027 sanctis
1854 1973 1931 2027 lo-

355 2058 561 2127 quitur,
590 2069 645 2113 et
676 2072 955 2128 operatur,
988 2071 1045 2116 et
1078 2062 1431 2126 charismata,
1470 2079 1563 2118 seu
1599 2062 1740 2118 dona
1771 2064 1934 2133 largi-

356 2157 463 2210 tur,
484 2148 768 2205 manifeste
790 2162 1013 2205 vocatus
1043 2162 1127 2206 est
1162 2152 1302 2207 Deus
1324 2153 1598 2207 adoratus.
1630 2152 1933 2208 Notandum

356 2253 484 2297 Vero
513 2240 615 2295 hoc
645 2250 750 2305 est,
780 2243 919 2310 quod
955 2245 1067 2312 ipse
1093 2245 1255 2299 etiam
1303 2244 1518 2299 adorari
1550 2246 1766 2299 dicitur.
1799 2244 1937 2299 Prte-

356 2332 674 2387 cedentibus
707 2332 910 2388 similia
938 2336 1005 2387 ad
1040 2334 1313 2390 Romanos
1340 2351 1555 2405 quoque
1597 2336 1807 2390 scribit.
1843 2335 1936 2389 Sic

358 2432 540 2477 autem
602 2437 661 2478 se
720 2423 921 2478 habent
970 2424 1089 2495 ejus
1125 2426 1285 2481 verba
1325 2444 1339 2479 :
1390 2445 1409 2479 ι
1444 2424 1708 2498 Deus(85)
1755 2438 1933 2481 autem

358 2512 649 2581 patientia,
702 2523 756 2568 et
796 2515 1079 2587 spci(86)
1136 2519 1223 2571 det
1272 2517 1423 2572 vobis
1469 2518 1698 2586 idipsutn
1747 2534 1937 2588 sapere

356 2606 412 2660 in
442 2604 759 2660 alterutrum
789 2611 1083 2661 secundum
1108 2609 1293 2665 Jesum
1329 2612 1485 2681 231
1519 2612 1792 2667 Christum
1825 2632 1838 2667 :
1877 2622 1935 2665 ut

359 2699 640 2752 unanimes
666 2715 772 2751 uno
796 2716 891 2753 ore
931 2701 1247 2771 glorificetis
1291 2704 1457 2759 Deum
1498 2714 1553 2760 et
1591 2706 1806 2762 Patrem
1841 2710 1939 2763 Do-

359 2790 488 2844 mini
521 2794 689 2846 nostri
723 2791 850 2847 Jesu
895 2795 1118 2850 Christi.
1152 2815 1169 2847 ι
1215 2796 1348 2863 Quis
1377 2814 1504 2854 vero
1538 2810 1621 2855 est
1650 2800 1810 2866 Deus,
1847 2802 1937 2871 qui

358 2881 450 2937 dat
489 2883 647 2936 nobis
698 2884 767 2938 ita
806 2900 996 2955 sapere
1047 2889 1113 2942 de
1153 2888 1333 2953 Patre,
1361 2902 1416 2944 et
1472 2891 1755 2961 Unigeuito
1799 2896 1936 2963 ejus,

361 2973 461 3027 nisi
489 2971 722 3041 Spiritus
760 2978 1019 3031 sanctus?
1053 2976 1309 3047 Superest
1341 2981 1484 3035 enim
1512 2982 1627 3047 ipse
1654 2984 1934 3047 duntaxat,

359 3078 519 3132 quem
552 3066 639 3119 hic
685 3065 981 3136 intelligere
1016 3070 1308 3138 possimus.
1343 3072 1448 3128 Sed
1490 3074 1936 3131 Thessalonicen-
1963 3095 2009 3157 ο

360 3154 509 3209 sibus
544 3172 758 3226 quoque
787 3158 1041 3215 similiter
1072 3162 1265 3218 scribit
1298 3181 1312 3217 :
1355 3184 1373 3216 ι
1404 3166 1662 3221 Dominus
1689 3167 1804 3239 (87)
1839 3186 1937 3223 au-

362 3260 468 3303 tem
504 3250 701 3319 dirigat
740 3252 903 3305 corda
957 3265 1136 3308 vestra
1182 3254 1236 3309 in
1282 3257 1601 3311 charitatem
1647 3259 1762 3324 Dei,
1794 3271 1848 3315 et
1885 3261 1938 3314 in

362 3342 673 3408 patientiam
714 3342 937 3399 Christi.
972 3363 993 3396 ι
1038 3346 1183 3401 Adeo
1223 3356 1281 3399 ut
1321 3347 1555 3416 Spiritus
1598 3360 1819 3405 sanctus
1869 3352 1942 3407 sit

364 3431 452 3485 ille
491 3433 751 3487 Dominus
775 3473 791 3497 ,
827 3434 917 3502 qui
971 3434 1156 3505 dirigit
1188 3435 1240 3491 in
1271 3437 1593 3492 charitatem
1620 3439 1709 3493 Dei
1750 3450 1803 3495 et
1836 3439 1939 3494 Pa-

364 3524 482 3587 tris,
539 3530 593 3578 et
638 3524 689 3576 in
739 3526 1055 3593 patientiam
1084 3526 1238 3590 Filii;
1276 3537 1331 3583 et
1373 3544 1600 3584 rursus:
1632 3547 1652 3582 ι
1694 3530 1802 3586 Vos
1846 3546 1911 3584 att

364 3625 469 3689 tem
506 3615 615 3686 (88)
654 3616 913 3670 Dominus
964 3619 1304 3687 ntultiplicet,
1345 3630 1399 3676 et
1449 3622 1727 3678 abundare
1779 3623 1944 3680 faciat

363 3707 630 3762 charitate
657 3707 709 3761 in
745 3710 999 3773 invicem,
1039 3722 1093 3763 et
1128 3711 1179 3764 in
1220 3727 1432 3778 omnes,
1480 3714 1941 3778 quemadmodum

361 3809 418 3854 et
466 3814 566 3855 nos
613 3801 664 3853 in
714 3817 849 3867 vos;
889 3804 955 3855 ad
991 3805 1359 3858 confirmanda
1413 3806 1576 3859 corda
1607 3820 1784 3861 vestra
1826 3806 1944 3861 sine

362 3889 581 3958 querela
605 3888 717 3960 (89)
752 3891 805 3945 in
845 3892 1149 3955 sanctitate,
1192 3909 1375 3947 coram
1402 3895 1525 3965 (Deo
1577 3906 1631 3949 et
1665 3894 1826 3950 Patre
1856 3913 1946 3950 no-

366 3985 502 4041 stro,
532 3976 583 4030 in
615 3978 843 4032 adventu
883 3981 1090 4033 Domini
1126 3984 1292 4035 nostri
1323 3982 1449 4037 Jesn
1492 3982 1713 4038 Christi.
1763 4004 1781 4035 ι
1812 3985 1945 4051 Quis

366 4084 529 4135 porto
553 4080 635 4122 est
666 4070 752 4123 ille
782 4070 1055 4136 Dominus,
1093 4074 1181 4142 qui
1220 4075 1537 4144 multiplicat
1575 4086 1631 4131 et
1662 4077 1947 4132 confirmat

368 4160 421 4213 in
452 4164 737 4214 sanctitate
785 4178 965 4216 coram
1021 4164 1178 4217 Patre
1225 4175 1279 4219 et
1317 4164 1488 4228 Filio,
1545 4166 1646 4221 nisi
1712 4168 1945 4237 Spiritus

369 4236 623 4304 Sanctus?
656 4251 803 4321 Ipsos
834 4255 1082 4308 hortatur
1126 4256 1367 4324 insuper,
1397 4273 1463 4309 ne
1490 4274 1559 4312 ex
1590 4236 1821 4326 quadam
1856 4276 1944 4330 pe-

370 4341 615 4408 tulantia,
678 4351 770 4397 aut
820 4346 1146 4414 negligentia
1205 4347 1597 4425 a'ternam(9tt)
1647 4348 1764 4416 ejus
1814 4368 1942 4421 gra-

2032 1879 2173 1939 ἀξιοί
2210 1878 2429 1949 γράφειν
2452 1896 2465 1910 ο
2508 1878 2691 1948 ἔχουσι
2720 1877 2762 1931 δ’
2800 1880 2856 1930 αἱ
2882 1876 3055 1942 λέξεις
3088 1878 3235 1931 τόνδε
3270 1878 3356 1931 τὸν
3382 1880 3564 1948 τρόπον·

2038 1989 2058 2021 ι
2084 1970 2138 2023 Ὁ
2168 1972 2224 2023 δὲ
2262 1971 2393 2035 Θεὸς
2417 1970 2516 2041 τῆς
2544 1972 2824 2042 ὑπομονῆς
2864 1971 2957 2024 καὶ
2987 1970 3088 2040 τῆς
3114 1970 3329 2034 ἐλπίδος
3349 1970 3448 2042 δῴη
3468 1972 3569 2040 ὑμῖν

2031 2061 2093 2113 τὸ
2119 2062 2251 2114 αὐτὸ
2281 2065 2495 2133 φρονεῖν
2525 2063 2583 2115 ὲν
2612 2061 2885 2131 ἀλλήλοις,
2926 2062 3067 2115 κατὰ
3108 2060 3317 2132 Ἰησοῦν
3348 2062 3568 2131 Χριστόν·

2036 2153 2121 2205 ἵνα
2144 2152 2484 2223 ὁμοθυμαδὸν
2510 2154 2566 2205 ἐν
2616 2154 2695 2206 ένὶ
2735 2153 2962 2223 στόματι
3023 2152 3282 2222 δοξάζητε
3339 2153 3421 2206 τὸν
3466 2152 3571 2205 Θεὸν

2036 2244 2131 2297 καὶ
2176 2244 2391 2315 Πατέρα
2438 2245 2531 2297 τοῦ
2568 2245 2772 2316 Κυρίου
2802 2245 2960 2315 ἡμῶν
3013 2243 3188 2313 Ἰησοῦ
3234 2244 3475 2315 Χριστοῦ.
3498 2244 3571 2305 Τίς

2035 2330 2127 2388 οῦν
2171 2338 2198 2387 6
2234 2335 2408 2398 διδοὺς
2435 2337 2562 2405 ἡμῖν
2585 2334 2719 2397 Θεὸς
2761 2333 2902 2387 οὕτω
2947 2336 3164 2403 φρονεῖν
3212 2334 3341 2403 περὶ
3366 2332 3449 2385 τοῦ
3483 2334 3571 2385 Ila.-

2035 2427 2183 2496 τρὸς,
2233 2428 2326 2480 καὶ
2369 2427 2462 2480 τοῦ
2504 2426 2841 2495 Μονογενοῦς
2884 2424 3069 2487 αὑτοῦ,
3120 2424 3235 2478 ἀλλ’
3279 2424 3312 2494 ἦ
3356 2424 3413 2477 τὸ
3453 2425 3575 2492 ἀγιον

2038 2518 2288 2588 Πνεῦμα;
2320 2519 2459 2571 Δῦτὸ
2490 2519 2598 2590 γὰρ
2625 2518 2749 2589 [106
2812 2517 2865 2588 ιι]
2912 2517 3102 2588 νοῆσαι
3150 2520 3300 2589 ἡμᾶς
3332 2516 3575 2571 ὑπολείπε-

2036 2628 2145 2664 ται.
2192 2609 2352 2663 Ἀλλὰ
2396 2612 2489 2663 καὶ
2540 2608 3027 2662 Θεσσαλονικεῦσιν
3076 2608 3365 2671 ὡσαύτως·
3406 2626 3424 2656 ι
3451 2608 3498 2659 ⁸ο
3532 2607 3574 2658 δὲ

2038 2702 2243 2773 Κύριος
2273 2702 2595 2756 κατευθύναι
2628 2700 2779 2772 ὑμῶν
2805 2702 2903 2764 τὰς
2925 2700 3151 2772 καρδίας
3180 2702 3264 2763 είς
3286 2699 3379 2769 τὴν
3397 2699 3576 2767 ἀγάπην

2036 2793 2130 2846 τοῦ
2158 2794 2316 2858 Θεοῦ,
2372 2794 2466 2846 καὶ
2509 2795 2589 2856 εἰς
2624 2794 2721 2862 τὴν
2756 2792 3033 2863 ὑπομονὴν
3066 2792 3159 2844 τοῦ
3190 2790 3471 2863 Χριστοῦ.»
3509 2789 3577 2852 Ὠς

2038 2882 2251 2940 εἶναιτὸ
2273 2886 2425 2955 ἆγιον
2439 2886 2684 2956 Πνεῦμα,
2710 2885 2771 2937 τὸ
2793 2884 3118 2937 κατευθῦνον
3150 2884 3358 2955 Κόριον
3404 2886 3475 2946 είς
3501 2882 3578 2950 τὴν

2039 2980 2260 3049 ἀγάπην
2305 2976 2400 3031 τοῦ
2441 2977 2575 3031 Θεοῦ
2615 2979 2709 3030 καὶ
2745 2977 2980 3048 Πατρὸς,
3017 2976 3109 3030 καὶ
3158 2978 3241 3039 είς
3279 2975 3372 3044 τὴν
3409 2976 3581 3043 ὑπομο-

2039 3071 2135 3141 νὴν
2170 3068 2264 3122 τοῦ
2308 3069 2459 3126 Υίοῦ.
2502 3071 2612 3123 Καὶ
2638 3070 2820 3123 πάλιν·
2847 3088 2864 3118 t
2901 3068 3075 3139 Ὑμάς
3101 3068 3157 3121 δὲ
3187 3071 3217 3121 6
3239 3067 3432 3137 Κύριος
3454 3065 3581 3118 πλεο-

2039 3160 2197 3213 νάσαι
2229 3158 2323 3213 καὶ
2366 3159 2721 3230 περισσεύσαι
2754 3163 2820 3231 τῇ
2865 3159 3054 3231 ἀγάπῃ
3093 3160 3173 3222 είς
3212 3158 3483 3228 ἀλλήλους,
3508 3156 3583 3209 καὶ

2040 3255 2121 3316 εἰς
2169 3252 2397 3315 πάντας,
2448 3252 2699 3322 καθάπερ
2739 3254 2833 3305 καὶ
2885 3254 3048 3322 ἡμεῖς
3092 3252 3173 3314 είς
3222 3252 3399 3321 ὑμᾶς·
3436 3252 3502 3312 είς
3535 3246 3583 3298 ὠ

2044 3343 2291 3414 στηρίξαι
2325 3342 2477 3413 ὑμῶν
2507 3342 2604 3405 τὰς
2640 3342 2867 3412 καρδίας
2900 3343 3206 3413 ἀμέμπτως
3233 3344 3292 3394 ὲν
3323 3339 3582 3411 ἁγιωσύνῃ,

2041 3435 2347 3506 ἔμπροσθεν
2375 3435 2468 3488 τοῦ
2507 3435 2641 3488 Θεοῦ
2673 3437 2765 3488 καὶ
2792 3436 3004 3505 Πατρὸς
3034 3434 3213 3506 ἡμῶν,
3244 3435 3300 3487 ὲν
3326 3436 3387 3503 τῇ
3411 3448 3583 3502 παρου·

2044 3528 2135 3598 σία
2179 3526 2273 3581 τοῦ
2322 3529 2530 3600 Κυρίου
2570 3528 2727 3599 ἡμῶν
2773 3527 2947 3599 Ἰησοῦ
2982 3525 3244 3599 Χριστοῦ.
3272 3545 3291 3577 δ
3334 3526 3477 3587 Ποῖος
3511 3518 3583 3575 οὖν

2043 3617 2244 3688 Κύριος
2274 3619 2303 3670 6
2338 3617 2646 3681 πλεονάζων
2669 3618 2764 3670 καὶ
2794 3614 3069 3688 στηρίζων
3096 3617 3154 3667 ὲν
3194 3614 3469 3683 ἁγιωσύνῃ
3508 3613 3585 3679 εμ-

2046 3708 2277 3779 προσθεν
2304 3707 2396 3761 τοῦ
2436 3708 2645 3779 Πατρὸς
2663 3710 2756 3762 καὶ
2794 3707 2888 3761 τοῦ
2922 3706 3073 3769 Υἱοῦ,
3108 3707 3141 3777 ἢ
3185 3707 3249 3758 τὸ
3280 3706 3425 3773 ἅγιον
3449 3700 3583 3756 Πνεῦ-

2046 3817 2156 3871 μα;
2188 3800 2297 3853 Καὶ
2326 3802 2614 3870 παρεγγυᾷ
2636 3800 2695 3852 δὲ
2721 3799 2924 3863 αὐτοῖς,
2956 3798 3030 3869 μὴ
3060 3800 3123 3850 ὲκ
3150 3797 3430 3864 παροινίας
3451 3793 3583 3854 τινὸς,

2042 3894 2076 3965 ἢ
2126 3892 2383 3963 ἀμελείας
2418 3892 2848 3963 ἀποπέμψασθαι
2899 3892 2996 3962 τὴν
3037 3890 3093 3944 ὲν
3133 3892 3269 3959 ἡμῖν
3297 3887 3586 3956 ἀναφθεῖσαν

2044 3983 2208 4037 αὑτοῦ
2253 3985 2478 4037 αἰωνίαν
2530 3985 2726 4054 χάριν,
2784 3982 3043 4053 γράφωνο
3102 3982 3218 4034 (Τὸ
3270 3981 3482 4049 Πνεῦμα
3529 3975 3589 4047 μὴ

2046 4076 2318 4129 σϐέννυτε.
2342 4094 2359 4126 t
2396 4071 2559 4138 Αὖθίς
2590 4092 2649 4127 τε
2698 4074 2962 4127 θεοποιῶν
3011 4073 3163 4132 αὐτὸ.
3209 4072 3308 4125 καὶ
3347 4074 3437 4142 τὴν
3478 4067 3586 4139 πρὸς

2042 4165 2133 4217 τὸν
2171 4163 2389 4236 Πατέρα
2435 4164 2745 4232 συστοιχίαν
2786 4164 2879 4216 καὶ
2929 4160 3313 4233 ὁμοφροσύνην
3354 4156 3591 4225 ἀπαγγέλ-

2044 4258 2171 4317 λων,
2208 4256 2370 4327 φησίν
2389 4273 2401 4286 ·
2440 4278 2457 4308 t
2490 4257 2546 4310 '0
2569 4256 2775 4309 ἀθετῶν
2823 4257 2921 4308 οὐκ
2946 4254 3231 4324 ἄνθρωπον
3258 4252 3451 4311 ἀθετεῖ,
3481 4246 3587 4300 ἀλλὰ

2044 4350 2136 4403 τὸν
2189 4348 2342 4411 Θεὸν,
2402 4348 2494 4400 τὸν
2541 4346 2784 4401 διδοῦντα
2821 4348 2882 4399 τὸ
2909 4346 3133 4415 Πνεῦμα
3160 4344 3327 4397 αὐτοῦ
3371 4343 3429 4395 τὸ
3466 4342 3589 4407 ἅγιον

368 4434 520 4497 tiam,
556 4448 676 4502 qua:
727 4435 776 4487 in
829 4437 983 4491 nobis
1022 4438 1182 4490 veluti
1221 4455 1443 4492 accensa
1490 4450 1592 4505 est,
1641 4451 1939 4511 respuant:

2098 4456 2125 4502 ς
2152 4440 2318 4510 ἡμᾶς.
2347 4457 2364 4489 ι
2410 4437 2613 4508 Πέτρος
2643 4437 2722 4501 δὲ,
2752 4439 2781 4489 6
2806 4435 2875 4489 τὰ
2898 4438 3138 4506 πρωτεῖα
3160 4435 3218 4486 ἐν
3242 4437 3354 4495 τοῖς
3382 4429 3591 4485 ἀποστό-

370 4525 483 4578 luec
524 4526 764 4579 scribens
785 4526 927 4597 (91):
962 4547 979 4578 ι
1011 4528 1270 4597 Spiritum
1313 4530 1478 4584 nolite
1519 4532 1892 4601 exstinguere;
1917 4549 1935 4583 ι

366 4626 419 4670 et
451 4633 635 4671 rursus
667 4619 828 4672 Deum
866 4620 1010 4673 illum
1038 4621 1264 4685 faciens,
1301 4633 1353 4675 et
1382 4624 1606 4692 aequalis
1655 4640 1774 4677 eunt
1817 4640 1940 4678 cunt

367 4716 526 4768 Patre
551 4716 772 4781 gradus,
821 4730 884 4769 ac
914 4718 1193 4786 dignitatis
1234 4734 1375 4781 esse,
1416 4718 1575 4787 eique
1610 4720 1944 4773 concordare

366 4806 715 4870 annuntians,
764 4808 875 4861 ait:
920 4828 936 4859 ι
967 4810 1065 4875 Qui
1108 4810 1472 4880 speruit(92),
1527 4826 1631 4865 non
1675 4812 1942 4863 hominem

438 4919 549 4988 (80)
581 4920 772 4973 Moses.
802 4920 933 4976 Vide
964 4924 1132 4977 Exod.
1165 4940 1348 4981 xxnv.
1388 4925 1459 4978 54
1491 4934 1545 4976 et
1595 4925 1682 4977 55.
1729 4923 1939 4977 Similia

368 4988 828 5111 itfgclsOOrigencs
856 4992 905 5044 in
933 4994 1068 5046 libro
1099 4997 1272 5061 primo
1305 4994 1381 5047 De
1416 4996 1705 5061 principiis,
1745 5010 1865 5063 cap.
1888 4993 1939 5055 1,

389 5078 488 5126 mg.
520 5078 605 5114 ου.

370 5079 725 5208 ιιιῗῗέξῗυέιιὶ.
794 5130 996 5198 Codex,
1067 5132 1253 5186 αὐτοῦ.
1309 5132 1616 5202 Legendum
1687 5132 1941 5197 fortasse,

372 5218 404 5253 α
417 5218 554 5253 που.

444 5272 551 5339 (82)
590 5267 906 5339 Gloriﬁcaii.
950 5267 1134 5325 Latina
1187 5274 1465 5328 translatio
1518 5271 1689 5326 Exod.
1754 5286 1940 5334 XXXIV,

373 5340 459 5400 55,
496 5341 657 5394 Musis
694 5344 883 5396 faciem
942 5362 957 5390 ι
990 5354 1269 5396 cornutum
1302 5345 1469 5397 fuisse
1503 5361 1520 5393 ι
1579 5347 1695 5407 ait;
1750 5340 1938 5395 Graeca

374 5426 522 5466 vero,
561 5429 577 5457 ι
610 5413 961 5475 glorificatam
1000 5409 1183 5465 fuisse.
1209 5434 1226 5463 ι

446 5481 557 5548 (85)
602 5478 803 5549 Ιηίμιὶι.
847 5478 865 5532 Ι
892 5482 955 5532 ad
985 5480 1113 5536 Cor.
1147 5498 1259 5543 xlv,
1291 5484 1361 5535 24
1393 5492 1443 5535 et
1469 5484 1561 5538 2‘3.

447 5552 560 5618 (8i)
590 5552 664 5604 Ab
691 5552 947 5604 erunibus.
979 5551 1165 5606 Graeca
1211 5550 1380 5607 Biblia
1408 5565 1545 5621 post,
1576 5552 1679 5605 ὑπὸ
1707 5552 1940 5613 πάντων,

379 5621 617 5693 habent:
656 5624 751 5673 καὶ
779 5621 921 5693 οὕτω
955 5621 1023 5693 τὰ
1070 5623 1309 5693 κρυπτά,
1359 5624 1411 5677 id
1446 5634 1527 5676 est
1589 5642 1606 5674 ι
1636 5636 1689 5676 et
1735 5624 1807 5676 ita
1856 5639 1947 5675 0c-

380 5689 543 5743 culta.
574 5708 597 5763 t
639 5693 744 5743 Sed
775 5690 938 5743 Btldia
981 5689 1164 5763 Latina
1200 5694 1323 5749 item
1371 5706 1425 5747 ut
1476 5695 1730 5763 Didymus
1787 5696 1946 5747 until——

387 5768 502 5815 tuut
530 5761 617 5815 hic
648 5778 823 5828 voces,
862 5784 877 5812 ι
911 5772 963 5817 et
996 5762 1086 5819 ita.
1125 5784 1143 5815 ι

2048 4532 2160 4594 λοις
2188 4530 2347 4600 ἔχων,
2373 4530 2667 4602 διαρρήδην
2691 4529 2824 4581 Θεὸν
2847 4528 2941 4580 κα)⁵
2972 4526 3173 4597 Κύριον
3195 4526 3258 4579 τὸ
3284 4526 3432 4593 ἅγιον
3453 4520 3592 4575 Πνεῦ-

2052 4642 2128 4693 μα
2168 4622 2469 4694 παριστῶν,
2501 4621 2738 4673 τοιοῦτον
2768 4619 3065 4691 ἠπείλησεν
3099 4618 3243 4671 κατὰ
3279 4617 3422 4683 λέξιν
3463 4616 3592 4665 Ἀνι-

2050 4715 2139 4785 vi;
2185 4715 2293 4766 τινὶ
2324 4713 2600 4783 τοῦνομα’
2656 4732 2673 4765 ι
2707 4712 2805 4766 Διὰ
2852 4711 2904 4763 τί
2952 4709 3273 4780 ἐπλήρωσεν
3310 4711 3338 4761 6
3385 4704 3593 4764 Σατανᾶς

2051 4807 2149 4877 τὴν
2168 4805 2393 4877 καρδίαν
2422 4822 2537 4871 σου,
2566 4804 2869 4875 ψεύσασθαί
2900 4820 2959 4856 σε
2996 4804 3057 4855 τὸ
3090 4802 3318 4873 Πνεῦμα
3350 4800 3409 4853 τὸ
3447 4798 3591 4865 ἅγιον,

2140 4922 2230 4992 85)
2262 4922 2421 4976 Deus.
2457 4922 2613 4992 Rcui.
2651 4937 2740 4983 xv,
2774 4920 2888 4992 5_et
2916 4920 2968 4974 6.

2140 4926 2230 4992 85)
2262 4926 2421 4976 Deus.
2457 4926 2613 4975 Korn.
2651 4937 2740 4983 xv,
2774 4926 2805 4975 5
2835 4930 2888 4974 et
2916 4926 2968 4974 6.

2117 4926 2230 5062 :86)
2282 4993 2349 5045 Et
2401 4996 2529 5056 spei.
2582 4991 2760 5062 Biblia
2797 4990 3023 5045 Grzeea:
3073 4989 3165 5042 καὶ
3199 4987 3589 5061 παρακλήσεως»

2052 5062 2101 5115 id
2141 5075 2242 5129 est,
2282 5082 2299 5112 ι
2330 5074 2381 5116 et
2412 5061 2873 5117 consolationis.)

2141 5128 2233 5189 87)
2261 5131 2537 5185 Dominus.
2572 5132 2611 5184 ll
2664 5130 2855 5183 Thess.
2892 5144 2977 5189 III.
3018 5128 3069 5182 5.

2141 5133 2203 5184 87
2261 5132 2537 5185 Dominus.
2572 5132 2611 5184 ll
2664 5132 2855 5183 Thess.
2892 5144 2977 5189 III.
3018 5132 3069 5182 5.

2118 5132 2229 5272 ξ88)
2271 5201 2366 5272 Vos
2425 5212 2617 5254 autem.
2652 5201 2672 5252 ῐ
2710 5198 3018 5272 Τιιρδεζιιι.
3058 5199 3118 5252 l9.
3149 5209 3199 5272 et
3240 5199 3327 5272 i5.

2267 5271 2393 5359 Sine
2420 5273 2661 5359 (μιεινειιξ.Ι
2690 5270 2873 5359 Graeca
2908 5268 3098 5359 Dialia,
3153 5269 3477 5359 ἀμέὶμητως.

2123 5329 2234 5409 (90)
2274 5329 2573 5407 Ᾱίιενῖιαηι.
2610 5340 2662 5393 Id
2703 5349 2805 5398 cst.
2851 5358 2868 5390 ι
2908 5329 3215 5409 (Ιίνίιιυιιμὶ
3252 5329 3381 5389 Vide
3410 5344 3506 5409 not.
3532 5329 3591 5409 9'3

2200 5401 2325 5465 2⁵28.
2359 5404 2592 5464 Δίωνίαν
2634 5427 2761 5463 vero
2788 5412 2919 5463 dicit
2951 5426 3044 5475 pro
3070 5407 3315 5479 αἰώνιον,
3340 5418 3388 5456 ιιι
3407 5401 3596 5479 “Paulus

2080 5474 2218 5535 lebr.
2253 5498 2327 5540 ιι.
2360 5484 2425 5534 l2
2460 5482 2617 5544 dixit,
2644 5480 2868 5533 αἰωνίαν
2896 5474 3183 5548 λύτρωσιν,
3213 5490 3262 5529 ct
3303 5476 3518 5528 Basilius
3541 5474 3595 5548 li-I

2056 5555 2151 5605 Itl‘O
2180 5552 2257 5604 De
2292 5537 2383 5617 Sp.
2418 5537 2756 5617 smtclo'cap.
2804 5552 2887 5614 ll,
2937 5537 3129 5601 αἰωνία
3175 5537 3507 5617 κατάκρισις,
3554 5537 3597 5592 id

2055 5634 2139 5677 est
2175 5640 2192 5670 ‹
2225 5622 2552 5687 sempiterna
2577 5621 2976 5687 cm_tdetnnatio.
3010 5639 3025 5668 ι

2130 5690 2240 5756 (:tl)
2277 5675 2551 5757 spiram.
2586 5675 2820 5745 l'l'hess.
2854 5706 2904 5751 v,
2942 5689 3023 5743 19.

2130 5740 2238 5831 {952}
2280 5740 3089 5828 §.;'*.,,.L;.;u:musis...
3139 5758 3189 5813 8.
3241 5756 3292 5811 In
3344 5740 3596 5815 Graeco,6
