3676 6306
326 315 435 373 M3

1553 308 1788 365 DIDYMI
1828 305 2297 363 ALEXANDRINI

3470 301 3563 365 ειι

325 442 414 488 est
462 428 723 501 Spiritus,
758 426 830 483 ita
881 424 1047 480 etiam
1101 430 1326 479 sanctus
1377 434 1493 490 ejus
1526 421 1767 491 Spiritus
1814 430 1887 477 est

2050 419 2141 490 [ίῳ
2182 417 2462 488 Πνεύματι
2487 415 2609 488 ζέφη
2638 415 2700 469 τὺ
2737 415 2919 484 λόγιον
2956 415 3050 471 τὸν
3087 414 3224 469 Θεδν
3256 422 3568 489 προσκυνεῖ-

329 525 595 580 Deus:et
617 521 758 576 sicut
806 520 949 575 Deus
996 527 1051 573 et
1096 526 1201 582 est,
1235 524 1290 572 et
1337 528 1460 571 esse
1500 515 1699 570 dicitur
1743 514 1893 577 illud,

326 616 471 685 quod
508 622 593 669 est
627 611 862 682 Spiritus
886 609 1040 678 ejus;
1078 609 1150 663 ita
1193 607 1359 663 etiam
1403 604 1638 675 Spiritus
1674 613 1896 659 sanctus

328 702 458 758 illud
487 712 589 767 est,
615 700 758 771 quod
789 711 871 754 est
902 699 1009 759 ille,
1039 697 1193 766 cujus
1221 696 1454 766 Spiritus
1493 704 1609 750 est:
1643 695 1893 748 nimirum

328 800 415 847 est
456 791 709 861 principii
765 804 957 858 expers
992 789 1153 841 Deus.
1213 786 1337 840 Haec
1387 800 1517 856 ergo
1567 792 1649 839 est
1712 798 1895 838 eorum

331 885 615 938 verborum
661 881 924 936 sententia
958 896 975 935 :
1019 877 1243 947 Oportet
1291 892 1391 931 nos
1419 884 1531 932 toto
1572 885 1757 930 nostro
1790 874 1900 943 spi-

331 976 436 1029 ritu
453 974 531 1047 (9)
568 972 900 1028 confidenter
924 984 987 1024 ac
1007 970 1124 1023 sine
1163 967 1499 1021 haesitatione
1523 964 1627 1038 (5),
1657 979 1777 1019 cum
1807 978 1899 1017 ve-

330 1064 514 1127 ritate,
550 1078 655 1118 non
691 1075 821 1114 vero
853 1059 982 1115 solis
1013 1058 1187 1120 labiis,
1235 1059 1497 1125 nudisque
1534 1055 1897 1115 sermonibus,

330 1156 590 1225 Spiritum
608 1153 768 1223 233
784 1161 1028 1207 sanctum
1051 1151 1296 1205 adorare.
1317 1148 1467 1215 Quod
1498 1147 1542 1202 si
1569 1146 1803 1201 dixerint
1819 1146 1897 1215 (4)

328 1246 720 1307 Macedoniam,
742 1246 795 1298 in
814 1243 975 1298 allato
1005 1237 1644 1308 Scripturteoraculodici
1658 1237 1897 1307 quidem,

326 1341 473 1409 quod
524 1340 578 1393 in
612 1336 813 1407 Spiritu
870 1343 1062 1389 sancto
1101 1332 1243 1387 Deus
1287 1330 1564 1397 adoratur,
1604 1344 1713 1382 non
1769 1341 1899 1381 vero

327 1432 492 1486 etiam
522 1429 649 1494 dici,
674 1426 815 1498 quod
850 1425 1092 1495 Spiritus
1134 1425 1412 1486 adoratur,
1445 1420 1576 1474 illud
1608 1420 1769 1474 etiam
1808 1434 1901 1472 co-

329 1530 524 1590 gentur
554 1519 754 1585 dicere,
786 1532 882 1571 nos
924 1516 979 1571 in
1024 1514 1164 1570 Filio
1202 1514 1444 1574 adorare,
1492 1528 1595 1565 non
1643 1526 1769 1565 vero
1805 1510 1898 1564 Fi-

332 1610 464 1665 lium
519 1608 730 1665 adorari
781 1625 795 1661 :
838 1607 1064 1677 ipsemet
1116 1606 1259 1660 enim
1311 1604 1433 1658 ait:
1482 1622 1500 1654 ‹
1540 1602 1648 1672 Ego
1670 1602 1745 1672 (5)
1778 1616 1897 1655 sunt

329 1702 571 1756 veritas:
604 1720 623 1752 ›
656 1715 719 1754 ac
750 1714 817 1753 ne
845 1699 925 1752 sic
958 1697 1175 1767 quidem
1224 1695 1327 1749 ulla
1373 1694 1477 1748 erit
1504 1710 1567 1749 ex
1611 1695 1712 1748 hoc
1750 1703 1897 1747 textu

1997 511 2154 575 σθαι,
2194 510 2315 581 οὐχὶ
2342 510 2435 563 καὶ
2477 508 2539 561 τὸ
2588 508 2816 579 Πνεῦμα
2855 508 3308 581 προσκυνεῖσθαι·
3336 510 3569 577 avaru-

1996 603 2285 675 σθήσονται
2328 600 2497 665 λέξαι,
2543 600 2627 653 ὃτι
2676 599 2771 653 καὶ¹
2814 602 2871 653 ὲν
2900 600 2979 671 τῷ
3011 600 3145 671 Υίῷ,
3171 601 3298 671 οὐχὶ
3342 601 3440 654 καὶ
3486 602 3569 653 τὸν

1994 694 2143 747 Υἰόν.
2177 692 2347 755 Αὐτὸς
2387 692 2496 763 γὰρ
2540 692 2663 762 ἔφη·
2704 711 2721 744 ι
2758 691 2897 762 Ἐγώ
2925 693 3040 763 εἰμι
3085 692 3374 764 ηὰλήθεια
3401 710 3451 743 ο»
3484 694 3570 745 καὶ

1993 786 2092 856 οὐχ
2137 784 2317 849 ἕξουσι
2358 784 2479 837 οὐδὲ
2521 784 2630 839 ἀπὺ
2662 784 2757 837 τοῦ
2799 783 2965 855 ῥητοῦ
3006 784 3160 838 τοῦδε
3210 783 3476 856 διαφορὰν
3520 786 3569 836 αἱ

1998 879 2263 948 μακάριαι
2304 875 2634 940 ὑποστάσεις
2682 868 2865 931 αὗται.
2928 877 3155 938 Ἡσαΐας
3197 877 3274 941 δὲ,
3315 876 3447 947 περὶ
3480 877 3571 946 τῆς

2008 967 2333 1038 Ἐκκλησίας
2384 966 2478 1020 καὶ
2532 965 2641 1020 τῶν
2684 968 2741 1020 ὲν
2782 968 2918 1037 αὐτῇ
2968 966 3448 1038 ὲκπαιδευομένων
3478 967 3572 1038 τὴν

1998 1059 2188 1128 σοφίαν
2216 1059 2309 1112 τοῦ
2334 1059 2649 1129 Πνεύματος
2677 1057 3055 1129 προφητεύων,
3087 1058 3182 1111 ὼδι
3208 1076 3325 1122 πως
3353 1058 3465 1111 ἁπὺ
3486 1059 3573 1111 τοῦ

1995 1150 2129 1204 Θεοῦ
2156 1150 2442 1219 καταλέγει
2467 1168 2481 1182 ο
2516 1169 2536 1202 ι
2578 1151 2711 1204 Ἰδοὺ
2765 1149 2874 1220 ἐγὼ
2922 1148 3194 1219 ἐτοιμάζω
3222 1166 3303 1201 σοι
3328 1147 3573 1219 ἄνθρακα

1995 1243 2087 1296 τὸν
2119 1241 2266 1295 λίθον
2296 1259 2413 1306 σου,
2469 1241 2565 1296 καὶ
2608 1241 2679 1294 τά
2722 1240 2948 1310 θεμέλιά
2980 1256 3075 1292 σου
3112 1238 3449 1308 σάπφειρον·
3481 1236 3573 1289 καὶ

1998 1333 2148 1405 θήσω
2176 1334 2273 1397 τὰς
2308 1334 2567 1398 ἐπάλξεις
2613 1350 2705 1386 σου
2755 1334 2963 1399 τασπιν,
2996 1332 3091 1385 καὶ
3118 1331 3218 1394 τὰς
3262 1330 3442 1391 πύλας
3482 1346 3569 1382 σου

1996 1427 2176 1490 λίθους
2226 1427 2582 1498 κρυστάλλου,
2632 1428 2725 1479 καὶ
2775 1425 2867 1479 τὸν
2913 1424 3197 1496 περίϐολόν
3243 1440 3337 1475 σου
3399 1422 3572 1484 λίθους

1996 1519 2306 1582 ἐκλεκτοὺς,
2324 1520 2416 1571 καὶ
2434 1519 2641 1581 πάντας
2657 1520 2781 1582 τοὺς
2805 1518 2952 1580 υἱούς
2973 1536 3064 1571 σου
3084 1517 3361 1577 διδακτοὺς
3381 1513 3535 1566 Θεοῦ.
3549 1532 3567 1563 ι

1997 1602 2253 1670 τΗστινος
2288 1608 2625 1678 προφητείας
2655 1609 2683 1659 ὁ
2712 1608 2903 1676 Σωτὴρ
2925 1605 3332 1676 ἐμνημόνευσεν
3351 1601 3479 1673 [107
3519 1598 3571 1669 ιι

2000 1699 2128 1770 παρ’
2169 1697 2410 1770 Ἰωάννῃ,
2442 1696 2642 1750 εἰπών·
2681 1714 2699 1747 ι
2731 1697 2918 1749 Ἔστιν
2950 1694 3331 1765 γεγραμμένον
3366 1692 3426 1743 έν
3465 1691 3573 1753 τοῖς

331 1793 608 1848 beatarum
640 1791 865 1844 istarum
895 1787 1264 1859 hypostasium
1309 1785 1690 1854 discrepantia.
1732 1786 1887 1838 Isaias

2050 1789 2306 1858 ροφήταις
2326 1804 2340 1819 ο
2377 1788 2485 1840 Καὶ
2516 1786 2726 1839 ἔσονται
2761 1787 2960 1849 πάντες
2982 1785 3219 1838 διδακτοὶ
3248 1781 3385 1835 Θεοῦ
3422 1801 3440 1833 ι
3468 1780 3574 1832 Καὶ

332 1895 460 1936 vero
500 1880 564 1934 de
608 1878 847 1933 Ecclesia
892 1878 1244 1946 prophetans,
1279 1888 1335 1930 ct
1378 1875 1443 1929 de
1490 1875 1597 1938 bis,
1623 1876 1711 1939 qui
1754 1875 1806 1928 in
1835 1890 1899 1928 ea

328 1973 649 2042 sapientiam
682 1970 922 2041 Spiritus
960 1971 1241 2027 docentur.
1281 1978 1443 2037 atque
1478 1967 1645 2021 Deum
1676 1967 1900 2034 loquen-

330 2072 439 2119 tem
464 2063 742 2127 inducens,
780 2062 920 2116 hunc
950 2060 1083 2114 texit
1114 2059 1452 2128 cataIOgum:
1489 2076 1507 2108 ι
1545 2057 1680 2111 Ecce
1699 2073 1799 2126 ego
1822 2055 1898 2128 (6)

331 2168 583 2225 prepare
617 2152 713 2208 tibi
743 2151 1131 2208 carbunculum
1160 2150 1390 2220 lapidem
1439 2160 1609 2215 tuum,
1637 2158 1689 2202 et
1712 2148 1900 2201 fututa-

334 2252 511 2299 menta
550 2251 638 2295 tua
670 2240 1014 2311 sapphirum;
1050 2249 1104 2294 et
1135 2253 1329 2307 ponam
1381 2238 1775 2307 propugnacula
1811 2249 1898 2291 tua

334 2335 614 2405 iaspidem,
644 2343 697 2388 et
722 2343 903 2402 portas
932 2342 1051 2386 tuas
1080 2330 1283 2399 lapides
1312 2330 1545 2400 crystalli
1578 2328 1674 2399 (7),
1704 2338 1758 2383 et
1788 2329 1901 2383 Val-

332 2426 442 2482 lum
474 2436 619 2480 tuum
662 2424 866 2496 lapides
893 2423 1142 2489 selectos,
1172 2429 1227 2476 et
1257 2436 1449 2475 omnes
1488 2421 1627 2474 lilios
1655 2430 1773 2474 tuos
1803 2421 1900 2473 do-

331 2528 449 2573 ctos
485 2517 697 2589 Dei(8).
723 2536 742 2570 ι
783 2515 950 2584 Cujus
998 2513 1294 2586 prophetiae
1349 2513 1594 2567 meminit
1648 2510 1899 2565 Salvator

327 2611 469 2681 apud
494 2609 753 2665 Joannem
790 2608 1039 2679 inquiens
1073 2626 1087 2662 :
1119 2626 1137 2658 ι
1177 2606 1446 2674 Scriptum
1472 2617 1556 2659 est
1572 2604 1648 2675 (9)
1685 2605 1737 2658 in
1772 2620 1898 2675 pro-

328 2702 545 2773 phetis:
583 2701 646 2756 Et
674 2711 834 2756 erunt
873 2715 1062 2755 omnes
1091 2700 1232 2753 docti
1279 2697 1394 2751 Dei.
1422 2716 1440 2748 ι
1479 2695 1572 2750 llis
1602 2710 1728 2750 vero
1771 2710 1899 2750 con-

330 2807 585 2851 sontanea
624 2794 813 2849 scribit
852 2793 1015 2847 etiam
1042 2791 1242 2846 Paulus
1274 2789 1845 2846 Thessalonicensilms
1880 2807 1894 2843 :

334 2907 357 2940 ε
386 2888 492 2942 Vos
523 2887 664 2942 enim
682 2886 794 2957 (10)
829 2886 927 2955 ipsi
979 2901 1008 2940 a
1047 2885 1156 2938 Deo
1200 2884 1343 2938 docti
1378 2884 1529 2945 estis,
1565 2893 1624 2936 ut
1664 2881 1899 2951 diligatis

330 2995 428 3035 vos
469 2979 762 3033 invicemn
797 2978 966 3031 Ambo
1024 2992 1153 3031 vero
1205 2977 1271 3030 de
1330 2974 1529 3044 Spiritu
1587 2983 1776 3028 sancto
1828 2973 1901 3028 lo-

331 3080 591 3141 quuntur.
635 3071 714 3122 Ita
762 3080 816 3123 et
867 3068 918 3122 in
970 3066 1175 3123 Joanne
1219 3082 1408 3121 rursus
1468 3066 1542 3119 ait
1588 3065 1894 3120 Dominus:

2003 1878 2212 1942 Παῦλος
2238 1878 2293 1931 δὲ
2320 1878 2800 1933 Θεσσαλονικεῦσιν
2828 1877 3094 1931 ἀκόλουθα
3120 1875 3321 1928 τούτων
3344 1872 3571 1944 γράφει⁶

2009 1970 2210 2023 «Αὐτοὶ
2256 1969 2366 2041 γὰρ
2398 1971 2556 2040 ὑμεῖς
2596 1969 2921 2023 θεοδίδακτοί
2967 1971 3089 2021 ἐστε
3130 1968 3210 2029 είς
3247 1968 3310 2019 τὸ
3353 1964 3575 2033 ἀγαπᾷν

2002 2062 2287 2133 ἀλλήλους.
2317 2080 2335 2112 ι
2388 2062 2712 2132 Ἀμφότεροι
2749 2061 2805 2115 δὲ
2857 2060 2986 2132 περὶ
3031 2059 3124 2112 τοῦ
3158 2057 3313 2125 ἁγίου
3356 2055 3574 2122 λέγουσι

2004 2154 2339 2223 Πνεῦματος,
2370 2152 2447 2215 ὡς
2481 2155 2539 2204 ὲν
2593 2153 2811 2223 Ἰωάννῃ
2856 2147 3013 2213 αὖθις
3036 2152 3064 2204 ό
3085 2148 3359 2216 Δεσπότης
3389 2145 3569 2213 λέγει’

2008 2264 2028 2298 ι
2066 2247 2300 2307 Ἐκεῖνος
2329 2245 2471 2315 ὑμᾶς
2501 2243 2723 2308 διδάξει,
2760 2243 2852 2297 καὶ
2890 2243 3193 2313 ἀναμνήσει
3234 2239 3434 2292 πάντα.
3461 2256 3480 2288 ι
3512 2236 3573 2289 Ei

2002 2338 2179 2392 τοίνυν
2207 2340 2254 2391 oi
2290 2337 2396 2390 ὑπὸ
2423 2336 2512 2390 τοῦ
2549 2337 2701 2405 ἁγίου
2729 2335 3047 2404 Πνεῦματος
3077 2331 3474 2401 διδασκόμενοι,
3498 2327 3574 2379 δι-

2000 2430 2185 2485 δακτοὶ
2213 2429 2345 2484 Θεοῦ
2391 2429 2697 2495 ἁκούουσιν,
2728 2429 2781 2483 τί
2808 2429 2955 2481 ἐστιν
2983 2426 3044 2480 τὸ
3080 2426 3232 2493 ἅγιον
3265 2422 3511 2493 Πνεῦμα,
3545 2420 3575 2472 6

2001 2522 2384 2591 ἀναγινώσκων
2427 2521 2632 2586 νοείτω,
2661 2520 2875 2574 ἁκούων
2903 2518 2996 2573 καὶ
3027 2514 3536 2588 έτέρου.αὑχοῦντος
3556 2524 3574 2541 ⁸

2007 2633 2026 2665 ‹
2066 2614 2124 2666 '0
2154 2612 2284 2677 Θεὸς
2311 2610 2542 2677 ἐδίδαξέν
2576 2629 2641 2683 με
2673 2611 2863 2679 σοφίαν
2882 2627 2931 2661 ⁸)
2963 2609 3060 2663 καὶ
3090 2608 3278 2661 πάλιν’
3312 2625 3331 2657 ι
3372 2604 3575 2657 Ἐδίδα-

2004 2702 2091 2765 ξέν
2122 2722 2189 2774 με
2220 2705 2248 2756 ὁ
2289 2704 2420 2770 Θεὸς
2462 2705 2526 2757 ὲκ
2566 2704 2813 2775 νεότητός
2861 2720 2992 2773 μου.
3014 2720 3034 2755 ι
3083 2701 3362 2772 Κέκληται
3391 2698 3447 2751 δὲ
3481 2696 3577 2749 καὶ

2003 2793 2377 2856 θεόπνευστος,
2407 2793 2498 2846 καὶ
2542 2793 2663 2847 θεία
2687 2795 2721 2864 ἡ
2754 2790 2965 2863 Γραφὴ,
2991 2791 3067 2854 ὼς
3104 2788 3199 2843 τοῦ
3243 2786 3577 2845 πνεύσαντος

2002 2885 2168 2957 αὐτὴν
2194 2884 2349 2954 ἁγίου
2381 2884 2521 2938 Πνεύ
2531 2902 2697 2955 ματος
2718 2883 2852 2937 Θεοῦ
2876 2882 3235 2946 καθεστῶτος,
3264 2880 3408 2934 κατὰ
3428 2877 3577 2931 Παῦ-

2001 2974 2091 3030 λον
2123 2976 2402 3047 γράφοντα
2441 2976 2688 3047 Τιμοθέῳ
2736 2976 2795 3028 τὸ
2828 2976 3076 3047 δεύτερον
3097 2993 3112 3007 ·
3149 2994 3167 3024 ι
3198 2975 3353 3026 Πᾶσα
3386 2968 3579 3042 Γραφὴ

2003 3065 2376 3129 θεόπνευστος,
2409 3067 2502 3119 καὶ
2554 3066 2847 3138 ὠφέλιμος.
2875 3085 2894 3119 ι
2921 3067 3033 3120 Καὶ
3059 3062 3213 3128 αὗθις
3249 3064 3307 3116 δὲ
3344 3062 3577 3132 Πέτρος,

338 3182 358 3216 ι
399 3162 633 3233 Ille-(ll)
666 3176 763 3217 vos
810 3161 1045 3223 docebit,
1090 3169 1147 3214 et
1192 3158 1243 3213 in
1283 3158 1594 3213 memoriam
1630 3156 1887 3211 revocabit

2050 3157 2292 3227 ποφέρων
2316 3156 2376 3209 τὸ
2404 3158 2476 3228 μὴ
2503 3156 2613 3210 δεῖν
2642 3156 2849 3209 οἴεσθαι
2888 3157 2950 3209 τὸ
2977 3156 3129 3223 ἆγιον
3156 3154 3378 3223 Πνεῦμα
3401 3152 3579 3205 τελεῖν

330 3254 535 3308 omnia.
570 3272 587 3304 ι
620 3251 674 3305 Si
705 3266 834 3320 ergo
862 3251 952 3321 qui
985 3266 1014 3304 a
1060 3249 1264 3319 Spiritu
1316 3260 1507 3305 sancto
1543 3248 1718 3304 edocti
1750 3256 1896 3311 sunt,

332 3344 476 3400 docti
509 3360 538 3398 a
571 3343 682 3398 Deo
726 3343 981 3397 dicuntur
1017 3359 1031 3395 :
1073 3340 1199 3409 quid
1249 3340 1318 3395 sit
1370 3340 1605 3408 Spiritus
1656 3326 1898 3406 sanctus,

336 3435 471 3505 «qui
507 3434 790 3507 legit(l%),
829 3434 1113 3501 intelligat,
1146 3452 1166 3483 ι
1202 3447 1323 3486 cum
1352 3432 1534 3486 audiat
1572 3431 1731 3485 etiam
1759 3432 1892 3485 alte-

332 3542 451 3583 rum
495 3528 810 3598 gloriantem
860 3540 876 3579 :
917 3543 937 3576 ι
978 3522 1247 3592 Deus(l3)
1303 3524 1485 3579 docuit
1538 3538 1625 3577 me
1682 3522 1896 3591 sapien-

331 3618 496 3685 tiam;
535 3637 554 3670 ι
599 3628 654 3673 et
688 3632 873 3673 rursus
901 3635 914 3671 :
954 3618 1184 3673 «Docuit
1210 3614 1321 3686 (14)
1355 3629 1442 3671 me
1479 3615 1621 3670 Deus
1649 3630 1677 3668 a
1703 3614 1897 3684 juven-

403 3773 480 3846 (ἓ)
513 3772 715 3846 plostra
742 3774 951 3846 spiritu.
975 3773 1031 3827 in
1062 3773 1197 3828 libro
1226 3776 1388 3829 etiam
1420 3773 1492 3827 De
1517 3772 1659 3839 Spir.
1686 3783 1887 3837 sancto,

327 3844 481 3900 nam.
510 3844 599 3909 57,
625 3846 783 3897 verba
813 3844 900 3898 illa
953 3863 971 3896 ι
1003 3846 1057 3898 In
1105 3846 1297 3912 spiritu
1336 3857 1391 3899 et
1436 3847 1683 3908 veritate,
1719 3864 1737 3895 ι
1801 3848 1879 3897 sic

329 3915 568 3982 espouit,
595 3923 649 3965 ut
677 3915 741 3967 ad
774 3914 1029 3982 Spiritum
1062 3926 1328 3979 sanctum,
1362 3926 1416 3968 et
1447 3915 1510 3965 ad
1547 3913 1738 3967 Filium
1776 3929 1883 3966 non

329 3982 551 4055 referat.
587 3982 735 4055 «Qui
787 3987 1227 4055 transcendentes
1268 3985 1484 4055 (inquit)
1547 3985 1787 4055 umbras,
1828 3991 1883 4037 et

329 4051 592 4119 imagines
620 4050 830 4106 Veteris
869 4051 1197 4107 Testamenti
1226 4050 1473 4108 cultores
1492 4053 1603 4106 veri
1656 4054 1885 4107 adorant

331 4120 607 4192 Patrem}
641 4122 691 4175 in
724 4122 935 4190 spiritu,
964 4132 1019 4176 et
1070 4122 1419 4187 veritatesln
1463 4122 1706 4192 spiritu,»
1761 4123 1886 4192 quia

328 4190 654 4259 corporalia,
703 4202 759 4244 et
808 4193 1023 4245 lmmilia
1082 4190 1550 4248 transcenderunt.
1608 4210 1627 4243 ι
1657 4191 1710 4245 In
1738 4190 1879 4246 veri-

330 4268 463 4325 tate,
496 4279 514 4312 ι
546 4262 671 4330 quia
701 4270 873 4330 typos,
917 4272 971 4315 et
1004 4261 1241 4326 umbras,
1269 4271 1323 4316 et
1363 4262 1692 4330 exemplaria
1720 4262 1885 4315 relin-

329 4339 580 4400 quentes,
610 4331 674 4383 ad
697 4330 863 4400 ipsius
888 4332 1127 4386 veritatis
1150 4346 1343 4387 venere
1361 4331 1736 4399 substantiam,
1762 4340 1886 4397 et,..

331 4399 401 4455 ad
429 4399 760 4469 spiritualein
793 4400 925 4468 legis
945 4403 1185 4455 notitiam
1218 4410 1598 4469 pervenerunt.
1631 4419 1649 4450 ι

429 4416 455 4452 s
495 4415 760 4453 tntuatem
793 4415 1185 4468 tegtsnottttam
1218 4415 1598 4469 pervenerunt.
1631 4419 1649 4450 ι

400 4415 491 4540 (ὃ)>
519 4466 644 4523 Sine
690 4469 1036 4524 haesitatione.
1076 4469 1276 4533 Codex,
1332 4470 1726 4534 ἁνενδυάστως.

331 4536 646 4593 Ιίιΐὸτεὶιιιη
674 4541 795 4607 quis
823 4540 997 4605 legere
1021 4580 1036 4603 ,
1079 4540 1490 4603 ἁνενδοιάστως·
1537 4551 1592 4594 at
1636 4540 1887 4594 librarius

328 4619 606 4679 segmento
660 4611 821 4663 etiam
851 4610 953 4663 122
986 4626 1017 4663 a
1053 4612 1290 4679 scripsit,
1329 4610 1711 4672 ὲνδυάσαντας.
1746 4609 1887 4675 Quin

328 4678 468 4733 alius
508 4693 720 4747 quoque
759 4678 1457 4748 Alexandrinusscriptor,
1495 4694 1686 4747 nempe
1720 4681 1889 4735 Atha-

327 4750 537 4813 nasius,
571 4752 729 4802 habet
757 4764 860 4802 non
895 4751 1060 4804 semel
1084 4749 1408 4817 ὲνδυαστῶς,
1459 4752 1511 4805 id
1556 4761 1641 4804 est
1686 4766 1705 4800 ι
1733 4749 1889 4804 dubi-

330 4827 520 4873 tanter.
557 4836 576 4869 ›
613 4819 741 4872 Vide
780 4828 955 4873 tamen
984 4835 1153 4878 senm.
1184 4821 1283 4873 184
1310 4820 1361 4872 b.

399 4888 476 4958 (4)
517 4887 668 4953 Quod
706 4891 751 4941 si
779 4890 1026 4943 dixerint.
1058 4889 1115 4943 In
1149 4891 1331 4944 verbis
1366 4889 1494 4948 illis.
1527 4906 1547 4939 ι
1576 4886 1633 4940 1η
1660 4886 1883 4957 spiritu,

326 4965 383 5011 et
418 4960 662 5021 veritate,
691 4977 709 5009 ι
756 4959 1016 5027 Spiritum
1045 4970 1289 5014 sanctum
1324 4979 1342 5010 ι
1363 4958 1586 5027 spiritus
1616 4976 1634 5008 ι
1670 4958 1888 5012 nomine

328 5027 597 5095 designari
671 5028 921 5083 volebant
987 5029 1374 5084 Macedoniam.
1435 5028 1695 5097 Didymus
1765 5039 1890 5081 vero

330 5106 444 5167 tum
471 5097 581 5167 hic,
612 5105 722 5150 tum
750 5113 919 5167 segm.
962 5099 1065 5153 154
1091 5104 1143 5164 b,
1170 5099 1328 5152 aliter
1370 5113 1432 5152 ea
1481 5098 1886 5167 interpretatur.

329 5163 627 5235 Utrobique
647 5163 839 5220 tamen'
852 5163 1163 5235 contendit,
1187 5183 1374 5223 eorum
1404 5163 1666 5220 rationem
1695 5166 1891 5220 nullius

327 5248 469 5305 esse
496 5234 766 5304 ponderis,
814 5237 916 5290 etsi
960 5234 1159 5293 locutio
1198 5238 1311 5304 illa,
1353 5254 1372 5289 ι
1405 5238 1455 5291 in
1493 5235 1718 5305 Spiritu,
1746 5254 1776 5305 ν»
1824 5236 1889 5290 ad

328 5302 590 5374 Spiritum
623 5315 871 5359 sanctum
902 5308 1190 5361 referatur.
1221 5302 1419 5361 Eodem
1447 5302 1605 5374 plane
1633 5304 1792 5374 modo
1830 5319 1894 5359 se

326 5373 495 5445 gessit
517 5374 858 5445 postmodum
901 5375 1219 5431 Ambrosius
1246 5377 1300 5430 in
1335 5377 1428 5430 lib.
1450 5373 1520 5429 nt
1570 5374 1643 5428 De
1676 5373 1892 5444 Spiritu

323 5443 531 5506 sancto,
560 5457 682 5514 cap.
729 5443 816 5507 Η,
855 5460 1003 5498 num.
1046 5446 1133 5511 70,
1182 5446 1251 5499 72
1302 5455 1356 5501 et
1408 5445 1497 5508 75,
1536 5443 1893 5514 atque'argu-

325 5522 567 5567 mentum
605 5513 978 5570 haereticorum
1016 5516 1068 5570 in
1108 5519 1362 5585 ipsosmet
1383 5513 1620 5581 retorsit,
1648 5524 1706 5568 ut
1729 5515 1893 5585 Didy-

398 5649 474 5727 (5)
518 5650 653 5727 Ego.
687 5650 844 5710 Joan.
874 5669 988 5727 xiv,
1027 5653 1082 5711 6.

400 5723 478 5792 (ὃ)
547 5723 681 5775 Ecce
734 5740 846 5792 ego.
912 5725 1012 5780 Isa.
1090 5740 1200 5792 Liv,
1278 5724 1462 5781 11-15.
1528 5725 1891 5794 Hieronymus

2002 3247 2061 3298 ἐν
2084 3247 2365 3318 κτίσμασι,
2387 3247 2690 3312 καθολικῶς
2714 3249 2774 3300 τὸ
2798 3249 3047 3320 δεύτερον
3070 3248 3270 3319 γράφει
3290 3264 3301 3275 ·
3316 3265 3334 3297 ι
3363 3247 3437 3298 Οὐ
3467 3245 3580 3313 γὰρ

2004 3337 2266 3409 θελήματι
2309 3338 2593 3410 ἀνθρώπου
2643 3339 2843 3411 ἠνέχθη
2893 3341 3198 3411 προφητεία
3244 3338 3416 3399 ποτὲ,
3458 3336 3577 3389 ἁλλ’

2004 3431 2107 3483 ὑπὸ
2134 3431 2450 3501 Πνεύματος
2485 3431 2642 3499 ἁγίου
2667 3432 2959 3502 φερόμενοι
2988 3430 3254 3499 ἐλάλησαν
3291 3428 3401 3481 ἀπὸ
3435 3425 3577 3481 Θεοῦ

1999 3522 2145 3592 agam
2183 3523 2510 3592 ἄνθρωποι.»
2550 3523 2661 3576 Καὶ
2692 3524 2747 3575 αἱ
2782 3524 3014 3592 Πράξεις
3038 3523 3095 3576 δὲ
3120 3522 3228 3574 τῶν
3261 3520 3579 3574 ἀποστόλων

2001 3614 2346 3687 περιέχουσιν
2394 3614 2553 3668 τάδε·
2611 3616 2879 3687 (Πέτρος,
2942 3615 3203 3687 πλησθεὶς
3256 3615 3578 3683 Πνεύματος

2001 3790 2213 3846 quoque
2246 3788 2365 3846 post
2403 3775 2687 3846 Didymum
2716 3776 2829 3829 hinc
2855 3776 2920 3828 ad
2957 3773 3483 3846 Ecclesiam‘retulit
3522 3775 3577 3826 in

1995 3844 2298 3901 Comment.
2342 3850 2406 3900 ad
2444 3844 2585 3901 hunc
2614 3847 2785 3899 locum
2817 3858 2945 3899 tom.
2983 3844 3215 3914 lV,pag.
3256 3844 3379 3897 65L

2064 3935 2142 3995 i7)
2185 3934 2405 3998 Lapides
2447 3936 2707 4004 crystalli.
2750 3935 3018 4003 Complnt.
3067 3935 3236 3986 editio
3286 3950 3385 4000 pro
3433 3949 3576 4004 κρυ-

1986 4005 2211 4058 στάλλου
2280 4008 2436 4060 habet
2479 4003 2867 4074 κρυστάλλους.
2911 4003 3574 4074 Ετεηςοίυνιειιείένειηίι

1982 4075 2093 4129 Καὶ
2152 4074 2253 4139 τὰς
2306 4075 2481 4138 πύλας
2521 4073 2628 4127 σου
2692 4076 2907 4140 λίθους,
2969 4073 3337 4144 κρυστάλλους
3363 4073 3573 4135 λίθους.

2058 4165 2138 4237 (8)
2192 4166 2378 4237 pactos
2412 4166 2529 4221 Dei.
2576 4164 2632 4237 Id
2658 4175 2758 4231 est,
2797 4167 2985 4237 doctos
3010 4179 3040 4218 a
3066 4162 3198 4219 Deo.

2061 4234 2135 4305 (9)
2178 4236 2445 4300 Scriptum
2472 4246 2571 4290 est.
2594 4236 2754 4305 Joan.
2781 4250 2854 4297 vn,
2890 4234 2981 4291 45.

2059 4304 2171 4374 (10)
2220 4305 2316 4360 Vos
2348 4309 2502 4359 enim.
2538 4307 2557 4360 l
2591 4304 2785 4359 Thess.
2816 4320 2890 4369 tv,
2921 4307 2972 4358 9.

2062 4376 2172 4447 (li)
2209 4375 2331 4459 Ille.
2384 4375 2540 4459 Joan.
2592 4392 2703 4438 xrv,
2751 4374 2841 4459 2_6.
2895 4374 3039 4457 (litat
3089 4389 3317 4459 sensum
3361 4374 3574 4459 potius,

1775 4469 1886 4523 Ma_
1918 4434 1963 4490 Ι)
1991 4434 2165 4523 quam
2186 4448 2376 4523 verba.
2423 4447 2574 4499 Hunc
2604 4434 2732 4499 vero
2766 4446 2937 4523 legum
2966 4446 3059 4523 ,εἰς
3089 4446 3324 4523 ειῳιίεει
3361 4434 3416 4523 in
3469 4434 3574 4501 lib.

1991 4515 2065 4569 De
2104 4514 2305 4585 Spiritu
2337 4528 2541 4582 sancto,
2581 4514 2889 4585 numam;
2921 4532 2939 4565 ι
2963 4514 3189 4569 Docebit
3236 4518 3417 4570 omnia
3474 4530 3577 4571 eos

1993 4586 2083 4651 qui
2127 4583 2180 4639 in
2235 4585 2338 4640 [ide
2383 4585 2583 4640 Christi
2639 4583 2866 4654 perfecti
2925 4594 3090 4639 sunt:
3123 4586 3305 4639 omnia
3356 4596 3573 4653 autem,

1992 4655 2078 4709 illa
2107 4670 2229 4725 quae
2259 4654 2560 4723 spiritualia
2591 4663 2717 4708 sunt
2744 4664 2800 4708 et
2836 4655 3241 4709 intellectualia.
3271 4674 3291 4707 ι

2061 4747 2174 4818 (12)
2214 4747 2315 4813 Qui
2348 4746 2490 4817 legit.
2510 4746 2757 4818 _Locutio
2787 4746 2987 4803 biblica
3017 4762 3083 4818 ex
3128 4746 3292 4803 Marc.
3331 4762 3450 4809 xnt,
3477 4748 3572 4802 η.

2062 4815 2174 4887 (15)
2214 4815 2473 4870 υειιεζιη
2510 4815 2732 4885 Vulgata
2790 4816 3152 4887 translatione
3197 4832 3302 4869 non
3347 4828 3578 4871 exstant

1990 4885 2108 4942 hate
2138 4888 2319 4951 verba,
2375 4890 2468 4940 sed
2514 4897 2732 4941 exstant
2767 4887 2819 4940 in
2854 4886 3062 4941 Graeca.
3114 4885 3246 4939 Nam
3303 4887 3573 4941 Proverb.

1990 4973 2119 5020 xxx,
2184 4958 2241 5019 5.
2304 4957 2393 5010 ubi
2445 4956 2704 5025 Vulgatus
2756 4956 2856 5011 int.
2920 4958 3117 5025 habet,
3159 4953 3328 5025 tNon
3395 4957 3571 5010 didici

1990 5030 2330 5096 sapientiam,
2359 5044 2378 5076 ι
2415 5024 2599 5079 Graeca
2637 5025 2802 5080 editio
2856 5028 3017 5081 habet
3044 5044 3058 5096 ς
3089 5024 3220 5087 Θεὸς
3257 5025 3315 5078 δὲ
3354 5025 3574 5090 ἐδίδαξέ

1994 5095 2068 5177 με
2097 5096 2309 5166 σοφίαν,
2338 5096 2390 5151 id
2426 5104 2529 5161 est,
2566 5114 2585 5146 ι
2612 5096 2754 5150 Deus
2799 5106 2977 5150 autem
3024 5095 3206 5149 docuit
3236 5109 3323 5150 me
3347 5098 3579 5166 sapien-

1993 5177 2140 5220 llalll.
2173 5186 2192 5218 ι

2061 5234 2173 5305 (14)
2212 5233 2420 5305 Docuit.
2463 5233 2602 5288 Psal.
2622 5250 2765 5305 (uix,
2796 5248 2947 5305 vers.
2973 5234 3042 5305 18
3064 5235 3097 5305 Α(
3120 5248 3213 5305 seu
3243 5234 3310 5288 Π
3332 5238 3371 5299 ).
3399 5233 3573 5288 Com-

1991 5303 2254 5372 plutensis
2289 5305 2451 5359 editio
2476 5320 2491 5359 :
2525 5305 2582 5357 '0
2608 5304 2739 5368 Θεός
2773 5321 2900 5373 μου,
2927 5304 2964 5358 ἃ
2997 5303 3239 5369 ὲδίδαξάς
3269 5322 3337 5373 με
3363 5307 3431 5357 ὲκ
3454 5305 3579 5357 νεό-

1989 5373 2152 5447 τητός
2184 5391 2307 5445 μου,
2340 5376 2389 5427 id
2417 5384 2518 5440 est,
2566 5391 2597 5447 ξ
2615 5373 2757 5447 Deus
2792 5390 2966 5439 meus,
3002 5390 3122 5447 quae
3152 5376 3381 5447 docuisti
3422 5390 3511 5447 me
3542 5394 3576 5429 a

1986 5443 2268 5513 iuventute
2312 5458 2450 5497 mea.
2478 5461 2498 5496 ι
2566 5443 2825 5514 Didymus
2873 5443 3056 5514 autem
3102 5445 3156 5498 in
3205 5443 3343 5498 libro
3399 5444 3575 5499 etiam

1993 5514 2070 5567 De
2098 5514 2308 5581 Spiritu
2334 5524 2537 5580 sancto,
2566 5513 2716 5583 num.
2745 5513 2834 5577 51,
2863 5513 3040 5583 alIinia
3064 5514 3377 5583 scripserat,
3404 5528 3471 5567 ac
3501 5530 3578 5570 ne

1993 5584 2065 5653 ibi
2099 5584 2316 5652 quidem
2359 5582 2490 5653 legit
2514 5582 2771 5653 voculam
2799 5583 2969 5647 illam,
3014 5582 3071 5649 ἁ,
3103 5582 3282 5637 idest
3330 5598 3522 5653 tque.
3548 5602 3573 5636 ι

1993 5650 2286 5707 Πειξσθιιίιιι
2338 5650 2653 5707 ἱιιῆῚιίιθοηι
2690 5650 2833 5706 edita
2877 5653 3205 5721 exemplaria
3241 5671 3254 5707 :
3285 5672 3304 5704 ι
3330 5650 3465 5707 Nam
3514 5665 3579 5709 et

1996 5723 2159 5778 Pater
2192 5725 2347 5779 docet
2377 5724 2456 5777 sic
2485 5723 2774 5793 discipulos
2799 5738 2949 5790 suos,
2980 5727 3194 5781 dicente
3219 5726 3333 5788 illo,
3375 5724 3468 5798 qui
3496 5730 3576 5780 ab
