3676 6310
417 309 523 367 647

1651 306 1891 361 DlDYMl
1931 305 2395 361 ALEXANDRINI
3519 315 3599 371 ωε

417 429 539 479 dem
573 425 683 478 illi:
720 423 814 478 sed
848 422 1097 491 perplexa
1152 420 1263 489 ($6)
1292 421 1446 482 adeo,
1479 430 1533 473 et
1582 422 1789 475 ratione
1818 423 1943 475 desti

2097 422 2292 490 στέρων
2326 423 2419 474 καὶ
2456 422 2581 483 τοὺς
2612 420 2917 490 ὁμόφρονας
2957 421 3087 488 ἡμῖν
3136 419 3603 489 ἁναμνὴσοντες.ὗν

416 528 533 572 tuta
566 526 651 571 est
678 531 864 570 eorum
892 515 1089 577 oratio,
1126 524 1184 566 ut
1211 529 1275 566 ne
1301 526 1363 566 ex
1400 514 1465 565 iis
1494 513 1732 580 quidem,
1776 514 1867 581 qui
1904 512 1983 564 vel

418 610 703 662 minimum
731 606 1215 674 quomodocunque
1257 603 1564 657 ratiocinari
1610 602 1814 665 valent,
1846 603 1986 657 ullus

417 701 488 753 sit
518 701 599 752 eis
621 711 957 751 assensurus.
1014 695 1095 748 Ad
1146 693 1456 747 illustranda
1509 692 1675 755 enim,
1712 707 1777 747 ac
1808 693 1986 747 discu-

418 790 597 843 tienda
630 789 809 842 divina
842 786 1082 848 oracula,
1139 785 1189 837 in
1222 786 1417 853 quibus
1454 800 1576 837 cum
1607 784 1673 838 de
1697 784 1809 849 ipsa
1840 784 1985 837 nullo

419 884 581 934 modo
635 878 1024 933 contemnenda
1073 876 1291 939 deitate,
1349 887 1458 928 tum
1510 875 1577 929 de
1632 876 1985 929 rationalibus

418 973 562 1027 illitis
596 986 851 1024 manuum
905 968 1182 1036 operibus,
1251 980 1440 1033 nempe
1498 966 1564 1019 de
1594 966 1770 1028 nobis,
1805 982 1984 1021 sermo

417 1077 521 1129 est,
544 1063 935 1131 quadrupedes,
971 1071 1025 1112 et
1077 1059 1431 1112 inanimatntn
1466 1057 1750 1112 aedilicium
1785 1059 1837 1112 in
1872 1074 1985 1114 me-

417 1159 561 1207 dium
592 1152 843 1213 alierum,
880 1167 941 1203 ac
964 1151 1261 1203 tremendis
1292 1148 1589 1217 Scriptura:
1614 1151 1868 1215 testibus,
1898 1165 1983 1205 re-

416 1245 622 1311 busque
647 1243 809 1296 veluti
843 1241 1093 1305 illndunt,
1150 1250 1208 1294 et
1267 1255 1362 1308 per
1410 1242 1567 1313 rudes
1618 1241 1800 1302 hasce,
1832 1240 1983 1294 infir-

418 1348 639 1401 masque
658 1332 1099 1386 ratiocinationes
1132 1333 1199 1385 ad
1223 1346 1379 1385 suum
1405 1332 1640 1400 ipsorum
1669 1333 1981 1385 barathrum

416 1425 670 1487 invitant,
700 1439 887 1479 eorum
927 1424 1101 1477 instar
1128 1423 1220 1490 qui
1275 1438 1437 1491 parva
1473 1424 1705 1491 quadam
1738 1438 1858 1477 esca
1886 1424 1984 1492 pis-

416 1533 508 1569 ces
533 1518 598 1568 ad
630 1517 847 1569 hamum
911 1514 1154 1575 trahunt,
1211 1523 1263 1567 et
1319 1515 1557 1582 capiunt.
1594 1513 1700 1568 Nos
1727 1530 1852 1569 vero
1891 1516 1980 1584 qui

417 1608 557 1660 nulla
587 1624 820 1675 unquam
856 1608 1142 1661 occasione
1176 1622 1279 1658 non
1310 1606 1727 1670 declaravimns,
1753 1608 1984 1661 maxime

416 1700 573 1753 nobis
601 1708 713 1753 toto
747 1701 873 1752 vitae.
907 1703 1159 1762 decursu,
1209 1707 1266 1750 nt
1308 1698 1463 1751 nobis
1500 1697 1717 1767 quidem
1750 1701 1979 1765 videtur,

2086 515 2195 566 ἀπὸ
2230 513 2337 565 τῶν
2376 513 2603 584 Γραφῶν
2657 512 2986 582 ἀκηκόασιν·
3041 511 3166 573 τοὺς
3201 511 3243 563 δ’
3297 513 3474 577 ἄλλους
3512 518 3603 570 πεί-

2087 620 2288 666 σοντες,
2313 603 2389 673 τῷ
2417 620 2480 672 γε
2512 604 2595 672 ἐφ’
2617 606 2770 673 ἡμῖν,
2798 603 2873 673 μὴ
2897 602 3040 656 οὕτω
3064 601 3307 673 γνώμης,
3335 604 3367 674 ἢ
3392 605 3601 672 πίστεως,

2082 696 2159 757 ὡς
2210 694 2453 764 ἔχουσιν,
2495 694 2589 747 τοῦ
2632 694 2821 748 λοιποῦ
2869 694 3034 764 ἔχειν.
3078 696 3142 749 Ol
3195 694 3301 764 γὰρ
3346 696 3602 767 ἀξιούμενοι

2084 788 2225 857 ἐχειν
2250 788 2534 841 κατοικοῦν
2560 790 2616 840 ὲν
2655 789 2837 850 αὐτοῖς
2870 787 2931 840 τὸ
2969 786 3210 858 πληροῦν
3242 787 3309 839 τὰ
3353 788 3510 843 πάντα
3540 793 3603 843 ὲν-

2083 881 2384 933 υπόστατον
2413 880 2636 950 Πνεῦμα
2664 879 2758 932 τοῦ
2786 878 2943 942 Θεοῦ,
2968 878 3091 931 οὔτε
3120 878 3256 931 κατὰ
3279 881 3602 951 ὀμωνυμίανῆ

2085 973 2450 1043 συνωνυμίαν,
2471 972 2593 1025 οὔτε
2618 972 2757 1025 κατὰ
2785 972 3131 1044 ἀλληγορίαν,
3162 971 3284 1024 οὔτε
3322 974 3454 1026 κατὰ
3478 990 3605 1044 μετα-

2084 1062 2278 1133 φορὰν,
2328 1063 2454 1125 ναὸς
2503 1062 2667 1114 αὑτοῦ
2716 1062 3103 1132 ὼνομὰσμεθα.
3141 1061 3274 1114 ἀλλὰ
3327 1064 3510 1131 κυρίως
3537 1066 3605 1115 καὶ

2084 1154 2225 1206 κατὰ
2262 1152 2538 1224 ἀλήθειαν.
2576 1153 2736 1206 Ὅθεν
2772 1154 2803 1204 ὁ
2849 1153 3189 1216 Ἀπόστολος,
3232 1154 3294 1205 οὐ
3342 1153 3415 1222 τῷ
3455 1155 3504 1204 ἐν
3532 1156 3605 1206 Ἱε-

2084 1244 2402 1315 ροσολύμοις
2431 1243 2545 1315 ναῷ
2590 1245 2684 1298 καὶ
2721 1244 2972 1307 ἐκείνοις.
3020 1238 3102 1306 οἷς
3152 1244 3319 1296 εἰκόνι
3361 1246 3609 1315 ἐχρήσαντο

2082 1335 2366 1407 αἰρετικοὶ,
2401 1335 2538 1388 ἁλλὰ
2575 1334 2683 1405 γὰρ
2732 1336 2963 1397 πιστοῖς,
3008 1333 3141 1387 Θεδν
3186 1334 3372 1403 σαφῶς
3411 1336 3466 1387 τὸ
3491 1339 3607 1403 ἅγιον

2084 1426 2309 1496 Πνεῦμα
2351 1423 2493 1479 εἶναι
2537 1425 2777 1488 δεικνὺς,
2814 1424 2949 1496 ἔφη·
2990 1445 3008 1476 ι
3038 1426 3152 1479 Οὐκ
3196 1424 3392 1485 οἴδατε,
3420 1427 3608 1490 ὃτιναὸς

2082 1516 2217 1570 Θεοῦ
2252 1519 2395 1581 ἐστε,
2422 1517 2517 1569 καὶ
2550 1518 2611 1569 τὸ
2644 1516 2865 1587 Πνεῦμα
2887 1516 2983 1569 τοῦ
3010 1516 3145 1569 Θεοῦ
3175 1519 3314 1570 οίκεῖ
3350 1520 3404 1570 ὲν
3433 1520 3567 1588 ὺμῖν;
3592 1540 3604 1568 ι

2082 1607 2195 1660 Καὶ
2253 1607 2388 1677 πρὸς
2439 1605 2755 1675 Ἐϐραίουςο
2810 1606 3080 1674 «Μέτοχοι
3136 1605 3445 1674 Πνεῦματος
3490 1608 3608 1673 ἁγίου

2085 1696 2269 1765 ὲσμέν.
2304 1714 2323 1745 ι
2363 1696 2424 1747 El
2452 1695 2561 1766 γὰρ
2585 1696 2712 1759 ναὸς
2735 1695 2829 1748 τοῦ
2876 1694 3029 1763 ἁγίου
3074 1693 3409 1763 Πνεῦματος,
3446 1695 3527 1763 οὐχ
3554 1696 3608 1756 ὡς

417 1808 561 1845 cura:
585 1791 768 1854 fuisse,
802 1802 861 1844 ut
896 1792 1026 1844 nihil
1053 1803 1253 1844 temere
1284 1792 1774 1859 pronuntiaremus,
1803 1802 1895 1843 aut
1915 1806 1943 1846 e

2097 1788 2238 1851 θεοῦ,
2274 1786 2411 1841 ἁλλὰ
2441 1787 2593 1859 παρὰ
2623 1788 2683 1839 τὸ
2720 1788 2890 1839 ἐννεῖν
2932 1786 3025 1839 καὶ¹
3060 1787 3291 1838 ἐνοικεῖν
3324 1786 3494 1855 ἐσμεν,
3521 1787 3609 1838 οὐδὲ

415 1884 541 1936 uilio
570 1883 623 1935 in
688 1882 1031 1952 quempiam,
1081 1881 1282 1949 quique
1336 1881 1636 1933 convicium
1684 1881 1981 1949 quodlibet,

417 1976 627 2029 tametsi
662 1990 764 2026 non
805 1974 1083 2043 injustum,
1137 1974 1427 2027 vitavimus
1478 1972 1614 2042 (27),
1651 1972 1716 2027 iis
1740 1974 1980 2042 quidem,

415 2067 506 2134 qui
540 2066 920 2133 prudentiores
967 2076 1112 2129 sunt,
1151 2065 1356 2133 quique
1405 2063 1684 2119 nobiscum
1718 2063 1982 2127 scutiunt,

414 2173 479 2211 ea
522 2158 573 2209 in
604 2158 921 2210 memoriam
951 2171 1205 2211 revocare
1244 2155 1542 2224 pergimus,
1591 2169 1710 2223 qua:
1732 2169 1798 2208 ex
1833 2152 1984 2207 Scri-

414 2249 590 2316 pluris
618 2251 973 2312 audiverunt;
1011 2248 1227 2301 czeterls
1255 2261 1381 2299 vero
1410 2246 1562 2312 illud,
1594 2258 1855 2313 quantum
1869 2245 1983 2316 (28)

418 2343 641 2409 quidem
676 2341 728 2393 in
778 2341 932 2394 nobis
986 2351 1091 2404 est,
1153 2339 1507 2408 persuadere,
1538 2346 1593 2390 ut
1620 2338 1779 2390 aliam
1811 2336 1863 2390 in
1891 2352 1985 2407 po-

416 2442 620 2485 sterum
655 2432 723 2484 ab
777 2445 866 2495 ea,
917 2445 1079 2498 quam
1119 2410 1261 2483 nunc
1313 2428 1532 2491 habent,
1567 2428 1893 2481 sententiam
1922 2444 1985 2481 ac

388 2522 573 2585 iidem
604 2523 1018 2592 amplectantur.
1057 2522 1158 2586 Qui
1190 2522 1335 2575 enim
1368 2521 1511 2588 digni
1544 2520 1669 2573 facti
1691 2536 1897 2587 sumus,
1929 2531 1988 2574 ut

414 2616 747 2670 habitantem
781 2615 831 2667 in
861 2614 1014 2667 nobis
1048 2612 1159 2683 {29)
1192 2615 1516 2667 haberemus
1556 2629 1702 2675 cum,
1737 2614 1828 2682 qui
1863 2629 1981 2668 om-

414 2706 504 2760 nia
538 2706 745 2774 implet,
776 2704 1155 2759 subsistentem
1213 2703 1470 2773 Spiritum
1522 2703 1649 2765 Dei;
1686 2720 1861 2774 neque
1890 2721 1986 2772 per

414 2800 842 2869 bomonymiam,
872 2810 966 2853 aut
992 2799 1398 2869 synonymiam,
1446 2815 1621 2868 neque
1665 2814 1759 2867 per
1784 2799 1984 2867 allego-

414 2893 585 2953 riam,
621 2907 793 2960 neque
824 2906 919 2960 per
954 2891 1321 2960 metaphoram
1354 2890 1611 2958 templum
1658 2891 1775 2958 ejus
1814 2890 1985 2943 nomi-

415 2986 531 3039 nati
557 3000 761 3049 suuius,
795 2985 889 3037 sed
926 2984 1160 3052 proprie,
1224 2992 1281 3035 et
1334 2987 1629 3035 secundum
1675 2982 1981 3035 veritatem.

413 3075 773 3141 Quamobrem
806 3075 1101 3133 manifesto
1130 3074 1423 3143 Apostolus
1441 3074 1702 3141 Spiritum
1734 3082 1978 3127 sanctum

2085 1879 2179 1932 τοῦ
2208 1878 2343 1932 Θεοῦ
2366 1879 2491 1940 ναὸς
2518 1877 2827 1947 κληθέντες,
2847 1876 2922 1939 ὡς
2948 1876 3084 1929 Θεοῦ
3117 1874 3606 1946 προσηγορεῦθημεν.

2084 1970 2193 2024 Καὶ
2217 1972 2245 2023 ὁ
2269 1970 2399 2032 Θεὸς
2428 1969 2486 2023 δὲ
2516 1969 2727 2039 Πατὴρ,
2758 1968 3092 2031 δεσποτικῶς
3122 1970 3271 2038 ἡμᾶς
3306 1970 3608 2037 κεκτημένος,

2083 2062 2225 2114 οἰκεῖ
2245 2061 2303 2113 ὲν
2337 2062 2469 2130 ἡμῖν
2500 2060 2647 2129 (ναὸς
2676 2059 2784 2130 γὰρ
2808 2059 2928 2129 Θεῴ
2962 2060 3107 2129 μόνῳ
3132 2058 3401 2131 ἁρμόζει),
3433 2058 3515 2111 καὶ
3536 2075 3609 2109 παι

2088 2152 2403 2223 ραπλησίως
2433 2150 2618 2213 αὑτοῦ,
2642 2152 2670 2204 ὃ
2698 2168 2758 2203 τε
2800 2150 3093 2222 μονογενὴς
3124 2150 3291 2203 αὐτοῦ
3335 2151 3465 2213 Υἱὸς,
3499 2150 3549 2202 τό
3568 2166 3611 2201 τε

2084 2246 2142 2298 ἓν
2176 2245 2341 2298 αὑτοῦ
2373 2244 2529 2313 ἁγιον
2563 2243 2809 2314 Πνεῦμα.
2855 2244 2967 2297 Kal.
3013 2243 3072 2296 ὃν
3106 2243 3313 2313 τρόπον
3350 2244 3378 2295 ὁ
3405 2242 3519 2304 Θεὸς
3542 2244 3611 2293 καί

2085 2339 2294 2409 Πατὴρ,
2340 2338 2443 2390 κᾶν
2494 2334 2568 2406 μὴ
2611 2336 2939 2407 γέγραπται,
2983 2336 3066 2388 ὃτι
3108 2334 3471 2407 ὲξηγορὰσατο
3501 2336 3610 2405 ἡμᾶς

2081 2430 2161 2500 τῷ
2194 2428 2308 2499 ίδίῳ
2340 2430 2555 2500 αἵματι,
2592 2429 2870 2498 Δεσπότης
2902 2428 3058 2497 ἡμῶν
3091 2429 3240 2484 ἐστιν
3263 2446 3276 2459 ι
3315 2426 3449 2479 οὕτω
3474 2428 3549 2480 καὶ
3569 2427 3612 2478 τὸ

2085 2522 2305 2592 Πνεῦμα
2332 2521 2493 2575 αὐτοῦ
2525 2520 2584 2573 τὸ
2615 2520 2789 2588 ἅγιον.
2829 2519 3051 2583 Τούτοις
3080 2519 3189 2589 γὰρ
3209 2522 3323 2582 τοῖς
3354 2518 3477 2592 πρὸς
3496 2535 3612 2588 περι-

2084 2613 2297 2684 γραφὴν
2324 2611 2425 2682 τῆς
2453 2611 2703 2681 Θεότητος
2735 2610 2830 2663 τοῦ
2865 2611 3021 2679 ἁγίου
3070 2611 3390 2681 Πνεύματος
3429 2611 3611 2679 λεγομέ-

2084 2723 2194 2769 νοις
2244 2704 2524 2759 ἁκολουθεί
2572 2704 2631 2756 τὸ
2677 2704 3071 2775 παραπλησίως
3110 2704 3203 2757 καὶ
3260 2706 3353 2756 ἐπὶ
3398 2703 3482 2756 τοῦ
3510 2701 3611 2754 Θεοῦ

2085 2798 2294 2869 Πατρὸς
2315 2796 2768 2866 ὲκλαμϐἁνεσθαι.
2799 2798 2894 2860 Τίς
2922 2794 3015 2849 οὖν
3044 2796 3108 2850 ἂν
3134 2796 3377 2850 πείθοι-ω
3399 2797 3612 2849 δικαιότεο

2086 2907 2177 2961 ρον
2207 2889 2401 2957 Παύλῳ
2439 2890 2531 2941 καὶ
2564 2891 2675 2951 τοῖς
2708 2888 2886 2951 ἄλλοις
2916 2889 3114 2956 ἁγίοις,
3147 2888 3176 2959 ἦ
3212 2888 3514 2956 Μακεδονίῳ
3546 2888 3613 2937 καὶ

2082 2981 2159 3051 τῷ
2188 2980 2439 3042 πλαστῶς
2474 2980 2864 3049 μετανοήσαντι
2901 2980 3128 3049 Ἀρείῳς
3164 2980 3229 3032 Εἰ
3257 2981 3356 3050 μὲν
3386 2981 3483 3048 γάρ
3505 2982 3615 3030 ἐστιν

2084 3074 2267 3137 αὐτοῖς
2299 3072 2404 3125 τῶν
2444 3072 2615 3139 ἁγίων
2660 3071 2837 3140 λόγος,
2893 3072 3011 3134 πῶς
3063 3072 3198 3143 [109
3246 3073 3310 3144 a]
3345 3072 3514 3124 ἔλαθον
3549 3072 3613 3122 τά-

415 3168 581 3224 Deutn
609 3182 729 3223 esse
754 3169 1063 3232 ostendens,
1101 3183 1206 3221 non
1244 3164 1441 3234 templo
1467 3164 1943 3235 Hierosolymitanc

2097 3166 2270 3230 ξαντες
2333 3166 2558 3228 ἑαυτοὺς
2618 3166 2674 3217 ὲν
2739 3167 2851 3226 τοῖς
2907 3166 3410 3237 ἀντιταττομένοις,
3454 3168 3533 3218 καὶ
3571 3167 3614 3216 ob

392 3262 555 3316 .iisve
590 3263 774 3323 rebus,
808 3262 1003 3330 quibus
1034 3270 1092 3311 ιιι
1125 3259 1388 3328 exemplis
1434 3260 1515 3312 usi
1552 3269 1677 3311 sunt
1716 3258 1978 3322 haeretici,

414 3358 509 3409 sed
560 3354 805 3408 ﬁdelibus
856 3356 975 3407 ait:
1009 3371 1027 3404 ι
1061 3351 1298 3408 Nescitis
1365 3350 1504 3421 (50),
1554 3352 1695 3420 quod
1728 3353 1980 3421 templum

417 3448 511 3500 Dei
539 3447 691 3511 estis,
724 3457 779 3499 et
808 3445 1041 3515 Spiritus
1069 3446 1161 3499 Dei
1198 3444 1406 3499 habitat
1434 3444 1487 3497 in
1534 3444 1727 3497 vobis?
1763 3462 1780 3494 ι
1819 3443 1883 3497 Et
1916 3444 1981 3495 ad

417 3537 675 3593 llebrtcos
702 3554 714 3590 :
750 3556 770 3588 ι
802 3536 1102 3607 Participes
1127 3538 1240 3609 ('5!)
1268 3537 1503 3605 Spiritus
1529 3539 1700 3591 sancti
1740 3551 1976 3590 sumus»

417 3627 475 3679 Si
510 3628 655 3679 enim
697 3628 823 3689 ναός
848 3626 923 3697 (id
958 3636 1040 3680 est
1085 3624 1361 3695 templum)
1417 3625 1651 3696 Spiritus
1692 3629 1861 3681 sancti
1898 3642 1984 3680 su-

418 3733 542 3772 mus
570 3736 673 3772 non
705 3730 756 3769 ιιι
798 3718 910 3783 Dei,
940 3720 1033 3773 sed
1060 3718 1466 3773 inhabitationis
1494 3733 1657 3789 causa
1704 3721 1980 3784 duntaxat,

415 3810 580 3864 ducto
626 3810 794 3880 236
849 3811 1057 3865 scilicet
1116 3813 1334 3865 nomine
1374 3812 1524 3875 ναός,
1568 3815 1708 3880 quod
1738 3824 1823 3865 est
1854 3824 1985 3865 tem-

418 3900 585 3967 plum,
622 3914 649 3951 a
688 3902 847 3953 Verbo
873 3902 1064 3963 ὲννείν,
1098 3915 1290 3968 nempe
1342 3902 1589 3964 ἐνοικεῖν,
1620 3902 1759 3971 quod
1796 3910 1874 3956 est
1904 3902 1988 3955 in—

417 3992 626 4045 enlere:
656 3992 919 4059 sequitur,
950 4004 1008 4045 ut
1041 4006 1108 4046 ne
1148 4002 1275 4046 tunc
1308 3994 1523 4062 quidem
1575 4010 1695 4047 cum
1733 3996 1822 4049 Dei
1854 4006 1988 4048 tem-

421 4082 565 4149 plum
601 4082 773 4133 vocati
829 4080 1051 4143 luimus,
1102 4083 1357 4151 templum
1396 4083 1486 4138 Dei
1536 4095 1591 4138 ut
1631 4085 1721 4138 Del
1749 4086 1988 4139 denomi-

420 4173 531 4225 nati
583 4175 772 4227 simus.
804 4174 871 4227 At
903 4188 1029 4227 vero
1054 4182 1105 4226 et
1137 4175 1278 4229 Deus
1322 4174 1499 4241 Pater,
1531 4178 1618 4245 qui
1650 4194 1747 4231 nos
1778 4188 1835 4232 ut
1878 4179 1985 4233 Do-

418 4263 595 4317 minus
627 4264 885 4331 possidet,
916 4265 1121 4318 habitat
1146 4265 1197 4317 in
1225 4266 1379 4320 nobis
1402 4268 1548 4337 (nam
1576 4269 1673 4322 soli
1710 4267 1820 4323 Deo
1848 4281 1987 4323 tein-

417 4354 563 4422 plum
596 4358 892 4421 convenit),
920 4365 994 4417 et,
1021 4357 1269 4411 similiter
1297 4373 1361 4413 ac
1408 4360 1541 4427 ipse,
1580 4375 1699 4412 cum
1742 4362 1986 4431 unigeni.

421 4457 507 4501 tus
541 4447 709 4515 ipsius
744 4446 933 4510 Filius,
990 4458 1099 4499 tum
1141 4464 1278 4501 unus
1309 4448 1427 4517 ejus
1481 4448 1716 4517 Spiritus
1741 4462 1981 4506 sanctus.

2082 3257 2251 3309 ταυτὰ
2288 3256 2517 3319 ἐκείνοις
2540 3255 2717 3323 λέγειν
2748 3256 2841 3308 καὶ⁵
2861 3259 3079 3328 φρονεῖν
3104 3258 3381 3323 ἁξιοῦσιν;
3408 3258 3463 3310 Εἰ
3485 3258 3531 3308 δὲ

2082 3346 2187 3409 λως
2220 3349 2317 3418 μὲν
2351 3349 2597 3414 ἐκείνοις,
2635 3351 2807 3415 ἄλλως
2840 3353 2897 3406 δὲ
2930 3352 3139 3414 τούτοις
3173 3352 3324 3405 δοκεῖ
3356 3351 3517 3422 (τοῦτο
3537 3352 3616 3418 γὰρ

2081 3439 2480 3509 ἀναμφίλεκτον
2505 3446 2598 3511 ἀφ’
2636 3437 2713 3497 ὧν
2754 3444 3042 3498 δέδεικται.
3090 3446 3165 3497 υὺ
3196 3445 3311 3514 γὰρ
3343 3446 3522 3513 τοίχοις
3548 3446 3616 3494 καὶ.

2086 3531 2393 3602 Θρέμμασιν
2428 3536 2910 3607 καταφρονητικῶς
2951 3537 3044 3589 καὶ
3086 3535 3468 3607 χλευαστικὼς.
3500 3536 3559 3597 ὡς
3582 3538 3617 3585 οἱ

2085 3623 2339 3695 ὑϐρισταὶ
2366 3620 2532 3691 οὗτοι,
2564 3628 3025 3700 παραὸἁλλοντες,
3060 3629 3092 3697 ἢ
3122 3629 3181 3681 ἒν
3209 3630 3307 3681 καὶ
3331 3628 3510 3680 ταυτὸν
3528 3628 3617 3677 τοὶ-

2081 3732 2195 3778 τοις
2224 3712 2361 3770 εἶναι
2407 3719 2791 3788 δοκιμάζοντες
2830 3720 2921 3772 τὸν
2965 3720 3180 3788 λογικὸν
3221 3721 3372 3784 ναὸν,
3415 3720 3496 3772 τὸν
3526 3719 3615 3769 καί

2084 3812 2266 3864 εἰκόνα
2296 3810 2387 3864 τοῦ
2418 3810 2577 3873 Θεοῦ,
2630 3810 2693 3863 τὸ
2725 3811 2884 3883 ἔργον
2936 3813 3043 3865 τῶν
3097 3813 3302 3883 χειρῶν
3349 3811 3519 3869 αὑτοῦ,
3548 3810 3618 3861 καὶ

2083 3900 2191 3955 τῶν
2221 3901 2311 3954 ἐπὶ
2342 3901 2447 3972 γῆς
2475 3902 2535 3955 τὸ
2560 3903 2863 3966 κάλλιστον,
2897 3903 3132 3975 ἔχρησαν
3158 3904 3227 3957 τὰ
3260 3904 3534 3975 ἐκκείμενα
3554 3902 3618 3953 λό-

2085 3992 2219 4060 για),
2259 3992 2320 4044 οὑ
2373 3993 2712 4064 Χριστιανῶν
2768 3995 2887 4065 μὲν,
2936 3996 3057 4048 οὐδὲ
3106 3994 3282 4059 ἄλλως
3330 3996 3493 4062 σοφῶν
3533 3996 3618 4044 ἐστι

2084 4085 2268 4138 τοῦτο’
2299 4084 2419 4138 οὐδὲ
2461 4086 2747 4156 ἀληθεύειν
2793 4088 3017 4140 τοιαῦτα
3068 4088 3269 4150 αὐτοὺς
3315 4088 3618 4144 διδάσκοντας

2087 4176 2151 4228 ἄν
2182 4195 2265 4239 τις
2294 4176 2392 4248 τὴν
2438 4178 2611 4248 ἀρχὴν
2640 4178 2870 4249 νομίσοι.
2925 4178 3109 4243 Οὕτως
3157 4180 3213 4231 δὲ
3267 4179 3409 4249 ἔχειν
3438 4177 3618 4245 γνώμης

2085 4267 2281 4329 αὐτοὺς
2314 4267 2393 4330 ὡς
2420 4267 2635 4339 ἀληθῶς
2672 4268 2880 4339 μαθὼν.
2925 4269 3042 4332 πῶς
3072 4270 3170 4323 οὐκ
3212 4272 3453 4341 οἰήσεται
3495 4267 3618 4318 πλε-,ν

2088 4360 2403 4427 σωφρονεῖν,
2435 4357 2500 4411 ἂν
2535 4357 2603 4410 τὰ
2640 4360 2737 4429 μὲν
2768 4359 3057 4429 αἱρετικῶν
3102 4359 3303 4431 φεύγῃ,
3335 4359 3550 4412 πείθοιτο
3577 4356 3617 4405 6';

2086 4444 2165 4511 οἷς
2198 4449 2377 4519 πολλῷ
2415 4450 2656 4522 ἄμεινον,
2692 4453 2834 4522 φημὶ
2877 4454 2987 4515 τοῖς
3024 4454 3220 4520 ἁγίοις,
3257 4455 3314 4525 ἢ,
3347 4455 3405 4506 τό
3430 4470 3484 4521 γε
3518 4450 3622 4517 dir,-

418 4537 487 4595 Et
512 4540 963 4608 quemadmodum
1020 4539 1162 4594 Deus
1203 4551 1256 4593 ct
1304 4540 1489 4600 Pater,
1552 4544 1796 4610 quamvis
1826 4546 1889 4597 de
1919 4560 1943 4598 ε

2097 4540 2362 4612 Βέστερον,
2395 4545 2507 4605 τοῖς
2532 4542 2697 4596 αὐτοῦ
2732 4542 2825 4596 τοῦ
2861 4542 3028 4610 Θεοῦ;
3065 4545 3141 4597 υύ
3183 4546 3292 4616 γὰρ
3328 4547 3391 4599 ἄν
3428 4563 3517 4606 τις,
3546 4542 3621 4594 κᾶν

417 4626 680 4693 scriptum
713 4640 817 4677 non
852 4627 942 4688 sit,
969 4626 1110 4694 quod
1149 4642 1246 4679 nos
1282 4630 1500 4695 proprio
1548 4629 1807 4697 sanguine
1838 4632 1988 4684 rede-

418 4716 605 4775 inerit,
633 4715 889 4768 Dominus
920 4727 1103 4769 noster
1126 4727 1237 4769 est:
1280 4720 1348 4769 ita
1402 4720 1566 4771 etiam
1625 4731 1842 4774 sanctus
1872 4721 1989 4787 eius

417 4807 676 4876 Spiritus.
709 4805 831 4859 llzcc
857 4808 1029 4872 enim,
1058 4823 1177 4876 qua:
1206 4811 1270 4860 ad
1302 4810 1709 4865 describendam
1756 4812 1989 4881 Spiritus

417 4985 547 5042 ctio.
596 4991 653 5035 ut
694 4982 1001 5038 iniirmetur
1044 4985 1186 5052 quod
1227 4985 1487 5037 catholica
1533 4986 1687 5038 docet
1728 4987 1987 5049 Ecclesia,

418 5071 520 5106 non
568 5055 725 5106 in‘odo
769 5053 957 5107 Filium
1000 5068 1121 5107 esse
1167 5066 1409 5107 nostrum
1451 5058 1795 5118 illumilium,
1830 5078 1845 5107 ι
1895 5062 1987 5109 sed

415 5136 472 5175 et
526 5122 785 5189 Spiritum
838 5134 1083 5177 sanctum
1118 5140 1134 5177 :
1164 5135 1225 5177 ut
1269 5126 1462 5194 colligo
1493 5142 1557 5180 ex
1599 5130 1788 5194 capitis
1832 5129 1990 5194 hujus

415 5202 758 5265 argi‘in‘ieuto.
793 5202 842 5265 et
880 5208 944 5245 ex
972 5194 1062 5265 iis,
1090 5208 1220 5265 Aquae
1257 5195 1614 5259 subjiciuntur
1641 5212 1759 5265 pag.
1787 5212 1901 5264 seq.

484 5258 599 5335 126)
652 5258 943 5335 Ρενριεαια.Δ
971 5263 1024 5335 lu
1051 5258 1293 5335 βιαίου,
1331 5258 1550 5335 ἁπόρως
1596 5258 1690 5318 καὶ
1710 5258 1952 5334 ’ἀλόγως
1973 5282 1985 5297 ·

412 5333 559 5399 quod
593 5342 861 5399 sumptum
898 5332 1063 5385 videri
1109 5345 1290 5399 queat,
1340 5332 1638 5389 aut-lucem
1682 5348 1829 5390 certe
1856 5332 1989 5389 Vlllll-

416 5410 601 5473 luatur
622 5416 685 5473 ex
714 5401 945 5473 Polluce,
968 5402 1069 5473 qui
1100 5402 1194 5473 lib.
1232 5419 1306 5461 \‘l.
1344 5420 1459 5470 cap.
1492 5405 1559 5457 54
1591 5408 1643 5458 in
1687 5422 1807 5457 eum
1828 5449 1843 5467 ,
1894 5407 1984 5473 qui

414 5470 571 5536 ὀλίγα
624 5470 715 5544 ὐπί
762 5469 1045 5544 ἀσθενείας
1099 5471 1278 5539 λέγει,
1332 5475 1381 5526 id
1413 5469 1642 5541 iesl.qui
1688 5469 1985 5544 perspicuis

421 5540 712 5593 adversarii
773 5543 1072 5593 rationibus
1132 5545 1440 5609 convictus,
1498 5540 1983 5611 pauca'duiitaxat

418 5611 686 5684 balbutire
720 5612 878 5684 valet,
909 5612 1178 5684 quadrare
1202 5613 1276 5684 ait
1298 5613 1408 5666 haec
1439 5632 1452 5665 :
1483 5616 1743 5684 Ἀπορος,
1777 5615 1987 5683 ἄλογος,

419 5679 670 5752 ἄφωνος.
702 5718 718 5734 .
748 5721 761 5736 .
796 5680 890 5752 καί
943 5678 1005 5731 τὰ
1058 5681 1431 5751 ἐπιρρήματα,
1478 5678 1715 5752 ἀπόρως.
1761 5678 1989 5752 ἀλόγως,

420 5749 672 5818 ἁφώνως,
706 5767 761 5805 κ.
792 5768 840 5804 τ.
874 5750 924 5802 λ.
976 5766 1094 5818 quae
1134 5749 1292 5805 verba
1335 5753 1414 5806 sic
1468 5749 1627 5806 vertit
1684 5749 1991 5822 interpres;

2090 4634 2321 4704 Γραφῶν
2348 4637 2614 4699 παντοίως
2643 4636 2869 4707 ἄπειρος
2894 4631 2950 4708 ᾗ,
2978 4638 3085 4689 ἀπὺ
3116 4640 3214 4707 τῆς
3243 4636 3621 4705 αὐτῶν-ίνὼμτῆ

2094 4723 2250 4791 μόνον
2295 4724 2465 4776 ταῦτα
2501 4725 2781 4795 εἰρηκέναι
2834 4727 2960 4787 τοὺς
3012 4728 3265 4796 ἀρίστους
3316 4727 3509 4787 πάντας
3554 4726 3621 4773 κιὶ

2092 4814 2335 4878 κλεινοὺς
2364 4815 2606 4879 ἐκείνους
2642 4815 2839 4887 ἄνδρας
2870 4820 3110 4889 φήσειεν,
3148 4818 3262 4871 ἁλλ’
3287 4820 3405 4889 οὐχὶ
3443 4818 3519 4870 διὰ
3550 4816 3622 4882 τῇς

2101 5009 2117 5062 ι
2154 4989 2455 5062 perplexius,
2481 5006 2731 5047 sermone
2765 5007 2978 5054 carens.
3008 5004 3253 5047 mutus...
3288 5002 3444 5062 atque
3469 4992 3606 5044 advcr

2093 5059 2195 5117 bta.
2224 5061 2539 5127 perplexim,
2568 5074 2730 5124 mute,
2754 5062 3008 5126 inl’autcr,
3034 5082 3053 5114 ι
3078 5077 3182 5118 etc.

2166 5130 2279 5197 (27)
2345 5128 2655 5201 Viluvimus.
2725 5132 2907 5185 Codex
2962 5137 3245 5197 mendose,
3296 5133 3620 5201 πεφεύγομεν.

2091 5198 2233 5273 L93"
2268 5198 2651 5273 ,πεφεύγαμεψ
2702 5202 2840 5273 Quin
2870 5272 2873 5273 ν
2908 5204 3072 5257 etiam
3117 5218 3216 5273 pro
3269 5198 3496 5255 καὶτοῦ
3531 5198 3620 5259 οτι,

2093 5270 2371 5335 legendum
2401 5270 2608 5325 videtur
2660 5272 2754 5323 καὶ
2781 5271 2840 5323 τὸ
2861 5272 2963 5325 ὅτι.

2124 5337 2278 5458 6(33)
2323 5337 2586 5404 Quantum
2651 5351 2754 5394 etc.
2797 5340 2902 5395 Pro
2956 5341 3032 5413 τῷ
3070 5359 3135 5411 γε
3208 5345 3487 5413 legendum
3516 5339 3625 5392 forte

2090 5426 2150 5459 το
2179 5426 2261 5461 γε.

2162 5425 2274 5598 ᾇΞύ
2308 5478 2374 5567 1
2405 5481 2568 5565 ποιάς.
2596 5480 2795 5545 Codex,
2826 5481 2884 5534 ὲν
2909 5482 3113 5547 αὐτοῖς.
3147 5483 3283 5553 Lege
3344 5483 3404 5535 ὲν
3425 5480 3621 5537 ἑαυτοῖς,

2238 5565 2264 5598 ν
2300 5566 2499 5598 αυτοις.

2090 5558 2180 5599 aut
2208 5550 2264 5598 ὲν
2300 5550 2499 5611 αὐτοῖς.

2167 5618 2277 5687 (50)
2320 5619 2565 5672 Nescitis.
2600 5620 2617 5672 I
2658 5620 2784 5673 Cor.
2817 5622 3013 5683 111,16.

2166 5688 2280 5756 (51)
2326 5687 2637 5757 l’articipes.
2668 5690 2827 5741 Hebr.
2869 5707 2939 5755 Vl,
2972 5693 3025 5744 4.
3060 5693 3241 5749 Grmca
3267 5692 3436 5748 Biblia
3462 5710 3474 5743 :
3502 5688 3623 5741 Μετ’

2095 5758 2252 5826 όχους
2281 5758 2600 5827 γενηθέντας
2633 5760 2946 5829 Πνεύματος
2975 5762 3152 5831 ἁγίου.
