3732 6308
340 302 437 357 651

1592 292 1827 356 DlDYMI
1860 298 2133 354 ALEXAN
2143 298 2327 355 DRlNl

3446 303 3539 362 σεε

339 419 494 474 bicce
540 430 604 471 ac
670 415 883 471 divinus
940 416 1150 471 amatus
1193 418 1499 484 exsisteret,
1565 414 1881 478 declaravit,
1949 414 2248 483 inquiens:
2307 432 2326 465 ι
2379 411 2610 484 Spiritus
2656 412 2769 486 (41)
2820 412 3028 468 Domini
3086 414 3299 470 locutus
3361 426 3442 471 est
3498 420 3549 472 in

334 524 425 565 me
458 508 591 579 (42),
624 516 679 562 et
703 521 882 561 sermo
902 507 1017 576 ejus
1051 508 1101 562 in
1139 507 1319 578 lingua
1348 523 1486 565 mea.
1520 526 1541 562 ι

832 601 995 670 233
1045 600 1269 657 CAPUT
1316 601 1407 656 xu.

341 692 493 758 Quod
514 692 567 744 in
588 690 861 743 cherubico
898 691 1080 744 throno
1102 692 1246 743 sedet
1288 689 1513 758 Spiritus
1561 699 1789 750 sanctus,
1840 699 1887 741 et

405 766 645 816 virtutem
682 761 893 813 emittit.
931 759 997 811 Et
1018 760 1154 827 quod
1186 760 1441 825 Spiritum
1482 771 1717 813 sanctum
1749 759 1892 812 Pau-

405 831 488 884 lus
518 846 633 883 eum
660 846 767 882 esse
794 830 952 892 novit,
984 832 1070 898 qui
1106 830 1170 882 ob
1206 829 1350 882 Isaia
1380 831 1517 883 visus
1554 829 1673 895 fuit,
1710 828 1890 881 Domi-

406 918 527 955 num
549 898 799 953 Sabaoth.
832 898 897 951 Et
918 910 1097 952 contra
1120 898 1547 953 Macedonianam
1578 900 1889 967 opinionem.

405 971 474 1025 Et
505 970 711 1038 quodin
744 969 891 1021 nobis
920 970 1116 1021 habitat
1148 967 1379 1032 Spiritus
1396 980 1626 1021 sanctus.
1656 967 1722 1020 Et
1747 967 1886 1037 quod

404 1037 609 1094 divinas
644 1037 945 1107 Scriptura:
972 1038 1150 1092 dolose
1171 1039 1449 1104 deprovant
1478 1038 1726 1092 Itazretici.

400 1201 516 1257 Jam
548 1214 673 1255 vero
697 1198 834 1270 apud
867 1213 1012 1264 eum,
1048 1213 1207 1267 quem
1268 1195 1704 1259 commemoravi,
1732 1208 1890 1247 accu-

333 1294 685 1357 ratissimum,
716 1306 779 1345 ac
809 1292 1011 1355 omnia,
1042 1304 1163 1359 qua:
1196 1288 1496 1343 necessaria
1523 1286 1651 1352 sint,
1678 1286 1890 1356 copiose

334 1394 653 1441 tractantem
701 1382 992 1445 melodum,
1052 1380 1103 1434 in
1140 1380 1345 1450 psalmo
1384 1395 1495 1443 crx,
1526 1379 1617 1448 qui
1651 1389 1791 1433 totus
1823 1393 1889 1432 ex

333 1490 558 1548 persona
584 1474 762 1529 Patris
792 1473 857 1526 ad
886 1472 1075 1525 Filium
1101 1472 1275 1526 dictus
1304 1479 1405 1535 est,
1462 1479 1569 1525 tum
1616 1485 1766 1536 teque
1792 1472 1891 1523 ho-

332 1569 569 1627 noranda
601 1576 786 1623 sancta
816 1565 1074 1629 Trinitas,
1105 1573 1211 1618 tum
1237 1561 1493 1633 Spiritus,
1522 1563 1609 1631 qui
1635 1561 1892 1615 Dominus

332 1663 404 1719 sit
430 1661 682 1717 emittens
707 1659 981 1721 virtutem,
1015 1666 1177 1725 atque
1204 1671 1305 1710 una
1331 1670 1453 1710 cum
1495 1654 1654 1708 Patre
1677 1662 1731 1707 et
1756 1653 1890 1706 Filio

331 1753 634 1816 considens,
678 1749 959 1804 manifeste
1002 1748 1178 1817 potius
1238 1761 1398 1816 quam
1432 1745 1766 1814 aanigmatice
1789 1760 1888 1798 an-

332 1842 631 1897 nuntiatur.
661 1838 730 1894 Ut
766 1848 943 1892 autem
991 1837 1046 1892 in
1101 1846 1351 1906 promptu
1381 1834 1451 1890 sit
1479 1834 1886 1897 demonstratio,

2635 594 2791 647 ΚΕΦ.
2833 595 2934 649 IA’.

1994 687 2120 740 "Ott
2169 686 2265 738 ἐπὶ
2316 685 2421 738 τοῦ
2475 685 2821 754 χερουόικοῦ
2880 684 3095 752 θρόνου
3142 682 3439 754 καθέζεται
3491 686 3559 739 τὸ

2061 757 2231 825 ἅγιον
2261 754 2518 825 Πνεῦμα,
2551 754 2647 825 καὶ
2680 754 2934 825 (Syram?
2970 753 3424 825 ἐξαποστέλλει.
3452 756 3555 825 Kal

2061 820 2147 878 ὅτι
2174 828 2205 879 ὁ
2229 820 2465 889 Παῦλος
2493 824 2635 877 αὐτὸ
2671 820 2843 877 οἶδεν(
2873 820 3023 877 εἶναι
3052 824 3158 877 τὸν
3191 824 3449 892 ὀφθέντα
3479 823 3559 888 τῷ

2070 896 2282 961 Ἡσαΐᾳ
2323 895 2537 960 Κύριον
2586 895 2843 948 Σαϐαὼθ.
2892 895 2997 947 Kal
3036 894 3183 947 κατὰ
3233 894 3343 946 τοῦ
3376 898 3560 946 Maxe-

2059 964 2337 1018 δογιανοῦ
2380 963 2773 1031 φρονήματος.
2825 965 2932 1017 Καὶ
2975 963 3063 1016 ὅτι
3106 965 3175 1016 ὲν
3216 964 3363 1032 ἡμῖν
3393 964 3550 1017 οἰκεῖ.

2058 1036 2167 1089 Kal
2229 1034 2317 1087 ὅτι
2366 1033 2830 1102 ῥᾳδιουργοῦσιν
2889 1034 3164 1101 alpettxol
3230 1036 3334 1099 τὰς
3399 1036 3557 1099 θείας

2061 1103 2321 1172 Γραφάς.

2058 1197 2216 1267 Παρὰ
2248 1194 2324 1265 τῷ
2360 1192 2784 1265 μνημονευθέντι
2825 1194 3003 1247 τοίνυν
3042 1193 3428 1265 ἀκριϐεστάτῳ
3466 1212 3558 1265 με-

1989 1285 2161 1357 λῳδῷ,
2195 1286 2272 1356 τῷ
2295 1287 2427 1339 πᾶσι
2449 1288 2561 1347 τοῖς
2590 1286 2905 1354 ἀναγκαίοις
2934 1287 3375 1357 ἐμπλεονάζοντι,
3402 1289 3456 1339 ἐν
3480 1287 3556 1357 ρθ¹

1988 1376 2204 1447 ψαλμῷ,
2236 1377 2382 1439 ὅστις
2416 1376 2533 1437 ὅλος
2584 1376 2649 1427 ἐκ
2700 1376 2990 1445 προσώπου
3028 1377 3119 1430 τοῦ
3175 1378 3387 1447 Πατρὸς
3429 1378 3560 1447 πρὸς

1989 1470 2077 1523 τὸν
2104 1469 2230 1521 Υὶόν
2259 1468 2471 1538 ἐλέχθη,
2508 1467 2745 1537 ἰσότιμος
2784 1470 2815 1539 ἡ
2846 1468 2974 1537 ἁγία
3008 1470 3197 1540 Τριὰς.
3234 1469 3325 1521 καὶ
3364 1468 3559 1539 Κύριος

1991 1561 2053 1615 τὸ
2095 1559 2315 1630 Πνεῦμα
2358 1560 2759 1625 ἐξαποστέλλων
2812 1557 3056 1630 δύναμιν,
3093 1560 3185 1612 καὶ
3234 1558 3558 1627 συγκαθεζό-

1993 1670 2149 1724 μενος
2175 1652 2251 1723 τῷ
2286 1653 2459 1724 Πατρὶ
2493 1653 2586 1707 καὶ
2613 1652 2688 1722 τῷ
2726 1650 2839 1722 Υἰῷ
2879 1651 3134 1720 ἐμφανῶς
3165 1651 3389 1721 μᾶλλον,
3416 1651 3559 1719 ἥπερ

1990 1743 2399 1814 αἰνιγματωδῶς
2422 1744 2841 1813 ἀπαγγέλλεται.
2879 1743 3093 1807 Ἐδοξεν
3119 1743 3174 1795 δέ
3206 1760 3296 1812 μοι
3320 1745 3399 1805 si;
3426 1742 3561 1794 ἐτοῖ-

1994 1851 2100 1905 μην
2137 1832 2405 1900 ἀπόδειξιν
2441 1836 2615 1888 πάντα
2659 1833 2852 1905 ἐφεξῆς
2897 1835 3254 1905 παραγράψαι
3292 1835 3383 1887 τὸν
3420 1834 3559 1905 leg»

331 1935 506 1988 visum
536 1941 618 1987 est
662 1930 794 1985 mihi
840 1939 1005 1984 totum
1053 1942 1119 1983 ex
1155 1928 1344 1981 ordine
1366 1926 1641 1979 ascribere
1665 1923 1775 1996 (l3)
1810 1939 1885 1978 sa-

2055 1927 2199 1979 υτονὶ
2230 1926 2402 1995 λόγον,
2426 1928 2587 1996 μηδὲν
2622 1927 2783 1979 αὐτοῦ
2818 1927 3192 1997 παραλιπόντι.
3218 1929 3371 1996 Ἔχει
3398 1927 3556 1979 δέοὖο

330 2042 480 2082 crum
518 2026 619 2079 hoc
673 2023 969 2087 oraculum,
1016 2021 1256 2090 nihilque
1302 2018 1739 2089 praetermittere.
1795 2017 1886 2073 Sic

329 2130 458 2184 ergo
484 2116 645 2169 habet
671 2130 685 2167 :
721 2130 738 2163 ι
766 2112 909 2166 Dixit
933 2112 1045 2182 (44)
1066 2111 1323 2165 Dominus
1348 2107 1574 2163 Domino
1591 2123 1729 2174 meo,
1747 2106 1886 2161 Sede

331 2222 362 2262 a
397 2208 601 2261 dextris
637 2205 794 2269 meis,
845 2204 1013 2258 donec
1064 2217 1259 2272 ponam
1320 2201 1569 2255 inimicos
1612 2209 1730 2255 tuos
1766 2214 1885 2253 sca-

329 2298 527 2355 bellum
569 2298 759 2367 pedum
817 2306 1052 2351 tuorum.
1114 2294 1332 2364 Virgam
1386 2294 1638 2364 potentiae
1681 2292 1888 2347 emittet

330 2392 424 2447 tibi
452 2392 706 2445 Dominus
738 2404 803 2445 ex
838 2389 993 2453 Sion,
1020 2397 1073 2443 et
1104 2388 1378 2442 dominare
1415 2387 1467 2441 in
1504 2386 1678 2441 medio
1712 2385 1887 2440 inimi-

330 2498 514 2538 corum
546 2492 780 2535 tuorum.
809 2480 1011 2535 Tecum
1065 2479 1407 2549 principatus
1447 2479 1498 2531 in
1528 2478 1612 2531 die
1641 2477 1888 2546 potentia:

330 2582 454 2638 tuae,
480 2574 531 2625 in
562 2571 937 2642 Splendoribus
959 2579 1267 2624 sanctorum
1292 2569 1405 2639 (45)
1430 2583 1445 2622 :
1470 2582 1534 2623 ex
1561 2578 1745 2623 ventre
1765 2579 1889 2622 ante

328 2663 634 2719 Luciferum
666 2662 825 2733 genui
849 2672 920 2717 te.
943 2660 1147 2716 Juravit
1181 2660 1460 2727 Dominus,
1506 2669 1687 2715 etnon
1718 2660 1888 2729 poeni-

328 2757 463 2811 tebit
498 2772 619 2810 cum
645 2770 659 2808 :
690 2754 769 2808 Tu
798 2770 858 2808 es
887 2755 1141 2809 sacerdos
1190 2755 1242 2808 in
1284 2763 1546 2808 a:ternum
1589 2752 1887 2807 secundum

328 2847 568 2902 ordinem
594 2845 1015 2899 Melchisedech:
1046 2844 1303 2897 Dominus
1330 2858 1357 2896 a
1392 2842 1594 2897 dextris
1627 2842 1749 2895 tuis.
1781 2860 1798 2891 ι
1831 2841 1886 2895 Si

328 2938 472 2991 enim
515 2936 675 2989 Pater
708 2936 783 2987 ait
818 2934 954 2987 Filio
987 2952 999 2988 :
1045 2953 1061 2987 t
1098 2934 1236 2988 Sede
1269 2950 1297 2987 ιι
1331 2934 1537 2989 dextris
1570 2934 1777 2999 meis;r
1804 2942 1885 2987 et:

334 3047 353 3081 ι
392 3028 607 3097 Virgam
679 3026 929 3097 potentiae
998 3026 1208 3079 emittet
1265 3026 1359 3080 tibi
1407 3024 1751 3090 Dominus“
1793 3032 1883 3077 et:

335 3139 353 3172 ι
388 3118 762 3172 Dominaberis
792 3116 1025 3171 inimicis
1052 3116 1186 3181 tuis;
1214 3135 1233 3167 ι
1286 3126 1340 3170 et
1365 3134 1379 3171 :
1435 3135 1452 3166 ι
1482 3114 1688 3170 Juravit
1711 3115 1889 3171 Domi-

328 3227 468 3277 nus;
498 3228 517 3261 ι
543 3219 595 3263 et
625 3223 639 3262 :
670 3228 687 3260 ι
730 3208 987 3263 Dominus
1014 3223 1043 3261 a
1086 3208 1287 3263 dextris
1323 3208 1460 3263 tuis:
1489 3227 1507 3261 ι
1543 3208 1787 3276 quisnam
1806 3214 1887 3261 est

331 3300 587 3355 Dominus
622 3298 733 3363 ille,
773 3299 863 3367 qui
888 3299 986 3367 ipsi
1014 3301 1216 3368 virgam
1248 3299 1432 3361 mittit,
1478 3310 1533 3352 et
1560 3298 1728 3367 jurat,
1770 3307 1824 3351 et
1856 3312 1886 3351 a

329 3392 533 3447 dextris
562 3389 681 3445 Filii
713 3390 906 3445 sedet?
934 3390 1075 3443 Nihil
1112 3398 1302 3453 restat,
1336 3390 1439 3445 nisi
1470 3399 1527 3443 ut
1550 3390 1619 3443 sit
1653 3388 1886 3458 Spiritus

329 3494 547 3538 sanctus
578 3497 592 3534 :
631 3482 764 3536 adeo
793 3491 851 3537 ut
883 3481 1074 3535 Filium
1126 3497 1155 3535 a
1216 3482 1419 3535 dextris
1451 3481 1664 3549 quidem
1711 3480 1887 3536 Patris

327 3586 465 3634 esse,
496 3570 756 3641 Spiritum
794 3587 921 3625 vero
954 3572 1045 3625 Dei
1073 3587 1101 3625 a
1128 3571 1330 3625 dextris
1365 3571 1566 3624 habere
1601 3571 1888 3638 comperia-

330 3676 467 3715 mus.
503 3660 633 3713 illud
657 3675 783 3714 vero
818 3661 1137 3715 meminisse
1188 3670 1419 3728 oportet,
1451 3661 1591 3728 quod
1629 3660 1714 3713 hic
1740 3658 1888 3729 jurat

328 3753 493 3807 etiam
544 3750 798 3821 Spiritus,
859 3752 1053 3821 quippe
1094 3752 1183 3819 qui
1220 3767 1238 3801 ι
1277 3766 1384 3805 ιιοιι
1434 3750 1595 3805 habet
1627 3753 1885 3822 majorem

328 3858 387 3898 se
438 3844 613 3912 (.56).:
656 3845 793 3896 sicut
845 3844 1051 3909 Filius,
1094 3844 1182 3911 qui
1238 3843 1393 3907 dixit,
1449 3861 1467 3895 ι
1511 3842 1617 3899 Per
1666 3854 1888 3899 memet-

328 3935 501 4004 ipsum
519 3934 787 4003 (67)juro,
812 3953 829 3987 ι
856 3934 1310 4004 quemadmodum
1347 3936 1398 3988 in
1423 3936 1596 4005 primo
1622 3935 1755 3990 libro
1773 3936 1884 4007 (48)

326 4033 801 4078 commemoratum
826 4025 988 4094 239
1027 4024 1147 4077 fuit.
1194 4025 1298 4079 Sed
1355 4034 1408 4079 et
1465 4026 1515 4079 in
1544 4043 1628 4080 LXI
1683 4030 1887 4098 psalmo

328 4114 397 4168 ab
424 4116 612 4167 eodem
646 4115 842 4169 Davide
904 4116 1209 4169 annuntiari
1246 4125 1467 4186 apparet
1500 4129 1735 4174 sanctam
1768 4121 1887 4176 Tri-

332 4205 574 4266 nitatem,
600 4204 725 4257 dum
752 4205 825 4257 ita
870 4206 1089 4273 pSullit:
1131 4223 1148 4256 ι
1189 4205 1364 4259 Semel
1422 4207 1531 4279 (49)
1568 4208 1772 4266 locutus
1805 4220 1885 4266 est

332 4298 506 4352 Deus:
537 4298 641 4349 duo
700 4296 812 4349 harc
871 4296 1068 4350 audivi.
1106 4314 1124 4346 ι
1158 4296 1411 4362 Quaenam
1460 4315 1585 4354 vero
1616 4310 1737 4355 sunt
1774 4302 1886 4357 haec

332 4384 480 4439 duo?
510 4384 738 4439 Subdit:
776 4403 795 4435 ι
825 4384 975 4450 Quod
1024 4393 1264 4450 potestas
1306 4386 1392 4439 Dei
1428 4398 1531 4453 est,
1567 4398 1619 4442 et
1663 4400 1747 4444 tua
1778 4391 1885 4445 Do-

332 4479 495 4543 mine,
529 4478 916 4531 misericordia.
947 4496 965 4528 ι
988 4476 1119 4541 Quis
1148 4479 1289 4531 enim
1309 4488 1389 4531 est
1433 4480 1594 4545 Deus,
1616 4483 1706 4550 qui
1730 4482 1883 4548 dixit,

1984 2036 2089 2082 τως
2110 2034 2123 2048 °
2149 2038 2165 2068 ι
2192 2014 2354 2071 Εἶπεν
2397 2018 2442 2089 [l
2462 2018 2522 2071 l0
2552 2018 2605 2091 ιι]
2633 2022 2659 2071 ὁ
2690 2019 2887 2089 Κύριος
2914 2018 2990 2089 τῷ
3006 2019 3190 2089 Κυρίῳ
3214 2036 3339 2089 μου·
3374 2019 3556 2071 Κάθω

1985 2111 2047 2162 ἐκ
2092 2109 2277 2173 δεξιῶν
2309 2126 2430 2180 μου,
2462 2110 2563 2172 ἓως
2613 2110 2678 2163 ἂν
2734 2109 2810 2161 θῶ
2864 2110 2987 2171 τοὺς
3024 2109 3246 2179 ἐχθρούς
3281 2127 3377 2161 σου
3427 2111 3558 2162 ὐπο-

1986 2200 2163 2253 πόδιον
2192 2201 2298 2252 τῶν
2328 2200 2500 2253 ποδῶν
2524 2217 2635 2252 σου.
2665 2200 2882 2253 Ῥἀὸδον
2913 2201 3186 2270 δυνάμεως
3213 2200 3561 2266 ἐξαποστελεῖ

1988 2310 2068 2345 σοι
2105 2292 2305 2363 Κύριος
2340 2295 2402 2345 ἐκ
2443 2291 2601 2355 Σιὼν,
2633 2294 2727 2346 καὶ
2768 2294 3124 2363 κατακυρίευε
3162 2294 3218 2344 ἐν
3258 2292 3410 2362 μέσῳ
3448 2292 3555 2344 τῶν

1986 2384 2191 2455 ἐχθρῶν
2222 2402 2333 2436 σου.
2368 2384 2520 2437 Μετὰ
2564 2384 2656 2436 σοῦ
2690 2387 2722 2455 ἡ
2775 2385 2916 2456 ἀρχὴ
2961 2387 3018 2436 ὲν
3052 2385 3231 2454 ἡμέρᾳ
3267 2384 3367 2453 τῆς
3396 2384 3554 2436 δυνά-

1990 2476 2132 2547 μεώς
2162 2494 2252 2529 σου
2278 2479 2333 2529 ὲν
2352 2479 2468 2539 ταῖς
2494 2477 2835 2547 λαμπρότησι
2858 2478 2962 2529 τῶν
2986 2477 3175 2544 ἁγίων.
3210 2477 3303 2528 Ἐκ
3319 2478 3557 2545 γαστρὶς

1988 2569 2091 2638 πρὸ
2134 2569 2437 2639 Ἑωσφόρου
2464 2570 2725 2637 ἐγέννησα
2749 2587 2824 2622 σε.
2861 2570 3091 2639 Ὤμοσεν
3116 2568 3337 2639 Κύριος,
3369 2570 3462 2623 καὶ
3492 2568 3554 2620 οὐ

1991 2658 2519 2729 μεταμεληθήσεται·
2562 2659 2631 2711 Σὺ
2658 2660 2831 2728 ἱερεὺς
2858 2661 2935 2722 εἰς
2966 2660 3055 2711 τὸν
3091 2660 3259 2713 αἰῶνα
3290 2660 3432 2713 κατὰ
3459 2661 3556 2730 τὴν

1986 2751 2138 2815 τάξιν
2170 2750 2533 2819 Μελχισεδέκ·
2576 2751 2774 2821 Κύριος
2814 2754 2875 2803 ἐκ
2918 2751 3104 2815 δεξιῶν
3138 2769 3249 2803 σου.
3291 2770 3307 2801 ι
3355 2753 3420 2804 Εἰ
3448 2753 3557 2822 γὰρ

1986 2845 2014 2895 6
2044 2843 2229 2911 Πατὴρ
2268 2841 2417 2908 λέγει
2464 2842 2538 2911 τῷ
2580 2842 2729 2911 Υἱῴυ
2769 2864 2784 2892 ι
2817 2842 2997 2895 Κάθου
3043 2844 3105 2895 ἐκ
3139 2842 3325 2907 δεξιῶν
3357 2860 3461 2913 μου
3485 2861 3498 2873 ·
3530 2861 3553 2895 r

1987 2934 2098 2996 καὶ,
2135 2953 2151 2984 ι
2201 2932 2419 2985 Ῥἀϐδον
2449 2932 2725 3001 δυνάμεως
2759 2934 3105 2999 ἐξαποστελεῖ
3136 2951 3215 2987 σοι
3260 2936 3465 3004 Κύριος
3486 2950 3500 2963 ·
3530 2952 3549 2985 ι

1988 3026 2115 3087 καὶ,
2177 3044 2194 3076 ι
2231 3024 2697 3095 Κατακυριεύσεις
2749 3024 2856 3077 τῶν
2909 3024 3117 3096 ἐχθρῶν
3170 3043 3303 3078 σουο
3355 3044 3376 3077 ι
3429 3027 3558 3093 καὶ,

1994 3134 2014 3166 ί
2067 3115 2297 3184 Ὤμοσεν
2369 3114 2600 3184 Κύριος’
2652 3134 2669 3165 ι
2732 3115 2861 3180 καὶ,
2916 3135 2934 3167 ι
2987 3117 3185 3189 Κύριος
3242 3118 3307 3171 ἐκ
3369 3119 3557 3184 δεξιῶν

1990 3225 2111 3260 σου·
2160 3226 2179 3259 ι
2234 3207 2317 3271 τίς
2371 3207 2399 3259 6
2448 3207 2787 3261 ἀποστέλλων
2843 3208 2988 3279 αὐτῷ
3036 3209 3133 3281 τὴν
3182 3211 3415 3282 ῥάϐδον,
3464 3214 3558 3266 καὶ

1917 3283 2247 3369 (Ῑόμνύων,
2308 3297 2402 3351 καὶ
2462 3298 2524 3351 ἐκ
2586 3298 2773 3363 δεξιῶν
2838 3300 2931 3352 τοῦ
3003 3300 3131 3353 Υἰοῦ
3197 3301 3558 3372 καθεζόμενος

1986 3388 2209 3459 Κύριος,
2255 3388 2303 3440 εἰ
2365 3388 2440 3460 μὴ
2493 3388 2674 3442 λοιπὸν
2724 3390 2784 3443 τὸ
2824 3391 2976 3459 ἆγιον
3026 3393 3279 3463 Πνεῦμα;
3330 3394 3408 3457 ὡς
3468 3396 3558 3447 εὖ-

1989 3479 2273 3550 ρίσκεσθαι
2333 3480 2422 3532 τὸν
2463 3480 2606 3542 Υἱὸν,
2661 3481 2788 3534 ὄντα
2835 3484 2934 3552 μὲν
2978 3484 3042 3536 ἐκ
3088 3484 3276 3550 δεξιῶν
3318 3485 3413 3538 τοῦ
3450 3486 3557 3538 Πα-

1986 3572 2133 3643 τρδς,
2164 3571 2352 3640 ἔχοντα
2386 3570 2441 3623 δὲ
2474 3573 2536 3624 ἐκ
2577 3571 2760 3636 δεξιῶν
2799 3573 2860 3625 τὸ
2896 3574 3121 3645 Πνεῦμα
3143 3575 3235 3628 τοῦ
3265 3574 3421 3628 Θεοῦ.
3451 3578 3556 3630 Ms-

1990 3661 2228 3732 μνῆσθαι
2264 3661 2319 3714 δὲ
2346 3661 2471 3731 χρὴ,
2501 3663 2582 3714 ὃτι
2609 3663 2840 3718 ἐνταῦθα
2870 3666 2963 3718 καὶ
2990 3665 3177 3735 ὀμνύει
3213 3665 3275 3719 τὸ
3307 3668 3552 3737 Πνεῦμα,

1984 3750 2059 3814 ὼς
2082 3751 2179 3804 οὐκ
2211 3750 2333 3821 ἔχον
2356 3750 2445 3805 τὸν
2478 3752 2717 3821 μείζονα,
2746 3752 2888 3806 καθὰ
2918 3755 2946 3807 6
2976 3754 3123 3819 Υἱὸς,
3147 3754 3337 3819 εἰπὼν,
3378 3776 3396 3807 ι
3420 3758 3554 3810 Κατ’

1985 3841 2220 3912 ἐμαυτοῦ
2245 3840 2448 3911 ὀμνύω,
2483 3860 2500 3891 ι
2539 3842 2614 3905 ὡς
2643 3844 2699 3895 ἐν
2738 3842 2817 3913 τῷ
2846 3842 3044 3916 πρώτῳ
3071 3846 3447 3918 ἐμνημονεύθη
3474 3847 3555 3917 βι-

1986 3935 2136 4005 ϐλίῳ.
2180 3934 2339 3988 Ἀλλὰ
2367 3936 2459 3987 καὶ
2488 3936 2544 3987 ἐν
2579 3934 2654 3999 ξαν
2684 3935 2881 4007 ψαλμῷ
2920 3939 2945 3990 6
2980 3937 3139 3999 αὐτὸς
3170 3937 3329 3990 Δαυῒδ
3370 3939 3551 4006 ἀπαγ-

1984 4029 2187 4097 γέλλων
2213 4030 2311 4100 τὴν
2351 4031 2508 4099 ἁγίαν
2536 4032 2743 4102 Τριάδα
2776 4033 3039 4102 φαίνεται,
3086 4037 3143 4087 ἐν
3184 4036 3260 4106 τῷ
3287 4036 3511 4105 ψάλλειν
3536 4054 3549 4065 ·

1991 4137 2010 4171 ι
2043 4118 2219 4183 Ἀπαξ
2240 4120 2497 4189 ἐλάλησεν
2522 4123 2549 4173 6
2578 4122 2711 4185 Θεός
2737 4140 2751 4154 θ
2784 4123 2875 4175 δύο
2912 4124 3083 4177 ταῦτα
3107 4126 3331 4196 ἥκουσα.
3362 4144 3381 4177 ι
3418 4129 3547 4180 Ποῖα

1984 4210 2041 4264 δὲ
2087 4210 2211 4275 δύος
2269 4212 2526 4279 Ἐπάγει’
2564 4232 2582 4263 ι
2616 4213 2738 4266 Ὅτι
2773 4214 2831 4267 τὸ
2878 4216 3074 4286 κράτος
3112 4216 3204 4269 τοῦ
3254 4217 3411 4281 Θεοῦ,
3463 4220 3548 4273 xa‘

1986 4300 2101 4366 σοῦ,
2160 4299 2358 4370 Κύριε,
2401 4301 2462 4353 τὸ
2526 4301 2692 4365 ἔλεος.
2737 4321 2755 4353 ι
2811 4304 2906 4367 Τίς
2958 4306 3068 4375 γὰρ
3108 4307 3137 4358 6
3175 4306 3345 4361 εἰπὼν
3388 4309 3548 4373 Θεὸς,

1992 4412 2011 4443 ι
2042 4392 2159 4444 Ὀτι
2192 4391 2250 4443 τὸ
2278 4391 2476 4463 κράτος
2515 4395 2608 4446 τοῦ
2643 4393 2807 4460 Θεοῦ;
2849 4414 2867 4446 ι
2902 4398 2996 4449 καὶ
3045 4398 3177 4468 πρὸς
3217 4399 3339 4451 τίνα
3381 4401 3547 4469 λέγει,

1992 4502 2013 4534 ι
2044 4482 2153 4536 Καὶ
2188 4481 2304 4549 σοῦ,
2333 4482 2525 4555 Κύριε,
2574 4485 2634 4537 τὸ
2680 4486 2859 4551 ἐλεος;
2897 4506 2917 4540 ι
2951 4489 3057 4541 Καὶ
3095 4490 3187 4543 ἐπὶ
3229 4491 3323 4543 τοῦ
3356 4493 3549 4562 Δανιὴλ

338 4591 358 4626 ι
391 4572 530 4642 quod
590 4581 824 4642 potestas
858 4570 949 4625 Dei
981 4570 1099 4625 est?
1132 4588 1149 4622 ι
1220 4581 1275 4625 et
1305 4570 1515 4625 cuinam
1555 4573 1687 4627 dicit
1719 4591 1733 4628 :
1769 4591 1788 4626 ι
1821 4575 1885 4630 Ει

2071 4590 2231 4644 φησιν
2257 4574 2314 4627 ἐν
2345 4577 2412 4645 τῇ
2443 4575 2569 4645 περὶ
2612 4576 2895 4647 Σωσάννης
2940 4578 3141 4647 κρίσει·
3175 4600 3193 4633 ι
3242 4580 3548 4652 Ἐξήγειρεν

333 4675 444 4734 tua,
496 4665 739 4732 Domine,
774 4662 1188 4718 misericordia?
1220 4681 1238 4715 ι
1271 4662 1407 4729 Quin
1443 4670 1498 4718 et
1520 4664 1658 4732 apud
1694 4664 1888 4722 Danie-

403 4867 514 4939 (41)
557 4867 802 4939 ξρὶι-ἱιιηζ
837 4868 876 4923 ιι
915 4868 1043 4939 Reg.
1072 4886 1225 4934 χχιιι,
1250 4870 1305 4925 2.

404 4936 515 5012 (ΑΞ)
554 4936 620 5012 In
644 4955 741 5012 me.
765 4938 947 5012 (Bucca
972 4936 1137 4993 Dtblia
1170 4957 1265 5010 pro
1308 4940 1451 5012 ἐμοί,
1478 4941 1527 4994 id
1553 4950 1630 4997 est
1661 4942 1878 5004 «mihi,»

336 5005 535 5082 habent
580 5009 635 5058 ἐν
671 5007 810 5077 ἐμοί,
846 5011 894 5082 id
925 5021 1006 5062 est
1053 5028 1071 5061 ι
1109 5005 1320 5064 ἰιιίιιε»
1346 5005 1363 5063 Ξ
1388 5023 1545 5080 atque
1595 5014 1667 5065 ita
1713 5012 1887 5082 legen-

337 5077 460 5127 dum
501 5086 626 5151 puto
659 5080 1324 5151 cultrolr_:tttte(‘edetttia,
1367 5077 1477 5133 ιιιιιὶ
1523 5084 1645 5151 quia
1678 5077 1885 5151 postre-

340 5158 423 5224 ma
455 5144 654 5224 syllaba
692 5148 837 5201 vocis
884 5148 1161 5224 ἐλάλησεν,
1212 5152 1364 5205 lacile
1404 5144 1646 5205 nostrum
1679 5144 1886 5206 exscri-

338 5220 543 5287 plorem
576 5219 630 5287 in
657 5231 897 5287 errorem
926 5219 1175 5273 inducere
1207 5224 1397 5287 potuit.

408 5282 517 5359 (45)
552 5283 840 5362 Ascribere.
888 5286 964 5362 Ita
1008 5282 1247 5362 loquitur
1284 5292 1559 5362 Didymus,
1589 5291 1741 5362 quasi
1770 5306 1883 5362 suae

338 5354 594 5403 caecitatis
639 5352 850 5425 oblitus.
903 5352 1089 5408 Simili'
1131 5360 1285 5411 modo
1332 5352 1399 5412 ιη’
1423 5362 1514 5414 lib.
1547 5352 1643 5414 ὐἐ
1686 5359 1883 5425 Spiritu

335 5429 537 5497 sancto,
574 5422 842 5497 nutn.__50,
872 5426 947 5476 ait
976 5442 989 5477 :
1017 5426 1245 5497 «Crebro
1264 5428 1457 5497 legisse
1492 5445 1575 5483 me
1602 5422 1838 5484 memini.
1861 5450 1880 5481 ι

339 5488 491 5566 Quin.
523 5492 680 5566 etiam
721 5488 1069 5566 Hieronymus
1108 5488 1365 5565 Abigaui'n
1415 5514 1615 5552 cwcntn
1659 5499 1885 5566 epistola

339 5556 528 5682 giersic
570 5560 874 5629 alloquitur,
916 5556 1069 5618 num.
1121 5566 1145 5617 1
1182 5556 1246 5619 εἴ
1275 5567 1463 5622 Scribe
1495 5569 1653 5637 igitur
1691 5556 1881 5622 'auda-

460 5667 473 5681 .
508 5647 527 5679 θ

396 5641 473 5681 er.
508 5647 527 5679 ν

411 5698 523 5770 (Η)
566 5698 729 5754 Dixit.
767 5697 905 5757 Psal.
939 5717 1047 5769 etx,
1085 5719 1225 5760 vers.
1263 5705 1376 5762 1-6.
1409 5705 1561 5769 Vide,
1604 5706 1647 5763 si
1692 5705 1884 5777 placet,

1992 4667 2021 4718 6
2052 4666 2182 4729 Θεὸς
2207 4666 2268 4719 τὸ
2310 4667 2530 4738 Πνεῦμα
2555 4668 2615 4721 τὸ
2644 4668 2795 4737 ἆγιον
2836 4670 2925 4723 τὸν
2954 4672 3149 4742 Δανιήλ
3170 4688 3182 4699 ·
3212 4691 3231 4723 ι
3276 4673 3547 4727 κάνταῦθα

1988 4890 2106 4945 qua:
2133 4876 2197 4927 ad
2226 4876 2368 4948 hunc
2408 4876 2667 4943 psalmum
2707 4875 2929 4931 dictavit
2973 4876 3248 4948 Didymus,
3279 4892 3402 4947 pag.
3442 4876 3544 4932 ειν

1989 4955 2188 4999 catena:
2220 4945 2575 4999 Corderiana:.

2060 5014 2171 5085 (δῦ)
2224 5013 2555 5068 Sanctorum.
2593 5014 2775 5071 Graeca
2818 5016 2983 5070 Biblia
3013 5033 3027 5069 :
3056 5016 3164 5070 τῶν
3212 5016 3381 5085 ἁγίων
3429 5034 3544 5077 σου,

1992 5084 2163 5207 iﬁldest
2214 5103 2232 5135 ι
2265 5096 2570 5140 sanctorum
2615 5100 2847 5140 tuorum.
2881 5106 2899 5138 ι
2950 5086 3101 5157 Vulg.
3161 5091 3256 5141 int.
3314 5087 3444 5156 legit
3492 5098 3545 5142 ut

2039 5170 2051 5205 ι
2090 5169 2263 5207 vmus.

2039 5170 2263 5207 tuvmus.

2064 5169 2473 5294 (ιζείυὲὶῄυηιη
2498 5240 2571 5278 σε.
2625 5223 2702 5278 Ex
2735 5225 2960 5294 epistola
2986 5227 3047 5277 ad
3079 5226 3240 5280 llehr.
3269 5240 3342 5286 vt,
3376 5226 3464 5280 13.

2062 5292 2170 5362 (47)
2220 5292 2325 5346 Per
2362 5297 2735 5362 memetipsnm.
2771 5292 2892 5347 _lsa.
2936 5311 3056 5352 ην.
3088 5296 3179 5349 23.
3227 5296 3357 5348 Vide
3386 5310 3542 5349 etiam

1990 5360 2123 5442 Gen.
2153 5360 2285 5428 xxtt,
2337 5364 2421 5444 16..
2454 5365 2541 5417 ubi
2570 5360 2755 5418 tamen
2788 5363 2971 5419 Graeca
3012 5367 3179 5421 editio
3212 5366 3368 5419 habet
3418 5384 3437 5417 ι
3462 5366 3543 5435 ju-

1991 5445 2171 5501 νυνι.)
2215 5448 2310 5499 pro
2347 5452 2363 5483 ι
2393 5446 2530 5501 ιιιιο.
2566 5451 2584 5483 ι

2062 5500 2285 5575 (18))ζη
2336 5500 2516 5575 primo_
2540 5504 2692 5557 libro.
2744 5501 2872 5569 Cap.
2929 5519 3090 5567 xxVI,
3139 5520 3259 5575 pag.
3311 5505 3405 5569 75,
3449 5517 3539 5557 seu

1993 5583 2159 5645 segni.
2182 5573 2253 5645 δῇ
2282 5591 2332 5635 (ι,
2370 5584 2463 5645 aut
2495 5572 2721 5645 fortasse
2744 5588 2870 5645 cap.
2897 5589 2984 5635 xv,
3013 5572 3337 5645 antc‘scgm.
3360 5578 3395 5629 6
3420 5590 3472 5627 α.

2064 5642 2175 5711 (49)
2218 5642 2406 5697 Semel.
2440 5642 2577 5697 Psal.
2621 5657 2732 5708 ut,
2762 5642 2817 5696 11
2852 5643 2978 5707 (seu
3010 5644 3126 5714 ιε).
