3732 6310
336 295 442 351 655

1570 290 1803 351 DlDYill
1841 295 2313 353 ALEXANDPJNI

3462 304 3573 363 656

332 414 582 482 equitans
606 414 658 467 in
691 414 792 469 eo!
819 433 836 466 ι
869 414 1002 470 Cum
1029 415 1210 483 itaque
1244 410 1531 469 Jordanem
1559 412 1751 469 melota
1772 414 1873 468 Elia

2006 436 2023 467 t
2061 415 2168 469 Ποῦ
2195 416 2257 469 τὸ
2290 414 2513 487 Πνεῦμα
2545 414 2604 470 τὸ
2634 415 2889 483 διπλοῦν;
2921 435 2941 468 ι
2974 416 3109 472 ἀλλά
3131 435 3146 450 ο
3186 437 3206 470 ι
3237 416 3353 472 Ποῦ
3383 419 3412 473 ό
3432 420 3569 486 Θεὸς

338 521 357 553 ο
381 505 642 573 percussit
667 503 775 575 (59)
800 523 819 555 ι
844 505 1081 571 Ειὶεωιιε,
1109 514 1193 561 tet
1222 520 1357 574 aqua
1388 521 1491 560 non
1530 514 1611 561 est
1638 507 1830 570 divisa,
1869 525 1901 558 »ν

332 590 471 644 sicut
493 592 592 645 sub
621 592 735 645 Elia
757 594 1050 663 contigerat
1080 594 1389 665 (60),orans
1428 595 1564 664 ipse,
1590 605 1649 648 ut
1677 596 1790 666 ejus
1811 610 1899 665 po-

330 681 548 736 stulatio
602 691 656 735 et
688 684 808 736 data
843 685 1128 751 promissio
1185 685 1515 754 impleretur,
1546 699 1650 739 non
1678 686 1891 740 sitam-

331 772 470 840 plius
502 794 511 825 :
542 789 561 821 ι
596 769 698 825 Ubi
724 783 805 825 est
834 773 1069 841 Spiritus
1120 772 1349 842 dnplus?
1376 790 1396 823 ι
1448 772 1573 827 sed:
1634 790 1653 823 ι
1688 772 1783 827 Ubi
1813 785 1899 828 est

330 862 470 916 Dens
504 862 631 917 Elite
659 864 832 931 appho
866 863 980 935 (6|)
1014 863 1237 933 duplus?
1277 881 1296 914 ι
1334 863 1460 917 illud
1496 862 1707 917 scilicet
1740 866 1893 920 nobis

333 956 600 1019 revolans,
650 953 908 1023 Spiritum
956 966 1203 1010 sanctum
1239 969 1359 1010 esse
1405 956 1597 1019 Deum,
1633 956 1896 1025 simulque

333 1048 554 1113 docens,
588 1048 726 1102 idem
753 1062 875 1103 esse
913 1049 1092 1102 dicere
1118 1047 1308 1113 Deum,
1338 1062 1400 1102 ac
1425 1047 1605 1101 dicere
1636 1046 1894 1114 Spiritum

330 1148 595 1203 sanctum,
621 1149 675 1193 et
705 1138 819 1194 vice
851 1153 1026 1193 versa.
1047 1137 1156 1192 Vox
1186 1153 1313 1193 vero
1367 1137 1530 1207 ἀπφώ
1560 1138 1671 1210 (62)
1703 1138 1896 1193 frater-

328 1246 397 1283 na
423 1239 504 1284 est
530 1230 893 1299 compellatio.
942 1229 1080 1296 Quid
1117 1240 1296 1284 autem
1355 1231 1697 1300 prophetarit
1752 1231 1890 1287 Eze-

329 1321 466 1375 cliiel
496 1336 728 1389 quoque,
762 1335 883 1375 cum
911 1360 924 1385 ,
952 1322 1150 1389 apertis
1178 1322 1227 1375 ei
1263 1322 1439 1384 caelis,
1467 1340 1486 1371 ι
1528 1322 1658 1375 vidit
1683 1322 1791 1391 (65)
1822 1323 1895 1375 vi-

328 1412 531 1466 sionem
554 1412 669 1477 Dei,
705 1432 725 1465 ι
752 1424 804 1468 et
829 1414 1211 1470 cherubimos?
1245 1432 1264 1465 ι
1301 1414 1363 1467 Et
1389 1430 1507 1468 cum
1527 1424 1732 1470 starent
1758 1414 1889 1484 (64),

327 1502 522 1572 inquit,
557 1504 833 1571 animalia,
866 1508 1081 1560 stabant
1116 1515 1245 1559 rota:
1270 1544 1284 1567 ,
1333 1514 1387 1557 et
1433 1521 1554 1558 cum
1582 1521 1645 1559 ea
1670 1507 1894 1561 extolle-

328 1604 515 1648 rentur
549 1594 681 1666 (65),
733 1595 1150 1662 extollebantur,
1207 1596 1329 1665 quia
1366 1593 1598 1664 Spiritus
1624 1596 1745 1651 vitae
1778 1606 1893 1651 erat

328 1686 379 1739 iii
414 1687 580 1752 rotis;
608 1705 626 1737 ι
658 1687 758 1741 hoc
786 1696 909 1752 cst,
943 1686 1176 1740 insidens
1207 1695 1326 1741 erat
1347 1685 1402 1739 in
1434 1686 1779 1741 clierubimis.
1811 1687 1877 1741 Et

2010 504 2187 558 Ἡλίου
2211 504 2373 572 ἀπφὼ
2394 505 2421 556 ό
2439 503 2653 568 διπλοῦς
2673 521 2687 568 ;
2715 524 2731 554 ι
2763 503 3114 558 ὲκκαλύπτων
3138 504 3271 558 Θεὸν
3299 505 3568 576 ὑπάρχειν

1993 594 2055 647 τὸ
2104 594 2257 662 ἅγιον
2303 592 2547 663 Πνεῦμα,
2602 594 2695 646 καὶ
2746 594 3008 647 διδάσκων
3058 593 3195 663 ἅμα,
3251 592 3328 657 ὡς
3372 594 3569 648 ταυτόν

1994 689 2139 741 ἐστιν
2169 688 2340 738 εἰπεῖν
2372 684 2524 749 Θεὸν,
2563 685 2595 753 ἢ
2627 684 2848 754 Πνεῦμα
2872 684 3046 752 ἅγιον,
3080 684 3175 737 καὶ
3205 683 3268 736 τό
3305 684 3563 753 ἔμπαλιν.

1992 776 2067 828 Τὸ
2098 774 2153 827 δὲ
2182 773 2346 842 ἀπφὼ
2380 770 2758 843 προσφώνησις
2787 774 2931 824 ἐστιν
2971 770 3254 840 ἀδελφική.
3294 769 3362 820 Τί
3389 769 3445 821 δὲ
3474 768 3567 820 καὶ

2007 864 2263 934 ἰεζεκιὴλ
2295 862 2646 935 προφητεύει,
2681 862 2792 925 ὅτε,
2822 860 2932 913 τῶν
2967 860 3207 930 οὐρανῶν
3241 859 3563 927 άνοιγέντων

1995 955 2161 1025 αὐτῷ,
2196 956 2302 1007 ἴδεν
2343 956 2528 1027 ὅρασιν
2563 952 2696 1007 Θεοῦ
2733 953 2825 1006 καὶ
2869 951 2939 1006 τὰ
2970 951 3268 1023 χερουὸίμς
3310 970 3329 1001 ι
3364 950 3474 1001 Καὶ
3507 952 3562 1003 ὲν

1992 1046 2069 1116 τῷ
2109 1048 2347 1109 ἑστάναι,
2380 1064 2399 1096 ›
2444 1046 2627 1115 φησιν,
2678 1064 2696 1096 ι
2727 1044 2794 1098 τὰ
2832 1043 2966 1108 ζῶα,
3000 1044 3310 1113 ἱστήκεισαν
3352 1042 3401 1093 οἱ
3438 1058 3559 1111 τρο-

1993 1137 2103 1207 χοί·
2135 1137 2230 1190 καὶ
2255 1139 2314 1190 ὲν
2344 1136 2421 1206 τῷ
2452 1136 2686 1207 ἐξαιρεῖν
2713 1134 2871 1199 αὐτὰ,
2910 1134 3162 1206 ὲξῄροντο
3183 1152 3196 1165 ⁸
3223 1136 3303 1187 ὅτι
3341 1132 3560 1202 Πνεῦμα

1994 1225 2136 1297 ζωῆς
2163 1221 2229 1295 ἦν
2254 1228 2309 1278 ὲν
2341 1228 2452 1287 τοῖς
2483 1228 2696 1296 τροχοῖς
2716 1240 2728 1252 ⁸
2753 1243 2772 1275 ι
2801 1224 2920 1277 ἀντὶ
2948 1224 3062 1288 τοῦ,
3098 1222 3558 1290 ὲπικαθεζόμενον

1992 1316 2083 1368 ἐπὶ
2126 1318 2232 1367 τῶν
2272 1316 2554 1387 χερουῦίμ.
2616 1316 2725 1369 Καὶ
2771 1316 2964 1386 μικρὸν
3004 1315 3356 1377 ὑποκαταϐὰς
3385 1315 3553 1381 λέγει’

1998 1428 2017 1459 ι
2048 1408 2214 1459 Τοῦτο
2241 1408 2301 1460 τὸ
2333 1407 2487 1470 ζῶον,
2507 1408 2534 1460 ὃ
2566 1408 2671 1460 ἴδον
2708 1408 2810 1460 ὑπὸ
2839 1408 2989 1461 κάτω
3020 1408 3154 1460 Θεοῦ
3194 1406 3435 1477 Ἰσραὴλ,
3470 1407 3557 1457 καὶ

1992 1498 2277 1567 ἔγνων,ὄτι
2306 1498 2373 1551 τά
2402 1498 2663 1569 χερουϐίμ
2692 1501 2855 1552 ἐστιν.
2889 1518 2907 1550 ι
2948 1499 3198 1571 Εἱρηκὼς
3226 1500 3483 1570 ἀνωτέρω
3502 1500 3557 1551 τὸ

1990 1590 2213 1661 Πνεῦμα
2229 1590 2409 1643 ὲπάνω
2432 1586 2693 1657 εἶναιτῶν
2723 1592 3006 1662 χερουὸὶμ,
3026 1591 3377 1653 ὑποκαταϐὰς
3391 1586 3555 1655 εἶπεν,

1994 1681 2250 1734 ὑποκάτω
2279 1680 2372 1733 τοῦ
2403 1681 2558 1744 Θεοῦ,
2590 1681 2732 1734 τοῦτ’
2764 1684 2909 1735 ἔστιν
2933 1681 3024 1735 τοῦ
3055 1681 3389 1752 Πνεύματος,
3425 1677 3553 1733 εἶναι

326 1776 481 1846 paulo
517 1786 633 1845 post
657 1778 769 1831 ait:
801 1796 819 1827 ι
862 1775 977 1831 Hoc
1028 1776 1227 1830 animal
1280 1776 1392 1847 (66)
1449 1785 1556 1839 est,
1609 1777 1750 1846 quod
1781 1778 1867 1831 vid

2002 1771 2058 1824 τὰ
2088 1771 2350 1842 χερουὸψ
2377 1772 2471 1824 καὶ
2514 1771 2647 1836 ζῶα.
2688 1772 2796 1824 Θέα
2821 1772 2998 1824 τοίνυν
3023 1772 3114 1825 καὶ
3145 1769 3300 1835 αὖθις
3322 1772 3386 1824 τὸ
3409 1773 3551 1839 ᾱγιον

328 1870 513 1923 subter
540 1868 705 1921 Deum
768 1866 1001 1933 lsraelis,
1058 1878 1112 1921 et
1141 1868 1386 1938 cognovi,
1415 1868 1555 1936 quod
1583 1869 1884 1923 clierubimi

328 1970 473 2013 sunt.
496 1978 513 2011 ι
543 1958 676 2013 Cum
701 1961 947 2027 superius
967 1959 1213 2025 dixisset,
1245 1977 1263 2010 ι
1290 1959 1548 2028 Spiritum
1587 1973 1707 2015 esse
1729 1975 1887 2029 supra

324 2052 685 2117 clierubimos,
700 2070 717 2102 ι
736 2062 916 2121 postea
932 2052 1113 2115 dixit,t
1134 2052 1320 2107 subter
1334 2050 1522 2117 Deum,
1535 2070 1552 2103 ›
1574 2052 1623 2106 id
1641 2062 1742 2117 est,
1760 2055 1888 2108 sub-

326 2153 409 2199 ter
434 2143 714 2213 Spirittnn,
745 2158 861 2197 esse
911 2144 1250 2197 cberubimos
1287 2152 1341 2197 et
1369 2143 1641 2196 animalia.
1686 2143 1891 2199 Rursus

323 2235 507 2305 itaque
522 2235 905 2297 animadverte,
919 2235 1266 2288 sanctutnDei
1286 2234 1540 2300 Spiritum
1555 2246 1609 2287 et
1635 2236 1821 2301 Deum,
1838 2248 1891 2290 et

327 2322 586 2393 Spiritum
602 2323 723 2376 vita
740 2323 1029 2390 nuncupari
1045 2330 1097 2377 et
1131 2321 1184 2375 in
1221 2321 1512 2379 clierubico
1527 2330 1727 2378 aeterno
1744 2324 1891 2380 thro-

325 2432 396 2471 no
427 2415 730 2472 considere.
771 2410 1072 2469 Verum‘ad
1091 2424 1466 2484 argumentum
1486 2414 1654 2471 hocce
1691 2417 1887 2469 contir-

325 2507 573 2562 niandum
586 2502 989 2576 galludicuni
1007 2503 1117 2575 (67)
1131 2520 1341 2573 quoque
1359 2506 1660 2560 testimonio
1674 2507 1745 2559 uti
1758 2521 1890 2575 opus

324 2609 736 2666 est,corumque
763 2610 866 2652 non
898 2596 1298 2665 negligentium,
1316 2596 1406 2650 sed
1430 2597 1519 2666 qui
1542 2598 1641 2651 hoc
1660 2598 1890 2652 maxime

324 2706 433 2761 prae
466 2690 587 2743 aliis
609 2690 767 2743 rebus
813 2688 1066 2743 omnibus
1111 2697 1255 2742 recte
1277 2688 1611 2756 judicarunt,
1643 2696 1890 2757 Oportere

326 2780 586 2849 Spiritum
628 2778 720 2833 Dei
763 2786 822 2831 ut
860 2776 1145 2829 Dominum
1192 2784 1463 2845 potentem
1506 2784 1561 2828 et
1600 2775 1891 2844 Opitnlato-

325 2885 438 2924 rem
473 2881 763 2938 agnoscere
804 2873 858 2919 et
908 2864 1174 2919 confiteri.
1223 2863 1357 2917 Cum
1407 2863 1549 2918 enim
1583 2864 1653 2919 de
1702 2866 1887 2920 eodem

325 2959 608 3021 dixissent,
640 2956 781 3026 quod
815 2954 972 3009 simul
1002 2970 1121 3008 cum
1171 2954 1433 3009 Samsone
1466 2956 1595 3017 ibat,
1642 2955 1694 3008 in
1735 2964 1886 3010 eum-

325 3066 428 3120 que
465 3050 818 3118 tdirigebatur
848 3044 1019 3115 (68),»
1063 3047 1196 3100 adeo
1229 3056 1286 3100 ut
1319 3048 1572 3116 majorem
1604 3063 1763 3117 quam
1796 3063 1891 3101 na-

1994 1862 2087 1914 τοῦ
2109 1861 2241 1913 Θεοῦ
2254 1862 2499 1932 Πνεῦμα,
2514 1863 2607 1914 καὶ
2624 1861 2754 1914 Θεὸν
2772 1862 2863 1914 καὶ
2884 1862 3103 1932 Πνεῦμα
3126 1862 3270 1933 ζωῆς
3289 1879 3551 1929 προσαγο-

2000 1954 2305 2025 ρευόμενον,
2327 1956 2420 2005 καὶ
2440 1955 2532 2006 ἐπὶ
2572 1952 2665 2006 τοῦ
2696 1953 3015 2024 χερουϐικοῦ
3052 1953 3415 2024 καθεζόμενον
3438 1956 3552 2007 αἰω-

1995 2045 2106 2098 νίου
2125 2045 2335 2114 θρόνου.
2355 2046 2396 2097 Χ
2410 2062 2473 2116 ρη
2483 2045 2632 2098 στέον
2659 2045 2702 2097 δ’
2718 2049 2795 2108 εἰς
2809 2046 2868 2098 τὸ
2885 2046 3172 2114 κεφάλαιον
3182 2046 3340 2098 τοῦτο
3357 2045 3406 2117 [1
3419 2048 3471 2100 Η
3498 2044 3547 2118 a]

1995 2139 2209 2199 καὶτοῖς
2226 2139 2438 2207 κριταῖς
2459 2136 2577 2188 οὐδὲ
2596 2137 2777 2199 αὐτοῖς
2798 2137 3153 2207 ἀμελήσασιν,
3168 2137 3282 2189 ἀλλ’
3297 2138 3382 2190 ὅτι
3406 2138 3551 2207 μάλι-

1996 2246 2097 2282 στα
2130 2229 2281 2299 παρά
2311 2228 2485 2281 πάντα
2508 2226 2664 2279 τοῦτο
2700 2228 3011 2298 κεκρικόσιν
3040 2228 3242 2291 καλῶς,
3274 2228 3336 2281 τὸ
3369 2229 3549 2299 ὁμολο-

1995 2322 2160 2391 γῆσαι
2188 2319 2387 2391 Κύριον
2415 2320 2639 2373 δυνατὸν
2672 2320 2766 2371 καὶ
2800 2320 3084 2390 ἐπίκουρον
3110 2320 3170 2373 τὸ
3200 2320 3424 2391 Πνεῦμα
3462 2320 3547 2373 τοῦ

1993 2412 2144 2467 Θεοῦ.
2190 2412 2446 2474 Εἱπόντες
2478 2410 2586 2482 γὰρ
2620 2411 2746 2481 περὶ
2794 2410 2993 2476 αὑτοῦ,
3039 2412 3123 2463 ὅτι
3167 2411 3547 2482 συνεπορεύετο

1998 2502 2133 2574 μετά
2171 2501 2425 2572 Σαμψὼν,
2460 2502 2553 2555 καὶ
2596 2501 2921 2555 κατεύθυνεν
2950 2501 3118 2571 αὐτῷ,
3151 2502 3289 2555 ὥστε
3333 2502 3546 2571 μείζονα

1995 2594 2207 2664 φύσεως
2238 2593 2581 2665 ἀνθρωπίνης
2608 2593 2834 2663 δύναμιν
2856 2592 3220 2646 ἐνδείκνυσθαι
3243 2594 3430 2657 αὑτὸν,
3456 2596 3545 2647 οὐκ

1994 2682 2151 2739 εἶπαν
2186 2685 2321 2756 μετά
2344 2684 2514 2737 ταῦτα
2543 2685 2601 2736 τὸ
2634 2684 2960 2755 ὲνδυναμοῦν
2991 2684 3149 2738 αὑτὸν
3180 2685 3405 2754 Πνεῦμα
3430 2687 3546 2739 ἀνα-

1994 2776 2364 2849 κεχωρηκέναι
2396 2776 2489 2827 ἀπ’
2528 2775 2716 2839 αὐτοῦ,
2750 2776 2844 2828 καὶ
2873 2775 2960 2829 διά
2994 2776 3148 2828 τοῦτο
3172 2776 3541 2846 ἡσθενηκέναι,

1994 2870 2129 2923 ἀλλά
2175 2869 2265 2921 τὸν
2322 2867 2544 2939 Κύριον.
2607 2867 2827 2937 Ἔχουσι
2876 2866 2934 2919 δὲ
2988 2866 3191 2931 οὕτως·
3236 2885 3257 2919 ι
3313 2868 3544 2937 Ἤρξατο

1995 2956 2219 3028 Πνεῦμα
2245 2956 2449 3027 Κυρίου
2481 2954 2922 3027 συμπορεύεσθαι
2947 2956 3081 3026 μετά
3106 2955 3345 3026 Σαμψών
3366 2975 3379 2986 ο
3412 2976 3432 3009 ›
3459 2959 3543 3010 καὶ

1995 3050 2185 3103 πάλιν·
2225 3067 2244 3098 ι
2286 3047 2489 3100 Ἦλατο
2531 3050 2617 3100 ἐπ’
2664 3046 2823 3101 αὐτὸν
2855 3047 3075 3118 Πνεῦμα
3120 3048 3356 3119 Κυρίοψ
3396 3068 3416 3099 ι
3460 3050 3543 3101 καὶ

326 3151 444 3196 tura
490 3141 718 3193 humana
769 3135 909 3201 fert,
952 3135 1060 3189 vim
1125 3148 1395 3191 exsereret
1447 3138 1856 3207 ostenderetque

2002 3138 2152 3190 πάλιν
2172 3154 2185 3167 ·
2213 3156 2231 3189 t
2273 3136 2574 3201 Ἐξέιιλινεν
2605 3139 2683 3200 εἰς
2705 3136 2998 3206 ἀμπελῶνα
3025 3137 3305 3207 Θαμναθὰ,
3324 3138 3420 3193 καὶ
3443 3139 3539 3192 ίδοῦ

325 3246 431 3284 non
467 3229 716 3282 dixerunt
758 3235 960 3294 postea,
1011 3224 1289 3293 Spiritum,
1327 3243 1485 3296 aquo
1526 3228 1690 3283 robur
1731 3242 1890 3281 omne

326 3321 551 3376 Samson
592 3326 903 3385 acceperat,
942 3321 1008 3371 ab
1044 3318 1132 3371 illo
1170 3320 1460 3373 recessisse
1485 3358 1501 3383 ,
1547 3332 1775 3387 eamque
1820 3319 1888 3370 οΙ)

323 3428 539 3468 causam
563 3410 876 3465 Samsonem
912 3406 1180 3461 inﬁrmum
1233 3410 1433 3463 factum
1471 3424 1626 3475 esse;
1661 3409 1753 3463 sed
1785 3409 1890 3463 Do-

325 3506 527 3559 minum
572 3503 638 3556 ab
688 3516 756 3557 eo
799 3502 1081 3555 recessisse
1122 3501 1390 3557 dixerunt.
1444 3502 1533 3557 Sic
1582 3510 1757 3554 autem
1811 3501 1887 3554 lo-

325 3606 608 3669 quuntur:
654 3613 673 3647 t
706 3594 879 3661 Cmpit
907 3592 1016 3659 (69)
1069 3592 1300 3663 Spiritus
1355 3592 1563 3647 Domini
1617 3591 1776 3647 simul
1807 3592 1885 3646 ire

324 3705 446 3745 cum
472 3689 760 3752 Samsone;
797 3704 815 3737 ι
846 3696 899 3740 et
924 3700 1108 3740 rursus
1139 3704 1153 3739 :
1184 3703 1202 3736 ι
1251 3684 1407 3740 Saliit
1443 3684 1555 3754 ’70)
1580 3697 1741 3754 super
1761 3696 1884 3737 eum

397 3890 508 3961 (59)
572 3887 857 3961 Percussit.
894 3889 1109 3961 ibidem
1164 3903 1304 3943 vers.
1346 3888 1453 3961 _M._
1497 3887 1895 3961 Complutensis

326 3958 499 4029 editio
524 3977 538 4012 :
573 3961 682 4012 Kal.
712 3958 943 4021 ἐπάταξε
960 3960 1026 4011 τά
1056 3959 1243 4020 ῦδατα,
1273 3959 1366 4010 καὶ
1403 3958 1463 4010 ού
1501 3958 1725 4029 διῃρέθη
1750 3976 1762 3988 ο
1800 3958 1894 4012 καὶ

327 4025 479 4083 εἶπεν
519 4030 747 4081 Ἐλισεαί
767 4045 779 4057 ·
808 4030 915 4080 Ποῦ
946 4030 1090 4080 ἐστιν
1123 4030 1251 4090 Θεὸς
1279 4029 1462 4080 Ἡλίου
1491 4025 1633 4095 ἀφ’ὦ;
1661 4025 1895 4081 Franco-

328 4100 584 4168 furtetisis
613 4116 735 4168 vero
761 4116 773 4150 :
797 4098 902 4149 Kal
934 4097 1167 4168 ἐπάταξε
1194 4097 1254 4149 τὸ
1276 4096 1439 4168 ὕδωρ,
1465 4100 1555 4150 καὶ
1584 4098 1644 4150 οὑ
1673 4098 1856 4168 διέστη
1874 4113 1889 4127 ο

328 4169 419 4221 καὶ
446 4165 564 4219 εἷπε
584 4182 598 4197 ·
630 4166 737 4219 Ποῦ
775 4168 951 4223 ὁΘεὸς
993 4166 1168 4218 Ἠλιοῦ
1200 4166 1362 4235 ἀπφώ
1389 4165 1404 4231 ς

399 4238 509 4305 (60)
547 4237 863 4305 Contigerat.
916 4237 1047 4288 Ibid.
1079 4251 1217 4289 vers.
1253 4237 1305 4289 8.

398 4307 511 4390 (till
536 4304 736 4390 App/to.
782 4306 823 4357 E
852 4306 1071 4384 .dualius
1098 4306 1321 4390 vocibus
1341 4313 1439 4390 κπςι
1465 4313 1553 4390 an,
1579 4304 1716 4390 (ιαμβι
1754 4304 1820 4357 hu
1841 4313 1881 4374 ),

330 4375 382 4430 id
436 4387 539 4437 est,
602 4375 800 4426 «etiam
851 4376 983 4442 ipse,
1013 4393 1031 4425 ι
1093 4390 1225 4439 quas
1274 4376 1360 4427 liic
1403 4375 1561 4426 lialiet
1603 4377 1880 4428 lielirientn

329 4446 621 4512 exemplar,
648 4446 914 4496 linxerunt
938 4442 1079 4496 LXX
1106 4445 1415 4512 int.’vocem
1448 4444 1632 4511 ἀπφώ,
1666 4445 1797 4507 sive,
1826 4456 1881 4497 ιιι

328 4516 417 4568 alii
447 4511 710 4576 scribunt,
750 4512 890 4581 ἀφώ,
922 4515 1034 4565 sive
1070 4511 1251 4581 ἀφφώ.
1309 4512 1563 4581 Vulgutus
1615 4520 1877 4581 interpres

328 4585 484 4639 binas
510 4584 625 4637 illas
662 4583 948 4636 llebrnicas
988 4598 1146 4637 voces
1185 4583 1389 4636 vertit:
1426 4600 1443 4632 ι
1471 4585 1628 4637 etiam
1662 4598 1820 4636 nunc.
1854 4602 1871 4634 ι

328 4656 584 4725 Didymus
610 4654 733 4721 legit
758 4650 920 4720 ἀπφώ
942 4654 1130 4725 {unde
1155 4654 1360 4725 videtur
1390 4651 1610 4725 ductum
1634 4652 1876 4725 Jonatlia:

327 4722 762 4788 cognomentum,
814 4724 901 4789 qni
934 4722 1000 4775 ab
1034 4731 1253 4775 auclore
1296 4722 1409 4773 libri
1460 4723 1613 4789 primi
1670 4723 1878 4773 Maelia-

326 4790 583 4854 bmorum,
621 4808 739 4861 cap.
769 4809 825 4857 tt,
848 4792 900 4856 5,
930 4792 1125 4845 dicitur
1154 4790 1576 4861 ἐπικαλούμενος
1610 4790 1870 4859 ’Λπφοῦς,

329 4868 381 4920 Ιι.
411 4882 460 4918 e.
498 4883 514 4913 ι
542 4864 946 4931 cognominatus
986 4862 1221 4930 Applms.
1255 4878 1273 4911 ι

395 4934 505 5003 (6‘2)
574 4928 686 4984 Vox
730 4948 844 4985 vero
904 4928 1106 5003 dimetiri
1136 4928 1451 5003 _Alii_aliter
1498 4932 1653 5003 lianc
1689 4944 1873 5003 vocem

325 5000 664 5069 interpretati
718 5010 861 5055 sunt.
918 5000 1333 5070 llesycliiusita
1382 5015 1498 5070 eam
1545 5000 1770 5069 accipit,
1820 5008 1876 5053 ul.

325 5076 591 5137 signiticet
617 5070 839 5140 πατρός,
865 5071 915 5124 id
942 5068 1037 5123 esti
1073 5088 1090 5119 ι
1117 5068 1302 5140 patris.
1327 5087 1346 5120 ι
1383 5068 1589 5140 _Verum
1616 5068 1673 5121 in
1694 5084 1877 5123 exem-

326 5135 460 5209 plari
497 5135 755 5192 llebraico
779 5156 881 5209 non
919 5135 1234 5205 legiturvmn
1267 5148 1343 5197 ιιι
1374 5138 1504 5206 (abb
1538 5140 1660 5206 litt),
1716 5140 1766 5191 id
1795 5148 1872 5192 est

331 5208 349 5260 ι
383 5222 530 5276 puter
559 5212 692 5275 ipse,
722 5226 739 5257 ι
775 5208 868 5261 sed
900 5219 997 5266 mn
1027 5219 1126 5276 ἢκ.
1158 5219 1216 5261 ιιι
1246 5209 1375 5262 dixi.
1404 5210 1599 5261 Suidas
1628 5223 1751 5260 vero
1792 5210 1872 5260 sic

327 5281 468 5333 illam
499 5280 750 5349 explicat,
782 5288 840 5331 ut
870 5277 1073 5349 valeat':
1101 5277 1437 5349 Ἀποκρύφου
1462 5278 1493 5348 ἢ
1514 5277 1606 5330 τοῦ
1634 5280 1874 5347 ἀποκρυ-

326 5349 531 5410 6έντος,
590 5347 640 5398 id
685 5356 769 5400 est
822 5366 838 5397 t
868 5348 1182 5401 absconditi.
1212 5366 1230 5398 ι
1273 5347 1365 5401 Ἀι
1408 5347 1671 5401 undenatn
1738 5350 1874 5400 lianc

325 5418 768 5487 signiﬁcationem
822 5416 961 5487 eruit
996 5416 1248 5487 ASuidas?
1302 5418 1547 5486 Nunquid
1588 5433 1654 5487 ex
1690 5418 1872 5487 radice

325 5484 460 5550 nim,
499 5486 547 5540 id
578 5495 659 5539 es‘t
695 5503 713 5535 ι
746 5484 1051 5538 latitavit?»
1092 5487 1193 5542 Sed
1228 5487 1347 5554 quis
1399 5484 1501 5540 non
1546 5486 1693 5540 videt
1740 5486 1872 5540 nihil

325 5574 443 5612 eam
500 5557 730 5608 radicem
773 5556 876 5608 huc
927 5554 1228 5619 pertinere?
1273 5555 1641 5624 ‘Prpbahiliora
1692 5557 1871 5624 itaque

322 5629 482 5681 aliert
538 5626 811 5694 Didymus,
858 5626 1016 5678 modo
1072 5638 1171 5676 vox
1229 5634 1287 5677 ut
1342 5623 1525 5679 Graeca
1573 5623 1863 5691 spectetur.

325 5696 514 5752 Pollux
541 5696 681 5749 enim
710 5694 803 5751 lib.
835 5708 921 5762 ιιι,
951 5708 1070 5764 cap.
1103 5694 1157 5761 8,
1192 5708 1360 5764 segm.
1396 5694 1481 5762 74,
1524 5697 1661 5764 apud
1700 5711 1870 5753 novos

1992 3229 2227 3299 σκύμνος
2274 3229 2484 3292 λέοντος
2528 3232 2605 3291 εἰς
2639 3229 2940 3299 ἀπάντησιν
2977 3228 3175 3281 αὑτοῦ·
3220 3231 3314 3282 καὶ
3356 3230 3541 3285 κατεύ-

1990 3322 2143 3373 θυνεν
2173 3322 2259 3373 ἐπ’
2292 3321 2449 3375 αὑτὸν
2486 3322 2704 3391 Πνεῦμα
2750 3322 2972 3390 Κυρίου,
3005 3323 3099 3375 καὶ
3135 3321 3423 3374 διέσπασεν
3452 3324 3542 3375 αῦ-

1988 3412 2078 3465 τὸν
2121 3411 2196 3475 ὠς
2227 3412 2411 3483 ἔριφον
2442 3412 2641 3479 αἰγῶν
2685 3431 2701 3462 i
2742 3412 2831 3465 καὶ
2860 3412 3053 3464 πάλιν·
3092 3431 3111 3463 ι
3163 3413 3482 3477 Ἠλάλαξαν,
3517 3432 3535 3466 ι

1990 3504 2174 3574 φησὶν,
2212 3521 2229 3554 t
2276 3504 2323 3555 οἱ
2355 3502 2659 3570 ἀλλόφυλοι,
2698 3505 2788 3557 καὶ
2834 3504 3066 3575 ἔδραμον
3114 3507 3192 3567 εἰς
3244 3504 3539 3575 ἀπάντησιν

1989 3594 2150 3647 αὑτοῦ
2203 3614 2221 3646 ι
2275 3594 2437 3664 (τοῦτ’
2484 3594 2631 3646 ἔστιν
2669 3595 2959 3665 Σαμψών)·
3018 3614 3037 3645 ι
3084 3597 3178 3649 καὶ
3216 3597 3536 3650 κατεύθυνεν

1990 3685 2077 3737 ἐπ’
2102 3686 2262 3739 αὑτὸν
2293 3686 2514 3757 Πνεῦμα
2542 3686 2769 3757 Κυρίου,
2801 3688 2893 3739 καὶ
2922 3687 3165 3755 ἐγένοντο
3192 3687 3260 3740 τὰ
3287 3689 3537 3758 καλώδια,

1999 3887 2235 3942 comicos
2273 3886 2487 3961 nomina
2539 3888 2718 3958 ἀπφία
2745 3899 2796 3961 et
2825 3890 3095 3961 ἀπφάριον
3128 3893 3203 3943 ait
3241 3905 3360 3946 esse
3399 3893 3537 3947 blan-

1999 3961 2094 4029 das
2130 3974 2275 4011 nova:
2304 3958 2535 4029 Domina:
2565 3958 3016 4029 compellationes.
3052 3962 3129 4013 Ad
3162 3976 3319 4029 quem
3360 3962 3531 4015 Pollu-

1998 4028 2074 4079 cis
2104 4028 2276 4101 locum
2310 4028 2421 4080 lia-c
2453 4032 2670 4101 adnotat
2697 4028 2940 4101 Knlinius
2973 4048 2985 4082 :
3020 4049 3038 4081 t
3068 4028 3331 4085 Caeterum
3362 4034 3534 4101 ἀπφία

1997 4104 2081 4168 est
2124 4097 2312 4168 blanda
2362 4101 2563 4168 sororis
2602 4096 2887 4167 fratrisque
2943 4100 3298 4168 compellatio.
3334 4120 3351 4153 ι
3405 4096 3529 4157 Novi

1993 4164 2131 4218 hanc
2177 4166 2402 4219 Pollucis
2441 4164 2937 4238 interpretationem
2989 4164 3217 4223 ilciirico
3262 4170 3531 4238 Stephano

1991 4245 2290 4311 suspectam
2338 4250 2455 4311 esse
2498 4238 2608 4311 (“ut
2640 4237 3259 4311 ibidetn__animadvertit
3308 4237 3531 4311 Junger-

1989 4304 2276 4377 niannus),
2302 4306 2453 4377 _quod
2498 4304 2681 4358 Pollux
2730 4306 3114 4377 alxilesycliio,
3155 4304 3441 4363 Eustatliio
3472 4326 3531 4365 ac

1987 4370 2147 4451 Suida
2178 4370 2276 4451 hac
2301 4370 2351 4426 in
2383 4389 2441 4451 r_e
2470 4377 2767 4451 dissentiat.
2816 4370 3165 4432 Sed'l’olluci
3210 4378 3530 4451 sullragatur

1914 4430 1956 4485 Ῑ)
1982 4442 2364 4511 Didytnuslioc
2402 4445 2453 4496 in
2490 4444 2623 4498 loco.

2076 4509 2162 4648 es;
2210 4509 2367 4566 Vidit.
2401 4514 2592 4566 Ezecli.
2630 4529 2667 4579 l,
2704 4515 2752 4567 i.

2076 4582 2138 4634 64
2195 4580 2259 4633 Et
2295 4599 2411 4634 cum
2450 4595 2662 4636 starent.
2691 4586 2752 4638 GI

2076 4515 2139 4563 οὗ
2212 4515 2367 4566 Vidit.
2401 4515 2592 4566 Ezecli.
2630 4529 2667 4579 ι,
2704 4515 2752 4567 ι.

2050 4515 2162 4650 itii;
2195 4580 2259 4633 Et
2295 4599 2411 4634 cum
2450 4595 2662 4636 starent.
2691 4586 2872 4638 Graeca
2900 4584 3115 4653 quidem
3141 4585 3307 4639 editio
3332 4587 3523 4643 Ezecli.

1980 4666 2019 4714 ι,
2048 4653 2138 4711 2|,
2173 4653 2355 4705 istliarc
2391 4653 2581 4723 liabet.
2603 4653 2709 4706 Sed
2738 4656 2989 4723 Didymus
3022 4657 3289 4722 respicere
3320 4662 3525 4712 videtur

1976 4735 2181 4794 cap.__x,
2208 4722 2472 4794 _v_'ers.i7,
2502 4722 2588 4775 ulti
2614 4724 2796 4794 eadem
2835 4722 2947 4777 lere
2986 4725 3249 4794 leguntur.

1977 4788 2599 4911 éciisiis;wls‘attollarentur.
2632 4793 2807 4847 Codex
2840 4788 3091 4849 mendOSe
3114 4794 3365 4867 ἐξαιρεῖν.
3392 4796 3528 4870 Lege

2009 4876 2230 4923 ςαιρειν.

2046 4878 2305 4996 ῗῦῗῗυίίοσ
2335 4930 2549 4985 animal.
2582 4931 2776 4987 Ezecli.
2813 4948 2865 4995 π,
2894 4932 2983 4988 ΞΟ.

2048 5000 2161 5081 (ϐλ).
2188 4997 2455 5081 Iudicum.
2490 4999 2562 5081 De
2598 5014 2815 5081 auctore
2862 5003 2982 5081 libri
3035 5002 3283 5059 Iudicum
3342 5010 3522 5081 accipe

1974 5082 2093 5137 quae
2116 5069 2502 5137 lticipluraliter
2522 5071 2588 5123 de
2616 5072 2881 5137 judicibus
2910 5074 3175 5127 dicuntur.

2044 5137 2153 5208 (68)
2199 5136 2543 5217 Dirigebatur.
2581 5136 2867 5217 ltrGraaco,
2892 5143 3214 5217 κατεύθυνεν
3241 5145 3408 5217 αὐτῷ,
3434 5150 3524 5203 da-

1972 5208 2081 5278 t_ivo
2111 5222 2236 5261 casu
2263 5223 2275 5257 :
2310 5210 2450 5278 quod
2480 5210 2749 5278 singulare
2786 5213 3015 5265 videtur.
3047 5215 3114 5265 At
3147 5231 3267 5268 cum
3300 5208 3373 5269 ιη’
3394 5220 3522 5273 libro

1970 5276 2214 5330 Judicum
2248 5292 2357 5338 xrv,
2387 5276 2420 5327 6
2460 5287 2512 5331 et
2548 5276 2649 5343 Π),
2678 5289 2731 5333 et
2766 5296 2834 5333 xv
2857 5319 2872 5344 ,
2910 5282 2977 5335 H
3019 5282 3203 5337 Graeca
3248 5288 3523 5342 translatio

1974 5345 2569 5422 liabeat,__xatst3lluv_sv
2603 5351 2713 5422 ἐπ’
2756 5351 2948 5417 αὐτόν,
3004 5352 3261 5422 Didymus
3303 5371 3400 5422 pro
3430 5358 3524 5410 ἐπ’

1971 5416 2131 5469 αὐτόν
2193 5416 2320 5471 dicit
2385 5418 2554 5491 αὐτῷ.
2602 5420 2754 5475 Valet
2812 5416 2988 5478 autem
3035 5440 3051 5476 :

1972 5501 2113 5539 ΘυΙΙΙ.
2165 5503 2184 5536 ι

2043 5560 2131 5619 (69
2191 5555 2231 5609 C

2043 5556 2154 5696 (70;
2174 5624 2231 5678 St

3100 5441 3120 5475 ι
3166 5423 3410 5481 irruebat
3470 5430 3521 5483 in

2236 5557 2371 5624 mpii.
2397 5556 2571 5614 Judic.
2612 5575 2728 5621 xm.
2754 5561 2844 5617 (ὶῦ.

2016 5624 2149 5751 ,δ’ἵυ)
2174 5624 2347 5680 Saliit.
2364 5627 2536 5711 ludio.
2563 5646 2671 5698 xiv,
2697 5631 2781 5689 l9.
2801 5634 2984 5691 Gmca
3006 5634 3167 5691 editio
3189 5634 3349 5691 habet
3396 5650 3502 5689 κατι

2016 5718 2032 5750 i
2071 5714 2195 5750 υνεν
2230 5713 2327 5751 ι)ιο
2351 5700 2535 5751 ἢΑατο.

1974 5700 2195 5751 εύθυνεν
2230 5713 2327 5769 pro
2351 5700 2535 5769 ἥλατο.
