3732 6308
320 325 428 382 659
1586 327 1823 383 DIDYMI
1863 322 2327 387 ALEXANDRINI
3112 372 3118 381 .
3449 336 3548 391 66!?

321 454 359 497 θ
394 454 495 494 me.
530 457 548 490 ο
592 437 798 493 Etcum
838 438 1033 496 Paulus
1068 441 1119 495 in
1152 442 1255 496 alio
1278 443 1511 513 capitulo
1548 445 1624 499 ait
1662 463 1677 499 :
1708 465 1727 497 r
1767 444 1887 500 Sic.

2022 466 2085 502 ον
2128 447 2343 510 αὐτοῖς·
2386 434 2519 502 ἀλλὰ
2564 447 2623 501 τὸ
2673 449 2841 520 ῥῆμα,
2883 448 2912 502 δ
2951 448 3016 503 ἂν
3045 451 3263 520 λαλήσω
3298 450 3432 523 πρὸς
3470 471 3550 519 σε,

328 545 388 587 tit
431 533 598 588 David
646 533 761 603 (85)
788 533 978 589 tribuit
1010 535 1394 589 beatitudinem
1429 555 1442 590 :
1485 536 1633 592 Beati
1663 553 1889 607 quorum

2024 541 2147 595 οῦτο
2176 540 2449 609 ποιήσεις·
2485 559 2502 590 ι
2536 538 2627 593 καὶ
2664 540 2780 610 μεθ’
2811 541 3001 613 ἕτερα⁸
3038 562 3055 594 ι
3092 540 3280 606 Εἶπεν,
3318 563 3337 594 ι
3373 546 3550 613 φησὶν.

330 625 568 679 remissze
616 636 742 678 sunt
805 626 1160 693 iniquitates,
1206 638 1258 681 et
1306 643 1532 696 quorum
1577 637 1716 682 tecta
1770 636 1894 681 sunt

329 727 571 784 peccata.
604 736 623 767 ι
656 716 769 770 Νοη
814 722 889 771 ait
919 718 1190 787 (inquiunt
1219 719 1337 788 ipsi)
1366 737 1381 773 :
1416 737 1435 769 r
1469 720 1619 774 Sicut
1646 719 1784 774 Deus
1802 734 1895 785 per

330 805 497 859 David
524 807 678 860 dicit.
720 826 739 859 ι
776 807 837 859 Et
863 808 984 860 alibi
1021 827 1033 862 :
1077 826 1095 858 σ
1131 808 1193 862 Et
1216 808 1362 862 venit
1391 808 1500 879 (84)
1536 810 1675 863 Deus
1702 811 1766 862 ad
1798 808 1896 862 Ba-

330 893 471 951 laam
506 906 682 963 nocte,
714 908 766 952 et
793 899 928 953 dixit
956 901 1004 954 ei
1040 917 1054 953 :
1091 897 1145 953 Si
1176 915 1372 954 vocare
1404 911 1453 954 te
1476 903 1693 954 veniunt
1724 902 1897 955 homi-

330 1003 429 1043 nes
460 989 535 1054 lii,
566 1005 791 1060 surgens
824 1005 1051 1058 sequere
1081 1006 1174 1046 eos
1208 1009 1222 1046 :
1250 993 1344 1047 sed
1372 995 1593 1047 verbum
1626 995 1897 1063 quodcun-

331 1094 436 1149 que
455 1080 644 1148 loquar
663 1082 728 1133 ad
755 1089 827 1143 te,
863 1081 962 1135 hoc
986 1081 1179 1149 facies;
1212 1103 1234 1135 ν
1274 1093 1330 1138 et
1373 1094 1490 1153 post
1518 1084 1619 1138 alia
1650 1103 1664 1139 :
1700 1104 1718 1136 ι
1757 1086 1900 1139 Dixit

334 1171 451 1241 (85)
505 1172 701 1242 (inquit
750 1172 1057 1241 Scriptura)
1115 1174 1335 1244 angelus
1386 1176 1476 1230 Dei
1530 1177 1595 1230 ad
1636 1176 1894 1233 Balaam:

334 1263 482 1317 Vade
510 1278 612 1317 una
644 1279 764 1316 cum
789 1264 1093 1318 hominibus
1121 1265 1235 1319 his:
1263 1277 1629 1319 verumtamen
1653 1268 1897 1331 verbum,

335 1356 689 1424 quodcunque
722 1355 912 1410 dixero
955 1357 1085 1421 tibi,
1117 1357 1218 1411 hoc
1246 1358 1363 1411 vide
1394 1368 1450 1411 ut
1498 1357 1685 1411 facias.
1726 1377 1744 1410 ι
1783 1357 1898 1413 Νοη

332 1446 468 1500 dixit
516 1447 562 1499 ei
614 1447 950 1517 (inquiunt):
999 1446 1153 1513 Quod
1201 1448 1337 1501 dixit
1388 1450 1481 1502 tibi
1533 1451 1708 1516 Deus;
1761 1452 1899 1505 sed:

338 1556 360 1590 ι
393 1535 758 1607 Quodcunque
783 1540 967 1592 dixero
1000 1540 1120 1594 tibi.
1157 1558 1176 1591 ι
1212 1540 1362 1595 Talia
1406 1551 1571 1605 sunt,
1608 1553 1768 1609 atque
1807 1558 1899 1595 ea-

336 1638 498 1683 tenus
526 1643 691 1696 prava
728 1644 847 1697 quae
892 1629 963 1683 illi
1009 1629 1308 1699 proferunt.
1345 1633 1416 1684 At
1446 1648 1511 1685 ne
1556 1633 1903 1701 sibimetipsis

333 1720 484 1789 quasi
518 1721 749 1773 victores
781 1720 1141 1776 blandiantur.
1182 1721 1289 1778 Nos
1334 1738 1463 1777 vero
1497 1734 1796 1779 metuentes
1837 1738 1903 1778 ne

2002 649 2022 685 r
2055 635 2083 686 6
2117 632 2344 702 ἄγγελος
2371 632 2464 684 τοῦ
2497 632 2629 685 Θεοῦ
2666 633 2799 703 πρὸς
2841 634 3067 705 Βαλαάμ
3087 652 3102 666 ⁸
3139 636 3556 706 Συμπορεύθητι

1998 724 2137 796 μετὰ
2178 724 2288 776 τῶν
2324 722 2626 793 ἀνθρώπων
2668 725 2907 777 τούτων·
2950 726 3088 797 πλὴν
3114 726 3173 779 τὸ
3207 727 3383 798 ῥῆμα,
3411 728 3437 779 ὁ
3464 730 3559 781 ἐὰν

1995 813 2133 867 εῐπω
2161 813 2295 883 πρὸς
2340 811 2420 874 σὲ,
2450 810 2608 864 τοῦτο
2640 811 2849 885 φυλάξῃ
2880 814 3135 882 ποιῆσαι·
3172 833 3191 866 ι
3225 815 3319 867 καὶ
3348 817 3445 869 οὐκ
3482 812 3559 868 εἷ-

1999 922 2100 959 πεν
2153 904 2325 974 αὐτῷ,
2358 905 2552 975 φησίν·
2591 906 2655 957 Ὃ
2683 900 2837 957 εἶπέν
2878 924 2957 958 σοι
2983 910 3011 959 ὁ
3047 907 3211 970 Θεός·
3250 908 3388 972 ἀλλ’,
3428 929 3445 959 ‹
3492 913 3559 963 Ὃ

1998 997 2094 1051 ἐὰν
2122 999 2261 1050 εἴπω
2295 1014 2396 1049 σοι.
2437 1015 2454 1046 ι
2499 996 2585 1047 Ἐν
2615 995 2875 1060 τοιούτοις
2916 1001 3106 1061 κακοῖς
3148 998 3215 1050 τὰ
3258 1002 3381 1052 κατ’
3424 999 3563 1051 ὲκείο

1997 1107 2151 1151 νουςο
2186 1089 2281 1142 καὶ
2312 1088 2384 1158 μὴ
2414 1087 2490 1151 ὡς
2520 1088 2845 1159 κρατοῦντες
2872 1089 3341 1159 σεμνυνέσθωσαν.
3377 1091 3563 1161 Ἡμεῖς

1999 1179 2057 1231 δὲ
2085 1179 2383 1242 δείσαντες,
2413 1180 2485 1249 μή
2521 1195 2663 1231 τισιν
2694 1178 2933 1248 δόξωμεν
2958 1178 3214 1248 χρῆσθαι,
3242 1181 3319 1243 ὡς
3348 1183 3560 1247 ἐκεῖνοι,

2003 1272 2256 1350 σοφιστος,
2290 1289 2434 1335 τινος
2472 1270 2547 1334 ὡς
2595 1270 2811 1341 ἀληθῶς
2861 1273 3129 1342 εἰρωνείᾳ,
3184 1273 3349 1336 εὐθὺς
3386 1275 3461 1335 ὡς
3498 1277 3566 1328 ἐκ

2000 1363 2226 1435 πρώτης
2256 1363 2438 1433 σχεδὸν
2474 1363 2763 1432 συλλαϐῆς,
2794 1362 2933 1415 οὕτω
2962 1364 3119 1433 μέχρι
3154 1366 3247 1417 καὶ
3279 1365 3447 1417 αὐτοῦ
3471 1365 3563 1419 τοῦ

1999 1456 2210 1518 τέλους,
2256 1454 2512 1524 πλείστην
2542 1455 2665 1506 τινὰ
2692 1454 2789 1523 τῆς
2828 1453 3081 1521 ἀληθείας
3126 1456 3381 1524 πρόνοιαν
3411 1458 3567 1527 ποιή-

2009 1564 2211 1616 σωμεν,
2248 1544 2613 1614 διελέγχοντες
2643 1543 2855 1607 αὐτούς.
2879 1545 3020 1596 ἰστε
3045 1545 3106 1615 δὴ
3140 1542 3254 1611 οὖν,
3288 1548 3337 1599 οἱ
3370 1565 3565 1616 συγγε-

2002 1642 2217 1713 νόμενοι
2268 1640 2346 1711 τῷ
2374 1658 2433 1692 τε
2468 1640 2570 1709 τῆς
2599 1640 2935 1711 προφητείας
2961 1640 3124 1711 λόγῳ,
3152 1644 3247 1694 καὶ
3285 1646 3396 1706 τοῖς
3435 1661 3567 1713 μνη-

2009 1733 2344 1807 μονευθεῖσιν
2390 1732 2555 1795 θείοις
2598 1732 2870 1802 γραφίοις,
2920 1730 2995 1793 ὡς
3031 1733 3057 1783 6
3109 1732 3338 1795 Ἡσαΐας
3380 1735 3564 1786 κελευ-

334 1811 603 1879 aliquibus
624 1812 816 1875 ironia,
853 1813 952 1866 hoc
976 1822 1078 1880 est,
1109 1814 1538 1868 dissimulatione
1567 1813 1685 1886 (86)
1716 1830 1899 1870 revera

2022 1826 2153 1888 τθεὶς
2189 1824 2341 1897 παρὰ
2382 1824 2475 1876 τοῦ
2524 1799 2833 1893 καθημένου
2862 1822 2952 1873 ἐπὶ
2980 1823 3072 1875 τοῦ
3106 1825 3322 1877 αἰωνίου
3353 1824 3565 1895 θρόνου,

334 1902 696 1972 sophistarum
728 1904 943 1973 propria
978 1903 1136 1975 243
1184 1906 1257 1958 uti
1285 1904 1583 1969 videamur,
1613 1916 1670 1959 ut
1701 1907 1796 1973 ipsi
1822 1904 1900 1959 fa-

337 1997 519 2064 ciunt,
551 1997 602 2051 id
635 1998 868 2051 maxime
896 2013 1177 2063 curemus,
1216 1998 1340 2051 dum
1366 2012 1459 2053 eos
1502 1999 1899 2068 redarguimus,

338 2102 371 2143 ι
398 2089 569 2159 prima
616 2091 733 2145 lere
770 2092 994 2162 syllaba,
1032 2102 1090 2147 ut
1119 2094 1198 2148 sic
1234 2092 1446 2162 loquar,
1512 2108 1679 2161 usque
1709 2093 1771 2148 ad
1806 2110 1903 2147 ex-

340 2188 567 2234 tremam
595 2222 610 2245 ,
646 2190 705 2234 ut
760 2182 1044 2237 veritatem
1101 2185 1152 2237 in
1198 2200 1292 2239 ore
1342 2200 1555 2255 semper
1589 2187 1899 2240 habeamus.

337 2269 521 2338 Itaque
558 2281 615 2324 ut
641 2273 706 2326 ad
738 2288 855 2337 vos,
905 2276 995 2340 qui
1026 2274 1075 2327 in
1101 2274 1414 2343 prophetico
1448 2290 1724 2342 sermone,
1765 2284 1818 2328 et
1847 2276 1899 2329 in

335 2363 552 2428 divinis,
586 2379 706 2433 quae
756 2378 1175 2420 commemorata
1230 2376 1390 2431 sunt,
1442 2366 1676 2420 oraculis
1704 2370 1900 2421 versati

335 2454 485 2518 estis,
511 2456 805 2510 orationem
829 2469 1161 2521 convertam,
1184 2460 1350 2511 nostis
1370 2472 1498 2512 sane
1526 2457 1713 2511 Isaiam
1749 2457 1902 2526 jussu

338 2546 505 2611 illius,
532 2547 621 2616 qui
656 2548 705 2600 in
728 2556 929 2602 reterno
964 2551 1159 2604 throno
1194 2550 1379 2616 sedet,
1416 2565 1477 2604 ea
1519 2551 1898 2619 proiilietasse,

336 2654 457 2708 quae
484 2640 550 2693 ab
579 2639 670 2694 illo
715 2641 779 2694 ad
817 2642 1038 2697 verbum
1082 2644 1259 2698 dicere
1282 2643 1466 2713 jussus
1498 2652 1581 2697 est
1616 2661 1630 2697 :
1666 2660 1784 2695 nam
1811 2642 1901 2711 qui

336 2733 663 2802 prophetat,
721 2733 811 2788 Dei
853 2736 1111 2803 propheta
1149 2744 1267 2799 est,
1298 2750 1404 2789 non
1445 2734 1524 2789 sui
1568 2735 1756 2805 ipsius.
1799 2732 1903 2788 Per

335 2826 535 2878 Isaiam
579 2824 763 2893 igitur,
820 2835 912 2878 aut
963 2825 1030 2878 ab
1074 2826 1205 2879 Isaia
1260 2827 1478 2895 (eodem
1527 2827 1669 2879 enim
1713 2826 1904 2880 recidit

335 2915 646 2985 utrumque)
678 2925 866 2985 potens
909 2931 1013 2970 vox
1050 2917 1221 2982 illius,
1256 2931 1414 2986 quem
1442 2918 1556 2985 ipse
1588 2917 1899 2985 conspexit,

337 3021 611 3076 quemque
636 3004 833 3060 Paulus
869 3005 1127 3074 Spiritum
1159 3018 1400 3061 sanctum
1432 3023 1550 3062 esse
1590 3007 1863 3061 denuntiat
1885 3046 1901 3069 ,

337 3108 466 3153 tunc
514 3100 829 3153 annnntiata
878 3112 996 3161 est,
1037 3101 1250 3167 quando
1290 3101 1421 3154 vidit
1477 3102 1688 3167 quidem
1737 3100 1901 3153 Isaias

336 3191 453 3261 ipse
482 3191 710 3259 gloriam
743 3192 919 3256 illius;
958 3197 1051 3246 sed
1089 3194 1304 3262 propria
1337 3201 1596 3261 potestate
1635 3194 1698 3246 de
1725 3208 1786 3245 ca
1820 3191 1898 3245 Io-

335 3288 493 3335 cutiis
510 3295 613 3333 non
637 3288 736 3343 est,
772 3283 1019 3348 quamvis
1044 3282 1240 3335 alicubi
1273 3282 1531 3349 scriptum
1558 3281 1665 3335 sit:
1691 3301 1708 3332 ι
1739 3280 1901 3334 Isaias

336 3372 510 3436 dixit;
547 3391 567 3424 ι
629 3388 733 3426 non
769 3389 932 3427 vero:
974 3374 1114 3426 Dixit
1170 3374 1308 3428 Deus
1355 3373 1544 3439 Pater,
1588 3381 1679 3426 aut
1705 3373 1899 3437 Filius,

338 3476 432 3520 aut
482 3464 715 3536 Spiritus
772 3469 888 3534 ejus
942 3483 1036 3537 per
1074 3466 1284 3521 Isaiam.
1353 3466 1457 3521 Sed
1506 3482 1607 3520 non
1653 3458 1902 3520 errarunt

339 3557 602 3627 apostoli,
639 3558 729 3627 qui
776 3574 803 3612 a
861 3559 1088 3628 pueritia
1125 3558 1238 3629 (87)
1284 3559 1336 3612 iu
1391 3559 1685 3629 Scripturis
1720 3560 1900 3613 statim

343 3649 591 3704 innutriti
641 3651 887 3714 fuerant,
929 3650 1232 3719 quibusque
1286 3666 1433 3705 nova!
1486 3652 1672 3720 gratia:
1715 3652 1904 3720 praidi-

337 3740 484 3795 catio
515 3742 720 3795 credita
750 3752 867 3795 erat
891 3782 906 3807 ,
938 3742 1136 3811 quique
1176 3743 1244 3795 ob
1271 3742 1414 3797 illius
1442 3742 1753 3805 Trinitatis,
1787 3757 1904 3811 qua:

340 3835 394 3887 in
416 3834 622 3888 unitate
651 3835 895 3899 exsistit,
932 3836 1262 3900 bonitatem,
1308 3852 1374 3890 ea
1407 3836 1738 3900 habuerunt,
1787 3850 1906 3903 quae

336 3928 573 3983 nonduin
608 3926 746 3982 ullus
800 3928 938 3981 alius
986 3929 1248 3983 habuerat
1286 3944 1352 3982 ex
1396 3927 1724 3982 hominibus.
1767 3926 1903 3993 Quin

335 4019 596 4079 Joannem
624 4037 837 4092 quoque
863 4023 934 4075 ita
960 4023 1073 4076 haec
1112 4022 1459 4087 intellexisse,
1498 4034 1556 4075 iit
1584 4037 1610 4073 a
1642 4020 1777 4075 Filio
1812 4021 1904 4074 Dei

336 4115 480 4169 dicta
513 4114 710 4178 forent,
741 4114 965 4167 Paulum
997 4129 1124 4168 vero
1155 4114 1233 4168 sic
1259 4129 1319 4167 ea
1350 4113 1640 4182 accepisse,
1677 4122 1732 4166 ut
1765 4113 1904 4166 dicta

335 4214 519 4260 essent
545 4218 574 4256 a
604 4204 803 4271 Spiritu
833 4214 1040 4267 sancto,
1074 4204 1155 4257 vel
1185 4218 1347 4270 caeco,
1380 4214 1438 4257 ut
1476 4205 1647 4269 aiunt,
1692 4204 1892 4273 perspi-

338 4310 496 4350 cuum
526 4302 632 4349 est.
659 4295 868 4349 Etenim
900 4296 1069 4349 beatae
1097 4296 1211 4349 istae
1236 4296 1548 4366 iiypostases
1565 4294 1900 4364 praecipiunt,

338 4386 651 4454 angelorum
712 4399 836 4441 vero
882 4388 965 4440 vel
1017 4388 1254 4440 omnium
1310 4396 1500 4439 natura
1546 4388 1899 4455 obtemperat.

2003 1920 2427 1988 προεφήτευσεν,
2461 1915 2603 1984 ἅπερ
2630 1912 2774 1983 αὐτῷ
2804 1914 3008 1976 ἐκεῖνος
3046 1914 3184 1967 κατὰ
3224 1913 3367 1978 λέξιν
3399 1919 3570 1967 εἰπεῖν

2001 2007 2303 2062 ἐνετείλατο
2327 2024 2340 2037 ·
2389 2006 2417 2057 6
2456 2006 2562 2076 γὰρ
2612 2005 2967 2076 προφητεύων
3027 2005 3191 2068 Θεοῦ,
3221 2007 3341 2075 οὐχὶ
3380 2008 3567 2059 ἑαυτοῦ

2003 2102 2286 2171 προφήτης
2309 2097 2473 2149 ἐστίν.
2497 2098 2655 2148 Ὥστε
2673 2095 2761 2148 διὰ
2783 2096 3029 2159 Ἡσαΐου,
3049 2098 3166 2167 ἤτοι
3186 2096 3337 2168 παρὰ
3352 2099 3568 2150 Ἠσαῖου

2002 2190 2236 2264 (ταυτὸν
2280 2190 2388 2259 γάρ
2427 2191 2573 2240 ἐστιν
2626 2188 2850 2255 εἰπεῖν),
2893 2188 2925 2258 ἡ
2973 2187 3066 2239 τοῦ
3117 2188 3375 2257 ὀφθέντος
3423 2190 3569 2260 αὐτῷ

2002 2282 2240 2355 κραταιὰ
2286 2281 2457 2349 φωνὴ,
2492 2279 2549 2332 ὃν
2588 2282 2615 2332 6
2648 2278 2859 2341 Παῦλος
2889 2280 2950 2331 τὸ
2984 2280 3136 2348 ἅγιον
3178 2281 3405 2350 Πνεῦμα
3435 2277 3570 2334 εἶναι

2002 2371 2380 2441 κατήγγειλεν,
2418 2370 2736 2440 ἀπηγγέλθη
2756 2410 2769 2433 ,
2803 2371 2889 2422 ὅτε
2926 2369 3028 2421 ῐδεν
3060 2370 3157 2437 τὴν
3186 2368 3343 2432 δόξαν
3374 2370 3566 2422 αὐτοῦ’

2001 2465 2061 2517 οὐ
2098 2463 2278 2533 μέντοι
2310 2464 2427 2514 κατ’
2457 2461 2704 2525 ἐξουσίαν
2735 2461 2865 2513 ίδίαν
2893 2460 3095 2531 ταύτην
3124 2460 3445 2531 ἐφθέγξατο,
3474 2462 3571 2514 κᾶν

2002 2573 2105 2608 που
2135 2554 2349 2624 ἐλέχθη,
2380 2554 2461 2605 ὅτι
2509 2572 2526 2604 ι
2588 2552 2820 2615 Ἡσαΐας
2848 2548 3020 2613 εἶπεν,
3050 2572 3068 2603 ι
3111 2552 3204 2603 καὶ
3237 2552 3361 2622 οὐχὶ
3389 2556 3417 2604 ὀ
3443 2552 3569 2615 Θεὸς

2003 2646 2215 2716 Πατὴρ,
2247 2644 2279 2715 ἢ
2314 2646 2342 2696 6
2376 2644 2523 2706 Υἱὸς,
2564 2643 2596 2713 ἢ
2633 2643 2692 2695 τὸ
2723 2643 2946 2713 Πνεῦμα
2982 2642 3144 2695 αὑτοῦ
3183 2642 3270 2695 διὰ
3323 2643 3568 2696 Ἠσαῖου.

2004 2713 2277 2808 Οὐδὲ-μὴν
2327 2736 2709 2805 ἐπλανήθησαν
2743 2737 2791 2787 οἱ
2822 2735 3106 2787 ἀπόστολοι
3128 2773 3143 2798 ,
3178 2735 3227 2786 οἱ
3262 2737 3324 2787 ἐκ
3372 2736 3569 2789 παίδων

2003 2832 2166 2893 εὐθὺς
2194 2833 2316 2892 ταῖς
2338 2830 2580 2899 Γραφαίς
2606 2827 3049 2898 ὲντεθραμμένοι,
3079 2828 3170 2879 καὶ
3194 2827 3569 2890 πιστευθέντες

2001 2925 2103 2993 τῆς
2145 2924 2274 2985 νέας
2299 2922 2523 2992 χάριτος
2576 2921 2637 2973 τὸ
2680 2922 2960 2990 κήρυγμα,
2996 2919 3122 2990 [ΗΞ
3150 2920 3202 2991 b]
3244 2921 3295 2972 οί
3337 2920 3569 2989 ἔχοντες,

2002 3016 2090 3070 διὰ
2122 3015 2219 3085 τὴν
2246 3014 2559 3084 ἁγαθότητα
2599 3012 2699 3081 τῆς
2730 3013 2785 3064 ὲν
2824 3013 3010 3082 μονάδι
3039 3012 3267 3082 Τριάδος
3289 3053 3302 3076 ,
3337 3012 3374 3066 ἃ
3410 3016 3570 3083 μήπω

2006 3125 2090 3171 τις
2123 3106 2230 3158 τῶν
2263 3104 2565 3177 ἀνθρώπων
2592 3104 2687 3158 καὶ
2720 3103 2926 3174 ἕτερος.
2984 3105 3143 3157 Ἀλλὰ
3172 3104 3268 3157 καὶ
3321 3104 3569 3172 Ἰωάννης

2006 3197 2160 3269 δῆλός
2192 3198 2326 3259 ἐστι,
2362 3196 2503 3249 καθά
2555 3212 2706 3264 φασι,
2742 3196 2835 3248 καὶ
2883 3194 3086 3263 τυφλῷ,
3119 3192 3293 3247 ταῦτα
3324 3194 3420 3246 τὸν
3448 3194 3569 3246 Υίὸν

2005 3289 2100 3343 τοῦ
2130 3289 2264 3342 Θεοῦ
2300 3293 2497 3358 νοήσας
2537 3288 2848 3357 εἰρηκέναι·
2890 3287 2984 3340 καὶ
3030 3286 3260 3348 Παῦλος,
3301 3286 3363 3339 τὸ
3414 3284 3565 3354 ἅγιον

2007 3380 2255 3451 Πνεῦμα.
2291 3379 2585 3432 Κελεύουσι
2609 3378 2719 3449 γὰρ
2746 3380 2800 3430 αἱ
2832 3380 3099 3449 μακάριαι
3126 3378 3452 3439 ὑποστάσεις
3482 3370 3556 3431 αὖ

2004 3491 2118 3537 ται,
2149 3473 2286 3526 εἴκει
2319 3472 2375 3525 δὲ
2402 3473 2435 3541 ἡ
2466 3471 2713 3539 ἀγγέλων
2742 3472 2833 3531 καὶ
2861 3472 3075 3524 πάντων
3115 3471 3299 3540 φύσις.
3340 3472 3548 3540 Ἡγεμο

2009 3563 2224 3618 νεύουσι
2256 3564 2364 3633 γὰρ
2396 3561 2719 3632 βασιλικῶς,
2751 3562 2844 3614 καὶ
2876 3561 3236 3632 κατάρχουσιν
3269 3560 3569 3629 αὐτοφυῶς,

2012 3655 2102 3708 διὰ
2131 3658 2229 3724 τὴν
2259 3654 2675 3725 ἀπαράλλακτον
2704 3654 2839 3723 πρὸς
2866 3654 2957 3705 τὸν
2987 3652 3046 3717 ἐξ
3071 3646 3131 3705 οὗ
3161 3651 3431 3723 προῆλθον
3462 3654 3570 3705 Πα-

2005 3748 2137 3818 τέρα
2164 3746 2411 3816 θεότητα,
2444 3747 2537 3799 καὶ
2559 3746 2817 3813 ἀνάγεται
2850 3745 3022 3798 πάντα
3050 3747 3128 3808 είς
3158 3747 3382 3799 ἐκεῖνον.
3420 3746 3569 3815 Ἔχει

2006 3855 2095 3891 ται
2120 3833 2212 3891 οὖν
2240 3836 2297 3889 ἓν
2323 3836 2505 3889 τοῦτο’
2534 3837 2719 3907 ἕτερον
2739 3837 2815 3901 δὲ,
2842 3836 2922 3888 ὃτι
2951 3837 3034 3899 τίς
3062 3835 3127 3888 ἂν
3150 3834 3338 3905 ὀφθείη
3368 3835 3568 3905 ἕτερος,

2007 3923 2159 3998 ᾧτινι
2189 3928 2622 3998 συμφωνότερον,
2656 3928 2688 3997 ἢ
2723 3926 3171 3999 προσφορώτερον
3197 3927 3390 3989 ταῦτα,
3421 3927 3490 3979 τὰ
3514 3930 3571 3979 ἐκ

2008 4018 2296 4090 προσώπου
2333 4017 2427 4071 τοῦ
2457 4017 2591 4070 Θεοῦ
2636 4018 2849 4086 Πατρὸς
2879 4019 3343 4089 προφητευθέντα,
3373 4018 3570 4082 δόξειεν

2008 4110 2405 4182 ἐπιγράφεσθαι
2442 4110 2517 4173 ὡς
2560 4109 2836 4180 είρηκότι;
2886 4109 3052 4172 Ποίας
3089 4108 3145 4161 δὲ
3195 4109 3569 4180 κατακρίσεως

2007 4206 2107 4258 οὐκ
2132 4204 2275 4257 ἐστιν
2308 4204 2454 4268 ἄξιος
2480 4206 2507 4257 6
2548 4204 2646 4273 τὴν
2679 4204 2805 4274 περὶ
2837 4202 2931 4255 τοῦ
2975 4203 3278 4273 κρεξττονος
3316 4203 3568 4271 ἀλήθειαν

2007 4293 2220 4364 τολμῶν
2260 4294 2736 4363 παραχαράττειν,
2788 4292 2881 4343 καὶ
2916 4291 3337 4362 παρευδοκιμεῖν
3375 4291 3568 4343 ἐθέλων

2021 4383 2273 4452 Ἰωάννην
2306 4383 2400 4435 καὶ
2426 4382 2655 4447 Παῦλον,
2686 4384 2812 4444 τοὺς
2845 4385 2970 4452 μήτ’
3009 4384 3400 4452 ἁγνοήσαντας,
3452 4382 3567 4453 μήτ’

337 4477 604 4532 Nimirum
636 4488 870 4547 praesunt
897 4477 1019 4541 illae,
1049 4488 1210 4546 atque
1236 4478 1502 4545 imperant
1526 4478 1673 4546 regio
1704 4477 1861 4531 modo
1889 4495 1903 4544 ;

2022 4474 2455 4546 ἅποκρύψαντας,
2488 4474 2731 4545 ἐναργῶς
2763 4474 2817 4526 δὲ
2848 4477 2942 4527 καὶ
2972 4474 3180 4546 τρανῶς
3204 4475 3269 4527 τὰ
3298 4477 3427 4544 περὶ
3453 4474 3568 4527 τού-

338 4577 397 4622 et
441 4582 535 4634 per
575 4567 843 4637 propriam
892 4578 1142 4621 naturam
1187 4569 1256 4623 ob
1298 4567 1630 4621 identitatem
1689 4568 1905 4622 deitatis

340 4674 462 4714 cum
485 4658 646 4715 Patre
669 4674 737 4714 ex
775 4675 880 4730 quo
912 4661 1039 4729 ipsa:
1079 4666 1497 4729 processerunt,
1537 4658 1902 4724 dominantur,

403 4810 515 4880 (85)
553 4808 699 4865 Sicut
726 4809 915 4867 David.
942 4809 1101 4867 Rom.
1151 4825 1224 4874 iv,
1276 4808 1405 4872 6,7.
1434 4809 1562 4865 Post
1582 4824 1763 4865 vocem
1799 4824 1902 4880 μα-

339 4883 608 4953 καρισμόν
644 4884 893 4953 nonnulla
929 4883 1013 4936 hic
1046 4881 1385 4953 omittuntur.

414 4950 524 5022 (84)
552 4950 615 5003 Et
636 4953 792 5006 venit.
814 4951 1236 5022 NumaxxiitiO.
1256 4950 1521 5022 Couiplut.
1545 4950 1741 5022 editio:
1762 4965 1902 5020 παρ-

341 5024 480 5093 ῇσαν
507 5019 621 5092 pro
658 5023 930 5093 πάρεισιν.
972 5020 1077 5077 Sed
1120 5019 1589 5076 Francofurtensis
1630 5019 1793 5075 habet
1845 5019 1906 5072 ut

392 5093 619 5147 ideus.

415 5108 734 5232 iligneae.
775 5161 931 5216 Num.
963 5160 1233 5232 xxiis'55.
1282 5160 1467 5214 Grmca
1516 5158 1684 5232 Biblia
1724 5167 1911 5213 carent

341 5247 475 5304 voce
507 5230 722 5304 τούτων
746 5271 761 5294 ,
812 5242 868 5304 et
902 5248 997 5301 pro
1034 5230 1242 5304 φυλάξῃ
1304 5232 1522 5304 ποιῆσαι
1566 5231 1763 5304 habent
1811 5246 1911 5297 φυ-

344 5300 479 5374 λάξῃ
510 5300 772 5374 λαλῆσαι,
810 5302 859 5355 id
890 5300 987 5374 est
1012 5320 1029 5352 ι
1064 5300 1278 5357 cavebis
1311 5317 1376 5355 ne
1419 5300 1654 5371 loquaris
1690 5317 1704 5353 :
1748 5318 1767 5351 ι
1802 5312 1909 5367 quo

346 5371 502 5425 modo
542 5371 819 5437 legendum
851 5372 1078 5425 videtur.

414 5440 525 5509 (86)
579 5441 1026 5495 Dissimulatione.
1070 5440 1308 5508 Respicit
1353 5440 1681 5495 Socraticam
1734 5438 1907 5492 cuivis

345 5512 682 5566 notissimam
718 5510 944 5564 ironiam
972 5552 987 5575 ,
1034 5526 1193 5575 quam
1237 5512 1494 5579 sophistae
1529 5510 1719 5562 imitati
1759 5518 1902 5562 stitit.

348 5600 369 5633 ι
406 5584 657 5636 Socrates
683 5579 883 5650 (inquit
915 5580 1106 5635 Cicero
1155 5583 1207 5634 in
1245 5590 1435 5646 quarto
1475 5580 1905 5650 Academicorum

340 5652 707 5721 qtrrestionum)
752 5652 819 5705 de
859 5667 913 5706 se
956 5652 1068 5719 ipse
1111 5652 1396 5705 detrahens
1441 5650 1493 5721 in
1524 5649 1901 5721 disputatione,

343 5720 464 5791 plus
507 5718 776 5775 tribuebat
831 5721 897 5776 iis
950 5718 1084 5791 quos
1131 5721 1342 5776 volebat
1393 5720 1653 5791 refellere.
1720 5718 1903 5788 Itaque

344 5790 467 5848 eum
536 5791 682 5847 aliud
747 5793 946 5849 diceret
1010 5804 1173 5865 atque
1239 5792 1496 5857 sentiret,
1551 5790 1779 5845 libenter
1829 5792 1903 5845 uti

2011 4586 2103 4621 του
2136 4571 2216 4631 είς
2244 4570 2452 4631 πάντας
2475 4567 2972 4639 ὲξαγορεύσαντας;
3003 4570 3111 4622 Καὶ
3134 4572 3281 4622 πᾶσα
3303 4569 3359 4620 δὲ
3384 4570 3565 4639 Γραφὴ

2012 4660 2124 4730 ἔχει
2157 4676 2208 4713 τι
2236 4660 2413 4730 νόημα
2436 4659 2563 4732 περὶ
2590 4660 2688 4730 τῆς
2714 4660 2808 4713 τοῦ
2836 4660 3224 4731 μεγαλωνύμου
3258 4659 3399 4712 Πνεύ
3407 4676 3566 4729 ματος

2009 4809 2198 4881 solitus
2230 4820 2313 4863 est
2361 4824 2421 4864 ea
2455 4811 2878 4867 dissimulatione
2905 4852 2920 4877 ,
2975 4826 3135 4880 quam
3180 4809 3353 4864 Grieci
3408 4811 3563 4881 εἰρω-

2009 4880 2155 4932 νείαν
2190 4891 2396 4934 vocant.
2431 4899 2449 4930 ι

2085 4950 2197 5017 (87)
2238 4951 2275 5001 Α
2303 4951 2545 5015 pueritia.
2573 4950 2859 5004 Duodecim
2896 4950 3162 5017 apostolos
3217 4950 3378 5003 rudes
3419 4949 3565 5013 plane

2015 5031 2178 5087 atque
2231 5020 2447 5085 ignaros
2502 5030 2627 5072 tunc
2659 5019 2845 5082 fuisse,
2896 5036 3014 5073 cuiu
3050 5035 3079 5072 a
3132 5020 3347 5073 Christo
3396 5019 3563 5071 vocati

2015 5098 2161 5151 sunt,
2205 5103 2267 5142 ac
2309 5090 2485 5142 divina
2522 5098 2723 5141 tantum
2764 5091 2983 5143 scientia
3016 5099 3193 5155 postea
3227 5090 3453 5142 donatos
3493 5089 3565 5139 al-

2017 5161 2230 5210 iirmant
2276 5160 2444 5227 sancti
2491 5158 2698 5218 Patres.
2740 5174 2967 5227 quorum
3013 5159 3175 5211 verba
3230 5160 3309 5211 vir
3344 5159 3565 5212 celebris

2013 5227 2245 5281 Joannes
2279 5226 2496 5282 Lamius
2518 5226 2673 5280 allert
2708 5226 2769 5281 in
2788 5230 2923 5282 libro
2951 5228 3021 5280 De
3047 5229 3339 5281 eruditione
3365 5238 3564 5297 oportoo

2016 5298 2205 5360 lorum,
2236 5314 2353 5367 cap.
2396 5298 2429 5352 8
2488 5312 2550 5350 ac
2584 5298 2669 5351 I5.
2701 5298 2792 5351 His
2821 5314 2922 5350 non
2955 5299 3284 5359 adversatur,
3313 5300 3363 5350 ni
3398 5298 3562 5357 iallor,

2016 5367 2293 5437 Didymus.
2331 5370 2453 5421 dum
2492 5384 2584 5421 eos
2613 5386 2631 5418 ι
2684 5386 2709 5419 a
2742 5369 2968 5435 pueritia
3014 5369 3063 5419 in
3100 5367 3392 5433 Scripturis
3420 5370 3565 5418 inuu-

2017 5439 2169 5491 tritos
2207 5457 2225 5490 ι
2255 5439 2382 5491 dicit
2416 5458 2429 5489 :
2476 5438 2605 5492 nihil
2646 5440 2785 5491 enini
2831 5438 2971 5490 aliud
3007 5437 3089 5491 liis
3137 5438 3314 5490 verbis
3340 5437 3564 5491 voluisse

2012 5508 2242 5569 videtur,
2294 5524 2451 5578 quam
2500 5509 2643 5578 ipsos
2687 5519 2739 5563 et
2787 5509 3185 5576 Scripturarum
3240 5507 3460 5560 lectioni
3514 5508 3560 5559 in

2011 5577 2320 5646 synagogis'
2351 5577 2694 5644 interfuisse,
2755 5587 2809 5632 et
2862 5578 3133 5647 religionis
3200 5580 3444 5647 dogmata
3488 5578 3563 5647 ab

2014 5642 2243 5701 ineunte
2280 5658 2437 5702 actate
2489 5642 2705 5702 edoctus
2748 5663 2864 5702 esse
2900 5664 2915 5703 :
2954 5642 3181 5717 quorum
3230 5642 3395 5700 unum
3448 5642 3562 5698 illud

2013 5723 2163 5799 erat,
2189 5719 2483 5799 prophetas
2519 5716 2627 5773 Deo
2664 5719 2874 5774 amante
2898 5757 2913 5783 ,
2946 5716 3009 5775 ac
3033 5719 3209 5774 divina
3254 5717 3565 5773 auctoritate

2013 5802 2316 5859 scripsisse.
