3676 6342
176 308 259 364 εει
1157 308 1246 363 DE
1282 307 1654 365 TRINITATE
1694 309 1891 365 LIBER
1935 307 2315 367 SECUNDUS.

3261 290 3369 363 scit

174 418 463 490 μονὸτητος,
515 415 671 485 ἡτουν
723 415 1009 487 Θεότητος,
1066 416 1396 490 ἐξῃρημένον
1460 420 1558 490 μὲν
1614 423 1684 474 κα

1809 430 1863 473 et
1899 422 1964 475 ad
1997 436 2115 476 eum
2167 420 2348 474 omnia
2381 417 2704 474 referuntur.
2730 418 2809 473 Ac
2836 418 3003 487 prima
3044 417 3253 487 quidem
3285 435 3367 475 re-

171 510 476 562 ἀσύντακτον
526 506 801 570 παντελῶς
847 507 956 560 τῶν
980 508 1136 572 ὅλων,
1186 511 1610 581 συντεταγμένον
1647 510 1704 563 δὲ

170 604 247 653 καὶ
278 598 557 667 σύμφωνον
586 599 682 668 τῆς
710 599 1044 671 πρωτίστης,
1073 602 1165 653 καὶ
1186 601 1583 674 γενεσιουργοῦ,
1610 601 1705 654 καὶ

169 689 474 757 ἁτυγκρίτου
507 686 737 755 (θύσεως.
773 690 839 741 Τί
880 689 985 760 γάρ
1016 691 1114 743 οὐκ
1146 691 1231 743 ἀεὶ
1256 691 1364 743 τῶν
1391 690 1610 760 ἀγαθῶν
1636 691 1703 744 δι’

170 779 330 842 αὐτοῦ,
358 780 447 831 καὶ
479 783 607 851 παρ’
648 780 837 847 αὑτοῦ,
866 781 945 834 ἔτι
982 782 1085 852 μὴν
1118 783 1211 836 καὶ
1238 783 1387 854 παρὰ
1423 782 1517 835 τοῦ
1551 798 1705 852 μονο-

167 871 335 939 γενοῦς
377 872 506 923 Υίοῦ
543 871 757 943 εὐδοκία
797 873 891 925 τοῦ
928 873 1063 925 Θεοῦ
1113 875 1357 945 Πατρός;
1395 874 1561 927 Ὅταν
1611 870 1703 927 οὖν

167 964 278 1033 λέγῃ
304 966 329 1015 ὁ
358 963 455 1032 μὲν
501 963 853 1032 ’Υμνολόγος·
897 983 913 1015 ι
952 965 1024 1017 Τὸ
1059 965 1285 1034 Πνεῦμα
1334 981 1424 1018 σου
1456 965 1517 1017 τὸ
1549 965 1703 1033 ἅγιον

168 1056 229 1124 μὴ
255 1053 543 1125 ἁντανέλῃς
570 1054 663 1106 ἀπ’
692 1052 826 1123 ἐμοῦ
846 1070 861 1084 ·
887 1073 903 1103 ι
930 1056 958 1108 6
984 1056 1040 1107 δὲ
1065 1053 1274 1117 Παῦλος
1294 1072 1307 1085 ·
1338 1073 1356 1106 ι
1384 1055 1445 1106 Εἰ
1476 1053 1702 1123 Πνεῦμα

166 1147 297 1210 ἆῖιον
335 1143 554 1196 ἐλάϐετε
622 1145 1007 1208 πιστεύσαντες
1035 1161 1048 1175 ·
1094 1165 1111 1197 ι
1145 1145 1380 1217 ἐπιφέρῃ
1411 1161 1506 1197 τεο
1544 1163 1561 1195 ι
1609 1145 1703 1207 Είς

161 1235 206 1286 τί
233 1230 316 1287 οὖν
346 1233 742 1304 ὲὸαπτίσθητες
782 1256 800 1284 ν
824 1234 876 1286 εἴ
901 1251 963 1303 γε
1020 1234 1092 1305 μὴ
1116 1237 1196 1298 είς
1250 1236 1311 1288 τὸ
1349 1237 1500 1303 ἅγιον
1535 1234 1704 1288 Πνεῦ-

165 1343 229 1396 μα
252 1324 643 1395 ἐϐαπτίσθητε·
704 1324 830 1395 [HS
882 1324 937 1396 a]
982 1327 1011 1377 6
1065 1326 1121 1377 δὲ
1180 1326 1471 1397 μονογενὴς
1518 1326 1649 1388 Θεός
1682 1343 1697 1357 ο

168 1414 479 1485 «Συμφέρει-
532 1417 693 1485 ὑμῖν,
741 1415 828 1467 ἵνα
874 1414 985 1482 ἐγὼ
1030 1415 1272 1470 ἀπέλθω.
1318 1415 1441 1468 Ἐάν
1477 1417 1586 1488 γὰρ
1629 1417 1705 1487 μὴ

160 1505 254 1572 ἐγὼ
283 1504 526 1568 ἀπέλθω,
561 1507 767 1568 ἐκεῖνος
793 1506 892 1557 ούκ
935 1505 1183 1577 ἔρχεται,
1228 1506 1289 1559 τὸ
1337 1506 1562 1578 Πνεῦμα
1603 1509 1703 1579 τῆς

159 1596 410 1665 ἀληθείας,
438 1595 468 1648 ὃ
504 1595 656 1665 παρὰ
703 1595 795 1648 τοῦ
836 1595 1044 1666 Πατρὸς
1082 1596 1472 1668 ἐκπορεύεται·
1525 1616 1544 1649 ι
1588 1599 1699 1664 καὶ,

163 1706 178 1737 ι
226 1686 399 1754 Ὑμεῖς
426 1686 485 1738 δὲ
519 1685 755 1756 λήψεσθε
786 1685 1032 1756 δύναμιν,
1077 1685 1167 1740 τοῦ
1204 1687 1358 1755 ἁγίου
1389 1687 1702 1758 Πνεύματος

159 1774 450 1839 ἐπελθόντος
482 1776 569 1845 ἐφ’
612 1778 785 1846 ὑμᾶς’
823 1795 841 1827 ι
875 1778 969 1831 καὶ
1018 1779 1047 1831 6
1097 1777 1228 1842 Θεὸς
1276 1779 1463 1851 Πατὴρ
1515 1781 1571 1831 ἐν
1619 1778 1698 1850 τῷ

168 1869 410 1938 ’Δγγαίῳ·
443 1887 461 1919 ι
502 1868 638 1921 Μεθ’
669 1868 820 1939 ὑμῶν
852 1869 962 1937 ἐγώ
997 1871 1130 1940 είμι,
1156 1869 1301 1938 λέγει
1330 1870 1531 1941 Κύριος
1564 1888 1698 1924 παν-

156 1962 434 2032 τοκράτωρ.
478 1961 575 2013 καὶ
614 1961 674 2014 τὸ
707 1961 933 2032 Πνεῦμά
974 1980 1076 2032 μου
1110 1963 1408 2034 ἐφέστηκεν
1449 1963 1506 2015 ἐν
1547 1963 1697 2034 μέσῳ

158 2051 321 2121 ὑμῶν’
359 2069 377 2101 ι
409 2052 461 2103 τί
508 2053 755 2122 φήσομεν
793 2053 989 2115 αὐτοὺς
1038 2052 1285 2121 φάσκειν,
1321 2053 1353 2125 ἢ
1392 2053 1473 2106 ὅτι
1511 2052 1696 2125 θεῖκὴν

158 2143 294 2213 φύσιν
320 2142 414 2195 καὶ
438 2141 663 2212 μέθεξιν
680 2143 865 2207 αὐτοῦ,
892 2144 985 2197 καὶ
1007 2143 1295 2213 ἁγιασμὸν,
1323 2144 1416 2197 καὶ
1433 2144 1695 2215 δημιουρ-

156 2234 295 2303 γικὴν
314 2233 567 2304 δύναμιν,
601 2234 966 2306 καθαίρουσαν
996 2238 1028 2306 ή
1039 2235 1174 2306 μῶν,
1204 2237 1295 2288 καὶ
1324 2230 1434 2289 οἷον
1458 2235 1697 2306 ἀπολαμ-

158 2323 437 2395 πρύνουσαν
466 2324 568 2396 τὴν
597 2324 761 2396 ζωὴν,
804 2326 897 2378 καὶ
935 2328 992 2380 ἐν
1021 2328 1186 2379 πᾶσιν
1216 2327 1553 2398 ἀρωγοῦσαν,
1586 2344 1693 2380 πα·-

158 2418 433 2487 ραδιδόντες
480 2417 639 2471 ταῦτ’
687 2416 1065 2488 ἐξεφώνησαν;
1099 2419 1267 2471 Ὅταν
1309 2418 1365 2471 δὲ
1406 2419 1497 2471 καὶ⁸
1534 2418 1693 2471 πάλιν

156 2508 265 2579 λέγῃ
287 2510 313 2560 6
344 2508 477 2572 Θεὸς
512 2510 704 2581 Πατήρ
725 2523 738 2536 °
792 2526 811 2560 ι
846 2510 1000 2575 Οὐαὶ,
1036 2510 1230 2563 τέκναί
1263 2510 1465 2582 Βουλὴν
1510 2511 1694 2581 ἐποιή-

157 2615 279 2662 σατε,
310 2600 368 2651 ού
394 2599 462 2651 δι’
487 2599 657 2670 ἐμοῦο
686 2600 778 2652 καὶ
804 2600 1096 2672 συνθήκας,
1123 2603 1186 2655 ού
1214 2600 1301 2655 διὰ
1325 2601 1417 2655 τοῦ
1448 2601 1693 2672 Πνεύμα-

156 2691 230 2754 τός
253 2708 375 2762 μου·
414 2712 433 2744 ι
483 2689 575 2764 ἆρ’
606 2694 705 2747 οὐκ
744 2694 1025 2765 ἀραρότως
1063 2696 1377 2766 Ἀρειανῶν,
1405 2697 1498 2750 και
1526 2697 1690 2750 Εὐνο-

159 2783 354 2854 μιανῶν,
382 2785 478 2838 καὶ
510 2785 929 2839 Μακεδονιανῶν
954 2786 1053 2857 τὴν
1077 2786 1170 2839 ἐπὶ
1195 2789 1257 2857 τῇ
1287 2787 1493 2857 αἱρέσει
1515 2788 1691 2841 ἀθλιό-

154 2891 268 2944 τητα
307 2874 396 2927 καὶ
440 2876 825 2946 ταλαιπωρίαν
869 2875 1276 2947 ἐπιμέμφεται;
1315 2878 1456 2947 Πρὸς
1484 2877 1692 2940 τούτοις

156 2968 366 3036 ςαίημεν
410 2966 501 3034 ἂν,
551 2968 629 3031 ὡς
664 2968 752 3020 διὰ
789 2967 947 3021 τοῦτο
974 2970 1187 3039 ἐγράφη
1211 2984 1223 2996 ·
1260 2987 1280 3019 ι
1312 2968 1493 3021 Ταῦτα
1539 2965 1690 3021 εἶπεν

164 3058 360 3121 Ἡσαΐας
379 3076 392 3088 ·
427 3078 446 3111 ι
477 3060 594 3125 καὶ,
625 3078 641 3110 ι
677 3059 835 3112 Καθὰ
859 3058 1019 3113 Δαυῒδ
1042 3060 1216 3128 λέγει·
1244 3080 1262 3113 ι
1293 3060 1357 3113 ἵν’
1383 3061 1412 3113 ὁ
1436 3060 1576 3124 θεῖος
1599 3060 1684 3112 θε-

1805 513 2019 581 sponsio
2073 522 2156 567 est
2205 513 2317 566 lucc
2348 510 2486 581 (88).
2536 510 2716 564 Altera
2760 523 2887 563 vero
2926 519 3009 562 est
3044 509 3365 576 huiusmodi.

1804 602 2059 668 Quisnam
2115 601 2251 655 alius
2273 600 2507 669 conspici
2536 600 2600 654 ab
2630 599 2766 653 lsaia
2798 600 2969 669 potuit
2993 639 3007 662 ,
3049 599 3136 652 cui
3168 615 3368 654 conve-

1806 695 2037 749 nientius
2078 702 2169 747 aut
2195 691 2378 746 utilius
2406 693 2539 755 haec,
2571 705 2688 759 qua:
2714 705 2777 743 ex
2807 705 3037 758 persona
3072 689 3161 743 Dei
3192 689 3369 744 Patris

1805 801 1834 839 a
1876 784 2130 854 propheta
2173 783 2370 851 scripta
2398 790 2556 846 sunt,
2598 779 2757 833 tribui
2788 780 3069 833 videantur
3108 788 3365 847 tanquam

1803 875 1853 927 ei
1891 876 1981 942 qui
2017 872 2105 927 illa
2142 870 2561 938 dixeritiQuali
2589 880 2766 923 autem
2798 870 3242 923 condeninatione
3286 871 3367 922 di-

1803 981 1963 1036 gnum
1994 981 2115 1020 eum
2161 966 2435 1030 dicemus,
2480 965 2569 1033 qui
2618 980 2799 1019 veram
2833 964 2899 1017 de
2935 963 3211 1017 divinitate
3249 963 3361 1032 (89)

1802 1058 2098 1111 doctrinam
2141 1059 2444 1111 adulterare
2480 1058 2660 1120 audet,
2718 1072 2780 1111 ac
2822 1055 2983 1127 244
3014 1055 3270 1109 Joannem
3309 1064 3366 1110 et

1803 1145 2023 1202 Paulum
2060 1148 2320 1204 infamare
2354 1149 2483 1211 vult,
2519 1148 2607 1216 qui
2632 1162 2748 1201 eam
2785 1162 2912 1201 sane
2944 1162 3115 1213 neque
3143 1147 3363 1214 ignora-

1806 1248 1927 1291 runt
1947 1277 1960 1300 ,
2004 1253 2103 1293 nec
2132 1239 2402 1301 celarunt,
2434 1239 2523 1291 sed
2555 1237 2804 1291 omnibus
2832 1252 2861 1290 e
2890 1237 3161 1290 contrario
3191 1238 3364 1289 mani-

1804 1325 1938 1381 feste
1966 1337 2022 1380 ct
2042 1326 2318 1381 evidenter
2351 1343 2435 1392 ea,
2463 1342 2581 1395 qua:
2604 1327 2667 1379 ad
2694 1326 2864 1393 ipsum
2902 1326 3189 1393 pertinent,
3222 1342 3360 1395 prte-

1805 1417 2093 1471 dicarunt?
2155 1417 2348 1473 Verum
2400 1416 2673 1487 Scriptura
2724 1427 2829 1470 tota
2890 1416 3070 1485 inclyti
3128 1416 3358 1484 Spiritus

1802 1508 2079 1571 unitatem,
2115 1509 2227 1563 sive
2253 1510 2501 1563 deitatem
2553 1509 2703 1562 nobis
2733 1510 2960 1570 indicat,
2990 1510 3113 1562 dum
3146 1509 3212 1563 de
3244 1510 3358 1578 ipso

1802 1600 1877 1653 sic
1910 1598 2160 1667 loquitur,
2186 1607 2242 1651 ut
2284 1602 2350 1651 ab
2380 1598 2627 1652 omnibus
2656 1599 2811 1666 plane
2853 1599 3008 1654 rebus
3037 1615 3155 1653 eum
3187 1615 3359 1669 segre-

1802 1698 1913 1759 get,
1938 1704 2001 1743 ac
2021 1697 2290 1753 secernat,
2317 1697 2476 1758 atque
2511 1690 2561 1742 in
2589 1691 2776 1743 eodem
2807 1692 2994 1744 ordine
3022 1707 3140 1745 cum
3163 1694 3355 1759 prima,

1802 1788 1857 1834 et
1879 1779 2160 1837 creatrice.
2182 1788 2237 1833 et
2264 1778 2673 1847 incomparabili
2705 1789 2889 1834 natura
2917 1780 3139 1834 collocet
3164 1821 3178 1846 ,
3205 1782 3360 1850 eique

1802 1875 2124 1927 concordem
2158 1871 2341 1926 faciat.
2370 1869 2648 1938 Quodnam
2691 1872 2832 1927 enim
2867 1873 3061 1926 bonum
3085 1883 3187 1937 est,
3218 1874 3358 1943 quod

1802 1977 1896 2033 per
1933 1962 2103 2032 ipsum
2132 1977 2359 2031 semper,
2390 1971 2443 2017 et
2474 1964 2541 2017 ab
2565 1963 2699 2031 ipso,
2738 1964 2877 2017 sicut
2909 1965 3055 2018 etab
3083 1965 3358 2034 unigenito

1800 2054 1958 2120 Filio,
1994 2070 2115 2108 cum
2167 2053 2555 2123 eomplacenlia
2593 2055 2682 2107 Dei
2717 2052 2927 2120 Patris,
2961 2070 3062 2108 non
3101 2055 3358 2111 exsistat!

1801 2142 1933 2199 Cum
1958 2158 2087 2213 ergo
2109 2144 2185 2196 ait
2207 2143 2556 2213 hymnologus
2593 2144 2804 2212 quidem
2838 2163 2851 2199 :
2893 2162 2912 2195 ι
2962 2143 3218 2212 Spiritum
3242 2145 3358 2217 (90)

1802 2246 1949 2289 tuum
1989 2244 2232 2290 sanctum
2284 2250 2350 2288 ne
2392 2235 2605 2289 auferas
2664 2251 2693 2289 a
2732 2251 2844 2302 me;
2892 2254 2910 2288 ι
2954 2236 3151 2292 Paulus
3190 2252 3359 2293 vero:

1805 2349 1824 2381 ι
1862 2328 1917 2384 Si
1954 2327 2211 2396 Spiritum
2246 2327 2357 2397 (91)
2401 2338 2646 2381 sancmm
2673 2328 2959 2398 accepistis
2988 2330 3306 2385 credentes?
3332 2349 3352 2382 ι

1798 2416 2124 2486 subjungens
2164 2434 2177 2470 :
2259 2434 2277 2468 ι
2319 2416 2374 2470 in
2425 2431 2532 2484 quo
2576 2430 2703 2486 ergo
2742 2417 2993 2484 baptizati
3040 2418 3213 2473 estis?
3248 2437 3266 2471 ι
3313 2420 3358 2475 si

1798 2524 1990 2577 nempe
2021 2508 2075 2562 in
2107 2507 2305 2577 Spiritu
2345 2518 2531 2561 sancto
2566 2521 2667 2560 non
2724 2511 2855 2562 estis
2898 2509 3187 2577 baptizati;
3224 2506 3357 2567 Uni-7

1798 2600 2008 2671 genitus
2064 2614 2191 2653 vero
2236 2599 2422 2653 Deus:
2459 2616 2477 2649 ι
2522 2598 2748 2666 Expedit
2802 2599 2913 2669 (92)
2952 2601 3120 2667 vobis,
3156 2610 3213 2655 nt
3260 2616 3356 2673 ego

1797 2694 1984 2747 abeam
2015 2710 2029 2747 :
2061 2694 2104 2746 si
2133 2692 2273 2744 enim
2296 2703 2394 2759 ego
2423 2704 2526 2743 non
2553 2689 2752 2753 abiero,
2781 2690 2866 2744 ille
2895 2705 2998 2745 non
3028 2692 3207 2755 venit,
3239 2692 3347 2759 Spi-

1797 2785 1934 2839 ritus
1974 2800 1994 2834 ι
2037 2781 2237 2836 scilicet
2260 2799 2279 2831 ‹
2320 2780 2686 2851 veritatis,qui
2716 2796 2744 2833 a
2774 2780 2929 2837 Patre
2946 2783 3210 2852 procedit;
3234 2794 3355 2840 ιειι

1803 2891 1822 2924 ι
1860 2873 1966 2927 Vos
1995 2885 2122 2924 vero
2157 2868 2269 2939 (95)
2300 2869 2574 2937 accipietis
2608 2870 2894 2934 virtutem,
2936 2872 3133 2941 Spiritu
3174 2884 3355 2928 sancto

1796 2964 2214 3033 superveniente
2259 2960 2310 3016 in
2360 2975 2493 3022 vos;
2525 2979 2543 3011 ›
2582 2961 2646 3015 Ει
2672 2961 2812 3016 Deus
2849 2962 3007 3017 Pater
3041 2965 3091 3017 in
3121 2966 3313 3033 Aggaeo
3336 2981 3355 3019 :

1801 3074 1820 3107 ι
1854 3053 2142 3109 Vobiscum
2188 3048 2300 3120 (94)
2328 3064 2426 3119 ego
2466 3065 2619 3112 sum,
2671 3049 2800 3104 dicit
2826 3050 3079 3106 Dominus
3114 3053 3355 3122 omnipo-

156 3152 269 3220 σμὸς
290 3118 689 3223 φάίνηταιίδιά
717 3152 869 3205 ποίου
907 3151 1062 3221 ἁγίου
1092 3118 1445 3223 κεκήρυκται.
1474 3118 1609 3224 Περὶ
1634 3154 1684 3207 δὲ

1792 3155 1959 3200 tens:
2000 3153 2055 3199 et
2085 3118 2317 3213 Spiritus
2355 3118 2505 3196 meus
2535 3142 2684 3197 stetit
2709 3143 2762 3196 in
2820 3144 2994 3197 medio
3034 3118 3287 3198 vestrum:
3328 3162 3349 3207 ν

154 3244 226 3295 τοῦ
264 3244 397 3296 κατὰ
444 3244 540 3297 τὸν
590 3244 817 3314 Βαλαὰμ
865 3245 1096 3313 ἀγγέλου
1133 3245 1383 3298 τοσοῦτον
1436 3245 1689 3316 ἐροῦμεν,

152 3333 319 3395 ὠςούκ
348 3335 459 3404 ἔχει
491 3334 561 3387 τὰ
592 3336 710 3388 κατ’
735 3337 896 3389 αὑτὸν
926 3336 1035 3389 τῶν
1066 3338 1195 3407 περὶ
1224 3336 1317 3391 τοῦ
1354 3336 1499 3389 θείου
1531 3337 1694 3392 Πνεύ-

157 3425 376 3495 ματος,ἢ
416 3425 515 3477 τοῦ
562 3426 696 3478 Υἱοῦ
736 3426 887 3497 παρὰ
934 3426 1146 3480 Παύλου
1181 3428 1274 3480 καὶ
1316 3429 1561 3483 Ἰωάννου
1592 3446 1693 3481 κυ-

156 3516 262 3582 ρίως
299 3516 666 3587 πεφασμένων
722 3519 938 3572 ἐοικότα
989 3520 1163 3589 λόγον.
1200 3522 1259 3574 Ὀ
1307 3521 1415 3592 γὰρ
1466 3521 1694 3589 ἄγγελος

154 3607 483 3673 ἀποσταλεὶς,
536 3609 683 3680 άπερ
729 3612 757 3663 6
808 3610 939 3674 Θεὸς
989 3612 1253 3683 ὑπέσχετο
1300 3613 1393 3666 ἐπὶ
1451 3613 1692 3682 μέλλοντι

152 3698 297 3768 χρόνῳ
333 3700 597 3771 δηλώσειν
623 3700 701 3771 τῷ
741 3702 988 3774 Βαλαὰμ,
1030 3703 1331 3774 διήγγειλεν
1389 3705 1488 3757 οὐκ
1532 3704 1693 3768 αὐτὸς

153 3784 197 3835 δὲ
234 3782 359 3840 εἶναι
391 3789 594 3860 ἐνοήθη
631 3791 658 3843 6
691 3789 839 3854 Θεὸς,
889 3792 1031 3845 καθὰ
1061 3795 1089 3846 6
1118 3793 1246 3856 Υἱὸς
1279 3796 1373 3847 καὶ
1427 3793 1488 3847 τὸ
1535 3795 1689 3863 ἅγιον

154 3875 345 3948 Πνεῦμα
378 3880 684 3951 ἐνοήθησαν
730 3878 867 3934 εἶναι
912 3883 960 3934 οἱ
1000 3881 1352 3953 λελαληκότες
1389 3883 1457 3935 τά
1503 3882 1693 3936 ἐνταλ-

153 3967 285 4022 θέντα
328 3970 402 4041 τῷ
436 3971 640 4042 Ἡσαΐᾳ
691 3972 840 4044 παρὰ
888 3972 983 4026 τοῦ
1036 3974 1399 4045 καθεζομένου
1451 3976 1543 4029 ἐπὶ
1595 3975 1691 4028 τοῦ

152 4058 303 4114 θεῖκοῦ
354 4062 573 4133 θρόνου,
613 4063 707 4116 καὶ
740 4064 796 4117 ἐν
829 4065 968 4134 φωτὶ
1017 4066 1207 4137 ἀφάτῳ
1252 4067 1346 4119 καὶ
1386 4066 1513 4139 δόξῃ
1547 4067 1692 4119 ἀνει-

151 4152 305 4224 κάετῳ
333 4155 696 4225 ὑπάρχοντος.
744 4156 1034 4210 Κάνταῦθα
1066 4157 1266 4221 τοίνυν,
1309 4158 1384 4221 ὡς
1433 4157 1504 4211 τὰ
1534 4159 1692 4229 ἡμῶν

154 4246 233 4314 μὲν
266 4247 458 4315 φαῦλα,
490 4247 624 4319 [115
650 4246 703 4319 b]
728 4248 797 4300 τά
821 4248 877 4301 δὲ
902 4249 1080 4302 αὐτῶν
1102 4249 1295 4320 σεμνά,
1324 4252 1419 4303 καὶ
1453 4251 1695 4314 πλείονος

154 4339 354 4410 σπουδῆς
377 4341 472 4393 καὶ
498 4340 736 4404 πίστεως
767 4341 891 4407 ἄξια
920 4341 1211 4412 πειρῶνται
1238 4342 1530 4396 δεικνύναι.
1556 4345 1694 4414 Συμο

1792 3236 1925 3291 Cum
1973 3235 2107 3300 haec,
2140 3234 2388 3302 inquam,
2419 3234 2584 3288 divini
2627 3234 2917 3302 scriptores
2954 3234 3174 3300 dicunt,
3203 3236 3353 3305 quid-

1794 3342 1914 3380 nam
1949 3326 2090 3379 aliud
2126 3326 2240 3380 illos
2273 3326 2504 3380 voluisse
2549 3326 2882 3396 inquiemus,
2916 3326 3053 3391 nisi,
3089 3327 3211 3381 dum
3244 3328 3352 3382 hate

1796 3418 2149 3482 tradiderunt,
2182 3417 2417 3471 divinam
2446 3416 2676 3485 Spiritus
2705 3417 2875 3472 sancti
2903 3427 3146 3471 naturam
3168 3456 3184 3481 ,
3214 3418 3351 3487 ejus-

1792 3511 2021 3578 demque
2048 3508 2282 3578 Spiritus
2306 3510 2869 3576 communicationem,
2901 3520 2958 3565 et
2989 3510 3353 3567 sanctiﬁcandi

1792 3614 1898 3666 vim
1924 3654 1937 3678 ,
1971 3621 2025 3666 et
2060 3611 2379 3665 creatricem
2422 3611 2712 3680 potentiam
2734 3627 2897 3681 ,‘qnaa
2927 3621 3088 3665 vitam
3118 3621 3351 3665 nostram

1794 3701 2049 3757 emundat
2079 3701 2213 3772 (95),
2244 3716 2308 3755 ac
2338 3702 2500 3754 veluti
2529 3701 2812 3764 illuminat,
2840 3712 2999 3770 atque
3027 3702 3077 3754 in
3107 3701 3351 3756 omnibus

1793 3796 2102 3864 opitulatur,
2146 3793 2525 3848 celebrarunt?
2569 3792 2704 3847 Cum
2745 3810 2873 3848 vero
2902 3809 3087 3848 rursus
3116 3793 3190 3846 ait
3215 3792 3351 3847 Deus

1794 3886 1953 3942 Pater
1987 3904 2000 3940 :
2049 3904 2069 3938 ι
2112 3886 2221 3951 ναξ,
2253 3884 2344 3938 filii
2377 3883 2486 3955 (96)
2521 3886 2534 3938 l
2567 3884 2845 3940 consilium
2876 3883 3099 3948 fecistis,
3128 3897 3233 3936 non
3260 3896 3350 3952 pel

1796 3992 1914 4045 me,
1947 3987 2001 4033 et
2048 3978 2448 4043 conventiones,
2494 3991 2599 4030 non
2654 3990 2749 4045 per
2788 3974 3040 4043 Spiritum
3090 3989 3286 4037 meum,
3329 3991 3348 4024 ι

1795 4079 1972 4119 nonne
2003 4065 2325 4121 Arianorum
2353 4105 2369 4131 ,
2404 4074 2458 4118 et
2498 4063 2948 4118 Eunomianornm
2974 4102 2989 4129 ,
3023 4073 3077 4117 et
3114 4062 3349 4117 Macedo-

1797 4156 2076 4211 nianorum
2131 4156 2403 4209 miseriam
2446 4166 2609 4224 atque
2645 4154 3043 4215 infelicitatem,
3075 4154 3143 4208 ob
3166 4166 3350 4206 eorum

1796 4248 2064 4312 haeresim,
2095 4247 2475 4303 convenienter
2498 4256 2728 4317 apteque
2751 4245 3056 4316 redarguit?
3083 4245 3161 4297 Ad
3192 4245 3303 4299 haec
3336 4261 3352 4298 :

1797 4342 1915 4396 ideo
1959 4339 2217 4409 scriptum
2259 4355 2377 4394 esse
2415 4338 2676 4401 dicimus,
2727 4357 2745 4390 ‹
2777 4336 2900 4391 llaec
2949 4338 3083 4390 dixit
3108 4335 3295 4397 Isaias,
3328 4350 3351 4385 ι

155 4430 312 4497 μιγίαν
346 4432 469 4485 τινὰ
511 4432 607 4484 καὶ
647 4432 960 4503 συμφωνίαν
1001 4432 1095 4485 τοῦ
1135 4431 1278 4485 θείου
1308 4432 1445 4504 πρὸς
1478 4432 1545 4485 τὰ
1580 4433 1684 4485 κτί-

1796 4441 1889 4497 et,
1935 4449 1954 4484 ι
2004 4430 2159 4486 Sicut
2216 4430 2381 4486 David
2414 4430 2574 4495 dicit,
2617 4447 2637 4482 ι
2691 4438 2748 4482 ιιι
2782 4437 3067 4498 appareat.
3098 4426 3218 4496 quis
3268 4423 3356 4479 ιιιθ

154 4538 304 4591 σματα
349 4523 707 4593 ἐργάζονται,
756 4526 850 4577 καὶ
890 4523 1435 4592 συγκαταϐάλλουσιν,
1482 4524 1557 4585 ὡς
1589 4525 1684 4578 οὐκ

1795 4530 2012 4579 sanctus
2068 4523 2171 4588 sit,
2230 4535 2327 4588 per
2387 4535 2544 4589 quem
2596 4518 2833 4573 divinum
2896 4516 3167 4572 oraculum
3220 4529 3355 4584 prat-

154 4611 305 4679 ίτασι,
349 4619 475 4680 ταῖς
533 4616 741 4679 θεῖκαῖς
795 4615 1094 4688 ύπολήψεσι
1128 4615 1222 4669 τοῦ
1277 4618 1367 4669 ἀεὶ
1416 4615 1684 4680 ὡσαύτως

1795 4616 2030 4671 dicatum
2054 4623 2158 4671 est.
2191 4612 2354 4685 245
2393 4614 2543 4679 Quod
2572 4628 2698 4668 vero
2728 4612 2794 4667 ad
2831 4611 3077 4681 angelum
3118 4619 3351 4680 spectat,

1792 4798 1879 4844 clo
1907 4787 2316 4858 superveniente
2360 4786 2412 4840 in
2451 4800 2583 4858 vos;
2626 4803 2645 4835 ι
2688 4798 2791 4838 non
2826 4797 2953 4837 vero
2988 4804 2999 4837 :
3030 4801 3055 4858 ι
3098 4796 3352 4858 superve-

1788 4851 1986 4913 nientis
2025 4857 2255 4926 Spiritus
2293 4856 2461 4910 sancti
2495 4856 2546 4910 in
2589 4869 2702 4919 vos,
2742 4872 2761 4904 ι
2804 4851 3350 4926 przeseftimcumuin

1789 4929 1998 4997 Didymi
2053 4921 2187 4981 libro
2226 4927 2304 4981 De
2333 4926 2535 4997 Spiritu
2568 4932 2747 4997 sancto
2789 4939 2941 4979 num.
2972 4922 3032 4981 6.
3079 4921 3166 4975 ιιΙιὶ
3214 4921 3345 4997 editi

1794 4992 1915 5052 libri
1948 4998 2143 5051 habent
2198 5016 2217 5047 ι
2259 4992 2683 5064 supervenientis
2708 5033 2723 5064 ,
2762 5011 2780 5046 ι
2816 5003 2896 5064 ει,
2924 4992 3350 5064 οξιειόκοοᾳει

1790 5083 1891 5121 ms.
1933 5067 2270 5121 bibliotheca:
2315 5059 2510 5119 nostra:
2550 5064 2606 5117 S.
2640 5062 2931 5116 Salvatoris
2970 5060 3220 5117 Bononia:
3258 5059 3351 5115 ba-

1792 5139 1915 5193 beat
1949 5154 1961 5190 :
2003 5155 2021 5187 ‹
2059 5135 2467 5203 superveniente
2495 5135 2543 5186 in
2569 5148 2661 5186 vos
2683 5131 2883 5203 Spiritu
2914 5143 3121 5187 sancto.
3165 5150 3184 5181 ι

214 5210 309 5278 (90)
340 5202 616 5275 Spiritum.
653 5209 795 5265 Psal.
820 5227 873 5274 ι,
905 5210 972 5263 12
1002 5225 1117 5279 (seu
1155 5209 1265 5278 1'5).

1857 5208 1964 5279 (ιιι)
2010 5202 2297 5279 ιξρὺίεειιηι.
2336 5206 2466 5279 ᾼεε.
2510 5219 2580 5264 It,
2607 5202 2725 5279 5‘et
2753 5202 2803 5255 6.

217 5270 311 5346 (91)
345 5270 397 5334 Si
438 5282 713 5347 Spiritum.
746 5270 867 5335 Act.
903 5270 1018 5345 XIX,‘
1042 5281 1078 5333 2
1111 5290 1164 5332 et
1196 5270 1250 5334 3.

1860 5270 1972 5348 (95')
2013 5274 2297 5328 Emundat.
2330 5270 2525 5333 codex,
2564 5271 2933 5344 καθαίρουσιν.
2958 5272 3101 5343 Lego
3116 5270 3349 5345 ςκαθαί-

216 5349 591 5423 (θέλγῌπρεάίι.
637 5350 795 5423 Joan_.
843 5366 969 5423 xvi,
1001 5350 1050 5403 7.
1095 5348 1263 5423 Biblia
1314 5362 1408 5417 pro
1434 5349 1679 5423 ἐκεῖνος,

1792 5363 2060 5423 ρ⁰99ἓιῗ¹·..
2170 5413 2313 5423 -....
2595 5413 2610 5423 .
2681 5412 2715 5423 ..
2847 5412 2917 5423 ._
3027 5410 3057 5423 ..

166 5413 206 5468 id
224 5409 438 5491 est'ille.‘
464 5423 661 5474 habent
687 5423 714 5473 6
748 5409 1118 5491 Παράκλητος,
1174 5419 1225 5471 id
1261 5409 1341 5491 est
1375 5409 1680 5491 «Paracle;
1791 5409 1805 5421 ’
1863 5414 2129 5491 (96)-νιε,
2155 5414 2275 5491 ﬁlii.
2296 5413 2558 5491 ls_a._xx_x_,
2589 5413 2641 5465 l.
2674 5410 3141 5491 gomplut;e_di_tio
3172 5409 3347 5491 εβύάὶ

169 5494 251 5539 tus.
278 5506 294 5537 ›
329 5490 499 5543 Verba
537 5506 661 5545 vero
694 5492 779 5543 illa
812 5482 846 5543 ε’
877 5510 893 5540 ι
950 5482 1184 5558 spiritus
1210 5488 1470 5549 veritatis,
1501 5490 1616 5557 qui,
1656 5508 1678 5542 ι

1792 5482 2294 5558 τεκναάποστάται.
2327 5484 2655 5558 Τάδελέγει,
2674 5483 2892 5558 Κύριοςο
2922 5482 3346 5558 Καὶ-ἐποιήσατε

167 5568 272 5627 θεοῖ,
306 5575 402 5627 lion
444 5561 603 5616 habet
632 5559 909 5625 Scriptura
940 5551 1041 5615 hdc
1068 5562 1121 5612 in
1144 5559 1284 5621 loco,
1316 5559 1406 5611 sed
1430 5551 1573 5611 alibi.
1603 5551 1609 5553 ⁷

1798 5556 2014 5627 βουλὴν,
2045 5555 2105 5609 ού
2141 5555 2207 5607 δι’
2230 5554 2381 5627 ἐμοῦέ
2410 5555 2515 5627 καὶΔ
2534 5551 2834 5627 συνθήκην,
2863 5570 2916 5605 κ.
2955 5568 3004 5605 τ.
3035 5551 3084 5603 λ.
3114 5551 3347 5627 Franco-

226 5625 318 5691 t93)
358 5626 453 5682 Vos
498 5647 639 5685 vero.
685 5619 805 5684 Act.
842 5647 890 5693 t,
938 5632 990 5683 8.
1061 5619 1425 5683 Passioneiani
1479 5628 1680 5683 codicis

226 5706 361 5748 nntor
407 5710 527 5748 post
561 5715 745 5748 vocem
786 5700 1011 5748 δύναμιν
1075 5697 1514 5748 internunctionis
1584 5714 1680 5748 no-

1792 5619 2043 5680 l’urtensis
2106 5642 2197 5694 pro
2234 5619 2327 5678 καὶ
2370 5624 2659 5748 smnio-ara
2688 5619 2874 5676 'liabet
2915 5630 3117 5673 tantum
3156 5619 3342 5690 ἐποιή-

1792 5713 1931 5748 σατε·
1981 5705 2034 5748 et
2070 5710 2165 5748 ιιι-ο
2190 5695 2461 5748 συνθήκην
2549 5696 2673 5748 abet
2720 5692 3019 5748 συνθήκας,
3073 5700 3129 5744 ιιι
3181 5690 3340 5748 Didy-

171 5690 361 5771 scriptor
407 5710 527 5765 post
561 5715 745 5756 vocem
786 5690 1011 5771 δύναμιν
1075 5697 1514 5771 interpunctionis
1584 5714 1680 5752 uo-

1792 5713 1931 5749 πατε·
1981 5705 2034 5752 et
2070 5690 2165 5766 pro
2190 5695 2461 5769 συνθήκην
2510 5690 2673 5750 habet
2720 5692 3019 5761 συνθήκας,
3073 5700 3129 5744 ιιι
3181 5690 3340 5760 Didy-

178 5772 262 5817 taui
289 5766 368 5822 hic
402 5774 645 5840 apposuit
677 5788 692 5826 :
735 5766 1227 5840 itaque’transtulii
1268 5786 1287 5821 ι
1325 5767 1526 5837 Spiritu
1551 5781 1677 5823 san-
1782 5781 1921 5823 mus.

206 4792 301 4863 (88)
332 4791 425 4845 Est
450 4797 586 4848 hac.
619 4792 819 4855 Codex,
851 4791 1030 4863 έχεται
1052 4786 1144 4844 οὖν
1178 4789 1235 4846 ἓν
1264 4790 1439 4845 τοῦτο.
1481 4790 1684 4861 Legen-

155 4862 255 4933 dqu
281 4861 508 4918 fortasse
537 4864 688 4933 ἔχετε
722 4878 819 4933 pro
858 4861 1057 4933 ἔχεται.

204 4880 255 4913 ιιιι
281 4880 508 4918 tortasse
537 4880 688 4933 εχετε
722 4880 819 4931 pro
858 4880 883 4913 ε
921 4880 1057 4914 εται.

204 4930 299 5000 (89)
340 4933 417 4986 De
454 4931 840 5002 divinitatealn
871 4880 1060 5002 (graeco
1082 4971 1097 4994 ,
1144 4929 1270 5002 περὶ
1302 4929 1395 5002 τοῦ
1440 4928 1684 5001 κρείττο-

156 5018 243 5064 νος.
274 4998 444 5055 Simili
481 5004 640 5057 modo
668 5018 696 5055 a
725 5001 996 5055 Clemente
1036 5000 1088 5053 in
1118 4998 1308 5069 quinto
1338 4998 1687 5065 Stromntum,

160 5076 213 5121 ah
240 5074 526 5126 Athanasio
562 5083 668 5125 tom
700 5071 752 5134 ι,
789 5087 910 5140 pag.
942 5069 1067 5136 515,
1101 5080 1156 5125 et
1184 5072 1249 5125 ab
1281 5070 1402 5123 aliis
1424 5069 1563 5123 Deus
1593 5084 1687 5121 vo-

160 5144 335 5213 catur6
352 5144 417 5213 NK
428 5144 674 5213 ρεὶττωνἒ
