  <div class='ocr_page' id='page_1' title='image "/cluster/home/n/w/nwhite01/storage/ocr_20150623/39/hvd.32044019207778/339.png"; bbox 0 0 3676 6306; ppageno 0'>
   <div class='ocr_carea' id='block_1_1' title="bbox 289 265 399 323">
    <p class='ocr_par' dir='ltr' id='par_1_1' title="bbox 289 265 399 323">
     <span class='ocr_line' id='line_1_1' title="bbox 289 265 399 323; baseline -0.009 0"><span class='ocrx_word' id='word_1_1' title='bbox 289 265 399 323; x_wconf 74' lang='lat'><strong>665</strong></span> 
     </span>
    </p>
   </div>
   <div class='ocr_carea' id='block_1_2' title="bbox 1564 262 2307 320">
    <p class='ocr_par' dir='ltr' id='par_1_2' title="bbox 1564 262 2307 320">
     <span class='ocr_line' id='line_1_2' title="bbox 1564 262 2307 320; baseline 0.004 -3"><span class='ocrx_word' id='word_1_2' title='bbox 1564 262 1797 320; x_wconf 85' lang='lat' dir='ltr'><strong>DIDYMI</strong></span> <span class='ocrx_word' id='word_1_3' title='bbox 1836 263 2307 320; x_wconf 76' lang='lat' dir='ltr'><strong>ALEXANDRINI</strong></span> 
     </span>
    </p>
   </div>
   <div class='ocr_carea' id='block_1_3' title="bbox 3429 257 3531 321">
    <p class='ocr_par' dir='ltr' id='par_1_3' title="bbox 3429 257 3531 321">
     <span class='ocr_line' id='line_1_3' title="bbox 3429 257 3531 321; baseline -0.02 -2"><span class='ocrx_word' id='word_1_4' title='bbox 3429 257 3531 321; x_wconf 69' lang='grc' dir='ltr'><strong>ιι.</strong></span> 
     </span>
    </p>
   </div>
   <div class='ocr_carea' id='block_1_4' title="bbox 297 380 1749 456">
    <p class='ocr_par' dir='ltr' id='par_1_4' title="bbox 297 380 1749 456">
     <span class='ocr_line' id='line_1_4' title="bbox 297 380 1749 456; baseline -0.003 -18"><span class='ocrx_word' id='word_1_5' title='bbox 297 386 387 456; x_wconf 88' lang='lat' dir='ltr'><strong>qui</strong></span> <span class='ocrx_word' id='word_1_6' title='bbox 417 382 722 437; x_wconf 78' lang='lat' dir='ltr'><strong>Balaamum</strong></span> <span class='ocrx_word' id='word_1_7' title='bbox 760 380 1023 435; x_wconf 76' lang='lat' dir='ltr'><strong>allocutus</strong></span> <span class='ocrx_word' id='word_1_8' title='bbox 1057 389 1161 447; x_wconf 91' lang='lat' dir='ltr'><strong>est,</strong></span> <span class='ocrx_word' id='word_1_9' title='bbox 1207 381 1615 450; x_wconf 77' lang='lat' dir='ltr'><strong>reSpoudemus,</strong></span> <span class='ocrx_word' id='word_1_10' title='bbox 1662 396 1749 450; x_wconf 78' lang='lat' dir='ltr'><strong>qu:</strong></span> 
     </span>
    </p>
   </div>
   <div class='ocr_carea' id='block_1_5' title="bbox 2082 380 3534 456">
    <p class='ocr_par' dir='ltr' id='par_1_5' title="bbox 2082 380 3534 455">
     <span class='ocr_line' id='line_1_5' title="bbox 2082 380 3534 455; baseline 0.003 -25"><span class='ocrx_word' id='word_1_11' title='bbox 2082 400 2183 446; x_wconf 75' lang='grc' dir='ltr'>ρτος</span> <span class='ocrx_word' id='word_1_12' title='bbox 2226 383 2362 455; x_wconf 83' lang='grc' dir='ltr'>πρὸς</span> <span class='ocrx_word' id='word_1_13' title='bbox 2407 383 2497 436; x_wconf 79' lang='grc' dir='ltr'>τὸν</span> <span class='ocrx_word' id='word_1_14' title='bbox 2552 384 2682 436; x_wconf 84' lang='grc' dir='ltr'>Θεὸν</span> <span class='ocrx_word' id='word_1_15' title='bbox 2720 383 2941 454; x_wconf 79' lang='grc' dir='ltr'>Πατέρα</span> <span class='ocrx_word' id='word_1_16' title='bbox 2997 383 3151 451; x_wconf 80' lang='grc' dir='ltr'>ἁγίου</span> <span class='ocrx_word' id='word_1_17' title='bbox 3194 380 3534 452; x_wconf 75' lang='grc' dir='ltr'>Πνεύματος,</span> 
     </span>
    </p>
   </div>
   <div class='ocr_carea' id='block_1_6' title="bbox 298 470 1867 538">
    <p class='ocr_par' dir='ltr' id='par_1_6' title="bbox 298 470 1867 538">
     <span class='ocr_line' id='line_1_6' title="bbox 298 470 1867 538; baseline -0.001 -11"><span class='ocrx_word' id='word_1_18' title='bbox 298 474 387 527; x_wconf 92' lang='lat' dir='ltr'><strong>illo</strong></span> <span class='ocrx_word' id='word_1_19' title='bbox 418 473 689 537; x_wconf 90' lang='lat' dir='ltr'><strong>dicuntur,</strong></span> <span class='ocrx_word' id='word_1_20' title='bbox 742 470 808 524; x_wconf 88' lang='lat' dir='ltr'><strong>iis</strong></span> <span class='ocrx_word' id='word_1_21' title='bbox 852 471 1047 524; x_wconf 84' lang='lat' dir='ltr'><strong>similia</strong></span> <span class='ocrx_word' id='word_1_22' title='bbox 1086 486 1191 524; x_wconf 94' lang='lat' dir='ltr'><strong>non</strong></span> <span class='ocrx_word' id='word_1_23' title='bbox 1236 484 1376 532; x_wconf 86' lang='lat' dir='ltr'><strong>esse,</strong></span> <span class='ocrx_word' id='word_1_24' title='bbox 1415 485 1533 538; x_wconf 76' lang='lat' dir='ltr'><strong>quae</strong></span> <span class='ocrx_word' id='word_1_25' title='bbox 1579 471 1643 522; x_wconf 87' lang='lat' dir='ltr'><strong>de</strong></span> <span class='ocrx_word' id='word_1_26' title='bbox 1686 471 1867 526; x_wconf 91' lang='lat' dir='ltr'><strong>divino</strong></span> 
     </span>
    </p>
   </div>
   <div class='ocr_carea' id='block_1_7' title="bbox 295 559 1867 633">
    <p class='ocr_par' dir='ltr' id='par_1_7' title="bbox 295 559 1867 633">
     <span class='ocr_line' id='line_1_7' title="bbox 295 559 1867 633; baseline -0.003 -14"><span class='ocrx_word' id='word_1_27' title='bbox 295 564 520 633; x_wconf 88' lang='lat' dir='ltr'><strong>Spiritu,</strong></span> <span class='ocrx_word' id='word_1_28' title='bbox 553 572 643 614; x_wconf 90' lang='lat' dir='ltr'><strong>ant</strong></span> <span class='ocrx_word' id='word_1_29' title='bbox 671 564 735 615; x_wconf 89' lang='lat' dir='ltr'><strong>de</strong></span> <span class='ocrx_word' id='word_1_30' title='bbox 775 560 908 614; x_wconf 85' lang='lat' dir='ltr'><strong>Filio</strong></span> <span class='ocrx_word' id='word_1_31' title='bbox 937 576 965 613; x_wconf 89' lang='lat' dir='ltr'><strong>a</strong></span> <span class='ocrx_word' id='word_1_32' title='bbox 1010 560 1175 615; x_wconf 90' lang='lat' dir='ltr'><strong>Paulo</strong></span> <span class='ocrx_word' id='word_1_33' title='bbox 1216 571 1269 613; x_wconf 90' lang='lat' dir='ltr'><strong>et</strong></span> <span class='ocrx_word' id='word_1_34' title='bbox 1302 559 1506 612; x_wconf 87' lang='lat' dir='ltr'><strong>Joanne</strong></span> <span class='ocrx_word' id='word_1_35' title='bbox 1542 560 1757 627; x_wconf 84' lang='lat' dir='ltr'><strong>proprie</strong></span> <span class='ocrx_word' id='word_1_36' title='bbox 1784 562 1867 616; x_wconf 90' lang='lat' dir='ltr'><strong>di-</strong></span> 
     </span>
    </p>
   </div>
   <div class='ocr_carea' id='block_1_8' title="bbox 293 650 1862 719">
    <p class='ocr_par' dir='ltr' id='par_1_8' title="bbox 293 650 1862 719">
     <span class='ocr_line' id='line_1_8' title="bbox 293 650 1862 719; baseline -0.001 -10"><span class='ocrx_word' id='word_1_37' title='bbox 293 667 378 709; x_wconf 89' lang='lat' dir='ltr'><strong>cta</strong></span> <span class='ocrx_word' id='word_1_38' title='bbox 407 665 550 717; x_wconf 83' lang='lat' dir='ltr'><strong>sunt,</strong></span> <span class='ocrx_word' id='word_1_39' title='bbox 583 654 673 707; x_wconf 88' lang='lat' dir='ltr'><strong>sed</strong></span> <span class='ocrx_word' id='word_1_40' title='bbox 708 666 830 707; x_wconf 89' lang='lat' dir='ltr'><strong>esse</strong></span> <span class='ocrx_word' id='word_1_41' title='bbox 861 652 1083 706; x_wconf 78' lang='lat' dir='ltr'><strong>diversae</strong></span> <span class='ocrx_word' id='word_1_42' title='bbox 1132 652 1381 704; x_wconf 83' lang='lat' dir='ltr'><strong>rationis.</strong></span> <span class='ocrx_word' id='word_1_43' title='bbox 1433 650 1668 719; x_wconf 80' lang='lat' dir='ltr'><strong>Angelus</strong></span> <span class='ocrx_word' id='word_1_44' title='bbox 1716 653 1862 708; x_wconf 91' lang='lat' dir='ltr'><strong>enim</strong></span> 
     </span>
    </p>
   </div>
   <div class='ocr_carea' id='block_1_9' title="bbox 294 740 1865 811">
    <p class='ocr_par' dir='ltr' id='par_1_9' title="bbox 294 740 1865 811">
     <span class='ocr_line' id='line_1_9' title="bbox 294 740 1865 811; baseline -0.001 -14"><span class='ocrx_word' id='word_1_45' title='bbox 294 744 401 805; x_wconf 91' lang='lat' dir='ltr'><strong>ille,</strong></span> <span class='ocrx_word' id='word_1_46' title='bbox 434 746 525 811; x_wconf 86' lang='lat' dir='ltr'><strong>qui</strong></span> <span class='ocrx_word' id='word_1_47' title='bbox 570 752 696 795; x_wconf 90' lang='lat' dir='ltr'><strong>tunc</strong></span> <span class='ocrx_word' id='word_1_48' title='bbox 746 742 942 794; x_wconf 84' lang='lat' dir='ltr'><strong>missus</strong></span> <span class='ocrx_word' id='word_1_49' title='bbox 997 740 1118 808; x_wconf 88' lang='lat' dir='ltr'><strong>fuit,</strong></span> <span class='ocrx_word' id='word_1_50' title='bbox 1164 756 1227 793; x_wconf 89' lang='lat' dir='ltr'><strong>ea</strong></span> <span class='ocrx_word' id='word_1_51' title='bbox 1278 743 1544 795; x_wconf 58' lang='lat' dir='ltr'><strong>nuntiarit</strong></span> <span class='ocrx_word' id='word_1_52' title='bbox 1593 740 1865 807; x_wconf 81' lang='lat' dir='ltr'><strong>Balaamo,</strong></span> 
     </span>
    </p>
   </div>
   <div class='ocr_carea' id='block_1_10' title="bbox 294 832 1869 904">
    <p class='ocr_par' dir='ltr' id='par_1_10' title="bbox 294 832 1869 904">
     <span class='ocr_line' id='line_1_10' title="bbox 294 832 1869 904; baseline 0 -16"><span class='ocrx_word' id='word_1_53' title='bbox 294 850 415 903; x_wconf 63' lang='lat' dir='ltr'><strong>quae</strong></span> <span class='ocrx_word' id='word_1_54' title='bbox 447 834 721 903; x_wconf 90' lang='lat' dir='ltr'><strong>pollicitus</strong></span> <span class='ocrx_word' id='word_1_55' title='bbox 755 842 872 886; x_wconf 86' lang='lat' dir='ltr'><strong>erat</strong></span> <span class='ocrx_word' id='word_1_56' title='bbox 906 832 1045 887; x_wconf 83' lang='lat' dir='ltr'><strong>Deus</strong></span> <span class='ocrx_word' id='word_1_57' title='bbox 1076 847 1136 886; x_wconf 90' lang='lat' dir='ltr'><strong>se</strong></span> <span class='ocrx_word' id='word_1_58' title='bbox 1160 842 1386 886; x_wconf 91' lang='lat' dir='ltr'><strong>venturo</strong></span> <span class='ocrx_word' id='word_1_59' title='bbox 1412 842 1654 904; x_wconf 87' lang='lat' dir='ltr'><strong>tempore</strong></span> <span class='ocrx_word' id='word_1_60' title='bbox 1696 836 1869 890; x_wconf 89' lang='lat' dir='ltr'><strong>mani-</strong></span> 
     </span>
    </p>
   </div>
   <div class='ocr_carea' id='block_1_11' title="bbox 297 925 1866 993">
    <p class='ocr_par' dir='ltr' id='par_1_11' title="bbox 297 925 1866 993">
     <span class='ocr_line' id='line_1_11' title="bbox 297 925 1866 993; baseline 0.003 -15"><span class='ocrx_word' id='word_1_61' title='bbox 297 926 659 979; x_wconf 87' lang='lat' dir='ltr'><strong>festatnrum:</strong></span> <span class='ocrx_word' id='word_1_62' title='bbox 697 939 961 993; x_wconf 89' lang='lat' dir='ltr'><strong>nusquam</strong></span> <span class='ocrx_word' id='word_1_63' title='bbox 1013 939 1143 977; x_wconf 89' lang='lat' dir='ltr'><strong>vero</strong></span> <span class='ocrx_word' id='word_1_64' title='bbox 1196 925 1399 979; x_wconf 85' lang='lat' dir='ltr'><strong>iudicat</strong></span> <span class='ocrx_word' id='word_1_65' title='bbox 1450 943 1605 981; x_wconf 89' lang='lat' dir='ltr'><strong>sacer</strong></span> <span class='ocrx_word' id='word_1_66' title='bbox 1664 938 1866 993; x_wconf 82' lang='lat' dir='ltr'><strong>textus,</strong></span> 
     </span>
    </p>
   </div>
   <div class='ocr_carea' id='block_1_12' title="bbox 295 1016 1869 1086">
    <p class='ocr_par' dir='ltr' id='par_1_12' title="bbox 295 1016 1869 1086">
     <span class='ocr_line' id='line_1_12' title="bbox 295 1016 1869 1086; baseline 0.004 -16"><span class='ocrx_word' id='word_1_67' title='bbox 295 1017 545 1086; x_wconf 80' lang='lat' dir='ltr'><strong>angelum</strong></span> <span class='ocrx_word' id='word_1_68' title='bbox 588 1016 731 1069; x_wconf 88' lang='lat' dir='ltr'><strong>illum</strong></span> <span class='ocrx_word' id='word_1_69' title='bbox 765 1030 885 1071; x_wconf 83' lang='lat' dir='ltr'><strong>esse</strong></span> <span class='ocrx_word' id='word_1_70' title='bbox 919 1016 1089 1083; x_wconf 87' lang='lat' dir='ltr'><strong>ipsum</strong></span> <span class='ocrx_word' id='word_1_71' title='bbox 1144 1017 1329 1073; x_wconf 88' lang='lat' dir='ltr'><strong>Deum.</strong></span> <span class='ocrx_word' id='word_1_72' title='bbox 1386 1018 1556 1072; x_wconf 84' lang='lat' dir='ltr'><strong>Filius</strong></span> <span class='ocrx_word' id='word_1_73' title='bbox 1606 1031 1783 1074; x_wconf 86' lang='lat' dir='ltr'><strong>autem</strong></span> <span class='ocrx_word' id='word_1_74' title='bbox 1838 1036 1869 1076; x_wconf 88' lang='lat' dir='ltr'><strong>e</strong></span> 
     </span>
    </p>
   </div>
   <div class='ocr_carea' id='block_1_13' title="bbox 296 1106 1865 1175">
    <p class='ocr_par' dir='ltr' id='par_1_13' title="bbox 296 1106 1865 1175">
     <span class='ocr_line' id='line_1_13' title="bbox 296 1106 1865 1175; baseline 0.003 -14"><span class='ocrx_word' id='word_1_75' title='bbox 296 1109 592 1169; x_wconf 78' lang='lat' dir='ltr'><strong>contrario,</strong></span> <span class='ocrx_word' id='word_1_76' title='bbox 649 1123 710 1160; x_wconf 85' lang='lat' dir='ltr'><strong>ac</strong></span> <span class='ocrx_word' id='word_1_77' title='bbox 753 1106 991 1175; x_wconf 84' lang='lat' dir='ltr'><strong>Spiritus</strong></span> <span class='ocrx_word' id='word_1_78' title='bbox 1026 1116 1249 1160; x_wconf 85' lang='lat' dir='ltr'><strong>sanctus</strong></span> <span class='ocrx_word' id='word_1_79' title='bbox 1296 1108 1329 1160; x_wconf 90' lang='lat' dir='ltr'><strong>ii</strong></span> <span class='ocrx_word' id='word_1_80' title='bbox 1365 1123 1488 1162; x_wconf 89' lang='lat' dir='ltr'><strong>esse</strong></span> <span class='ocrx_word' id='word_1_81' title='bbox 1534 1112 1790 1164; x_wconf 91' lang='lat' dir='ltr'><strong>dicuntur</strong></span> <span class='ocrx_word' id='word_1_82' title='bbox 1836 1128 1865 1167; x_wconf 88' lang='lat' dir='ltr'><strong>a</strong></span> 
     </span>
    </p>
   </div>
   <div class='ocr_carea' id='block_1_14' title="bbox 300 1198 1869 1267">
    <p class='ocr_par' dir='ltr' id='par_1_14' title="bbox 300 1198 1869 1267">
     <span class='ocr_line' id='line_1_14' title="bbox 300 1198 1869 1267; baseline 0.003 -14"><span class='ocrx_word' id='word_1_83' title='bbox 300 1200 605 1267; x_wconf 81' lang='lat' dir='ltr'><strong>Scriptura,</strong></span> <span class='ocrx_word' id='word_1_84' title='bbox 638 1198 728 1266; x_wconf 84' lang='lat' dir='ltr'><strong>qui</strong></span> <span class='ocrx_word' id='word_1_85' title='bbox 757 1198 1118 1266; x_wconf 81' lang='lat' dir='ltr'><strong>loquebantur</strong></span> <span class='ocrx_word' id='word_1_86' title='bbox 1145 1214 1263 1267; x_wconf 62' lang='lat' dir='ltr'><strong>qua}</strong></span> <span class='ocrx_word' id='word_1_87' title='bbox 1296 1200 1444 1254; x_wconf 68' lang='lat' dir='ltr'><strong>Isaiae</strong></span> <span class='ocrx_word' id='word_1_88' title='bbox 1481 1211 1609 1256; x_wconf 91' lang='lat' dir='ltr'><strong>tunc</strong></span> <span class='ocrx_word' id='word_1_89' title='bbox 1645 1206 1869 1257; x_wconf 88' lang='lat' dir='ltr'><strong>manda-</strong></span> 
     </span>
    </p>
   </div>
   <div class='ocr_carea' id='block_1_15' title="bbox 295 1288 1866 1362">
    <p class='ocr_par' dir='ltr' id='par_1_15' title="bbox 295 1288 1866 1362">
     <span class='ocr_line' id='line_1_15' title="bbox 295 1288 1866 1362; baseline 0.006 -19"><span class='ocrx_word' id='word_1_90' title='bbox 295 1290 373 1343; x_wconf 92' lang='lat' dir='ltr'><strong>vit</strong></span> <span class='ocrx_word' id='word_1_91' title='bbox 407 1289 495 1342; x_wconf 91' lang='lat' dir='ltr'><strong>ille</strong></span> <span class='ocrx_word' id='word_1_92' title='bbox 522 1329 535 1354; x_wconf 96' lang='lat'><strong>,</strong></span> <span class='ocrx_word' id='word_1_93' title='bbox 568 1288 657 1355; x_wconf 89' lang='lat' dir='ltr'><strong>qui</strong></span> <span class='ocrx_word' id='word_1_94' title='bbox 687 1298 740 1342; x_wconf 91' lang='lat' dir='ltr'><strong>et</strong></span> <span class='ocrx_word' id='word_1_95' title='bbox 782 1289 834 1341; x_wconf 91' lang='lat' dir='ltr'><strong>in</strong></span> <span class='ocrx_word' id='word_1_96' title='bbox 869 1289 1051 1343; x_wconf 89' lang='lat' dir='ltr'><strong>divino</strong></span> <span class='ocrx_word' id='word_1_97' title='bbox 1085 1291 1283 1345; x_wconf 83' lang='lat' dir='ltr'><strong>throno</strong></span> <span class='ocrx_word' id='word_1_98' title='bbox 1330 1296 1519 1349; x_wconf 86' lang='lat' dir='ltr'><strong>sedere</strong></span> <span class='ocrx_word' id='word_1_99' title='bbox 1560 1296 1783 1362; x_wconf 91' lang='lat' dir='ltr'><strong>dicitur,</strong></span> <span class='ocrx_word' id='word_1_100' title='bbox 1814 1308 1866 1354; x_wconf 90' lang='lat' dir='ltr'><strong>et</strong></span> 
     </span>
    </p>
   </div>
   <div class='ocr_carea' id='block_1_16' title="bbox 298 1380 1863 1457">
    <p class='ocr_par' dir='ltr' id='par_1_16' title="bbox 298 1380 1863 1457">
     <span class='ocr_line' id='line_1_16' title="bbox 298 1380 1863 1457; baseline 0.006 -23"><span class='ocrx_word' id='word_1_101' title='bbox 298 1380 350 1435; x_wconf 91' lang='lat' dir='ltr'><strong>in</strong></span> <span class='ocrx_word' id='word_1_102' title='bbox 379 1382 500 1435; x_wconf 89' lang='lat' dir='ltr'><strong>luce</strong></span> <span class='ocrx_word' id='word_1_103' title='bbox 530 1380 787 1435; x_wconf 76' lang='lat' dir='ltr'><strong>ineffabili</strong></span> <span class='ocrx_word' id='word_1_104' title='bbox 814 1390 919 1445; x_wconf 89' lang='lat' dir='ltr'><strong>est,</strong></span> <span class='ocrx_word' id='word_1_105' title='bbox 949 1390 1109 1449; x_wconf 81' lang='lat' dir='ltr'><strong>atque</strong></span> <span class='ocrx_word' id='word_1_106' title='bbox 1143 1382 1196 1435; x_wconf 92' lang='lat' dir='ltr'><strong>in</strong></span> <span class='ocrx_word' id='word_1_107' title='bbox 1234 1384 1403 1452; x_wconf 80' lang='lat' dir='ltr'><strong>gloria</strong></span> <span class='ocrx_word' id='word_1_108' title='bbox 1439 1387 1863 1457; x_wconf 88' lang='lat' dir='ltr'><strong>incomparabili.</strong></span> 
     </span>
    </p>
   </div>
   <div class='ocr_carea' id='block_1_17' title="bbox 299 1470 1864 1547">
    <p class='ocr_par' dir='ltr' id='par_1_17' title="bbox 299 1470 1864 1547">
     <span class='ocr_line' id='line_1_17' title="bbox 299 1470 1864 1547; baseline 0.008 -24"><span class='ocrx_word' id='word_1_109' title='bbox 299 1470 404 1524; x_wconf 88' lang='lat' dir='ltr'><strong>Sed</strong></span> <span class='ocrx_word' id='word_1_110' title='bbox 434 1470 519 1525; x_wconf 91' lang='lat' dir='ltr'><strong>hic</strong></span> <span class='ocrx_word' id='word_1_111' title='bbox 560 1486 776 1540; x_wconf 91' lang='lat' dir='ltr'><strong>quoque</strong></span> <span class='ocrx_word' id='word_1_112' title='bbox 817 1486 879 1525; x_wconf 89' lang='lat' dir='ltr'><strong>ea</strong></span> <span class='ocrx_word' id='word_1_113' title='bbox 918 1473 1157 1540; x_wconf 82' lang='lat' dir='ltr'><strong>quidem,</strong></span> <span class='ocrx_word' id='word_1_114' title='bbox 1193 1490 1312 1543; x_wconf 74' lang='lat' dir='ltr'><strong>qua:</strong></span> <span class='ocrx_word' id='word_1_115' title='bbox 1351 1472 1603 1532; x_wconf 84' lang='lat' dir='ltr'><strong>dicuntur</strong></span> <span class='ocrx_word' id='word_1_116' title='bbox 1629 1495 1658 1532; x_wconf 88' lang='lat' dir='ltr'><strong>a</strong></span> <span class='ocrx_word' id='word_1_117' title='bbox 1690 1480 1864 1547; x_wconf 91' lang='lat' dir='ltr'><strong>nobis,</strong></span> 
     </span>
    </p>
   </div>
   <div class='ocr_carea' id='block_1_18' title="bbox 296 1561 1869 1640">
    <p class='ocr_par' dir='ltr' id='par_1_18' title="bbox 296 1561 1869 1640">
     <span class='ocr_line' id='line_1_18' title="bbox 296 1561 1869 1640; baseline 0.006 -24"><span class='ocrx_word' id='word_1_118' title='bbox 296 1561 497 1616; x_wconf 87' lang='lat' dir='ltr'><strong>nullius</strong></span> <span class='ocrx_word' id='word_1_119' title='bbox 543 1575 663 1615; x_wconf 90' lang='lat' dir='ltr'><strong>esse</strong></span> <span class='ocrx_word' id='word_1_120' title='bbox 703 1561 863 1629; x_wconf 85' lang='lat' dir='ltr'><strong>pretii</strong></span> <span class='ocrx_word' id='word_1_121' title='bbox 902 1572 1174 1616; x_wconf 80' lang='lat' dir='ltr'><strong>conantur</strong></span> <span class='ocrx_word' id='word_1_122' title='bbox 1218 1567 1541 1622; x_wconf 84' lang='lat' dir='ltr'><strong>ostendere:</strong></span> <span class='ocrx_word' id='word_1_123' title='bbox 1591 1585 1711 1640; x_wconf 64' lang='lat' dir='ltr'><strong>quae</strong></span> <span class='ocrx_word' id='word_1_124' title='bbox 1740 1584 1869 1625; x_wconf 91' lang='lat' dir='ltr'><strong>vero</strong></span> 
     </span>
    </p>
   </div>
   <div class='ocr_carea' id='block_1_19' title="bbox 298 1654 1867 1724">
    <p class='ocr_par' dir='ltr' id='par_1_19' title="bbox 298 1654 1867 1724">
     <span class='ocr_line' id='line_1_19' title="bbox 298 1654 1867 1724; baseline 0.007 -18"><span class='ocrx_word' id='word_1_125' title='bbox 298 1655 450 1707; x_wconf 89' lang='lat' dir='ltr'><strong>aiunt</strong></span> <span class='ocrx_word' id='word_1_126' title='bbox 496 1654 617 1721; x_wconf 83' lang='lat' dir='ltr'><strong>ipsi,</strong></span> <span class='ocrx_word' id='word_1_127' title='bbox 654 1654 905 1722; x_wconf 81' lang='lat' dir='ltr'><strong>graviora</strong></span> <span class='ocrx_word' id='word_1_128' title='bbox 945 1668 1085 1718; x_wconf 88' lang='lat' dir='ltr'><strong>esse,</strong></span> <span class='ocrx_word' id='word_1_129' title='bbox 1136 1670 1200 1708; x_wconf 85' lang='lat' dir='ltr'><strong>ac</strong></span> <span class='ocrx_word' id='word_1_130' title='bbox 1231 1656 1489 1724; x_wconf 89' lang='lat' dir='ltr'><strong>majorem</strong></span> <span class='ocrx_word' id='word_1_131' title='bbox 1540 1676 1660 1714; x_wconf 79' lang='lat' dir='ltr'><strong>cuin</strong></span> <span class='ocrx_word' id='word_1_132' title='bbox 1702 1663 1867 1716; x_wconf 70' lang='lat' dir='ltr'><strong>animi</strong></span> 
     </span>
    </p>
   </div>
   <div class='ocr_carea' id='block_1_20' title="bbox 1968 456 3537 542">
    <p class='ocr_par' dir='ltr' id='par_1_20' title="bbox 1968 471 3537 542">
     <span class='ocr_line' id='line_1_20' title="bbox 1968 471 3537 542; baseline -0.001 -18"><span class='ocrx_word' id='word_1_133' title='bbox 1968 472 2066 535; x_wconf 84' lang='grc' dir='ltr'>τάς</span> <span class='ocrx_word' id='word_1_134' title='bbox 2097 490 2156 525; x_wconf 89' lang='grc' dir='ltr'><strong>τε</strong></span> <span class='ocrx_word' id='word_1_135' title='bbox 2188 472 2352 526; x_wconf 83' lang='grc' dir='ltr'>αὐτοῦ</span> <span class='ocrx_word' id='word_1_136' title='bbox 2385 471 2477 525; x_wconf 86' lang='grc' dir='ltr'><strong>τοῦ</strong></span> <span class='ocrx_word' id='word_1_137' title='bbox 2514 472 2646 525; x_wconf 85' lang='grc' dir='ltr'>Θεοῦ</span> <span class='ocrx_word' id='word_1_138' title='bbox 2687 472 2899 542; x_wconf 73' lang='grc' dir='ltr'>Πατρός</span> <span class='ocrx_word' id='word_1_139' title='bbox 2945 472 3040 525; x_wconf 87' lang='lat' dir='ltr'><strong>xui.</strong></span> <span class='ocrx_word' id='word_1_140' title='bbox 3082 472 3176 525; x_wconf 89' lang='grc' dir='ltr'><strong>τοῦ</strong></span> <span class='ocrx_word' id='word_1_141' title='bbox 3220 473 3537 541; x_wconf 68' lang='grc' dir='ltr'><strong>μονογενοῦς</strong></span> 
     </span>
    </p>
   </div>
   <div class='ocr_carea' id='block_1_21' title="bbox 1968 563 3539 635">
    <p class='ocr_par' dir='ltr' id='par_1_21' title="bbox 1968 563 3539 635">
     <span class='ocr_line' id='line_1_21' title="bbox 1968 563 3539 635; baseline -0.003 -16"><span class='ocrx_word' id='word_1_142' title='bbox 1968 566 2133 621; x_wconf 78' lang='grc' dir='ltr'>αὑτοῦ</span> <span class='ocrx_word' id='word_1_143' title='bbox 2169 565 2319 629; x_wconf 85' lang='grc' dir='ltr'>Υίοῦ,</span> <span class='ocrx_word' id='word_1_144' title='bbox 2350 565 2445 619; x_wconf 85' lang='lat' dir='ltr'><strong>xui</strong></span> <span class='ocrx_word' id='word_1_145' title='bbox 2489 564 2844 635; x_wconf 78' lang='grc' dir='ltr'><strong>ὑποδηλοῦσιν</strong></span> <span class='ocrx_word' id='word_1_146' title='bbox 2872 563 2964 616; x_wconf 85' lang='grc' dir='ltr'>τὸν</span> <span class='ocrx_word' id='word_1_147' title='bbox 3000 564 3246 626; x_wconf 79' lang='grc' dir='ltr'>Ἡσαΐαν,</span> <span class='ocrx_word' id='word_1_148' title='bbox 3278 563 3423 632; x_wconf 78' lang='grc' dir='ltr'>τάχα</span> <span class='ocrx_word' id='word_1_149' title='bbox 3452 565 3539 615; x_wconf 70' lang='grc' dir='ltr'><strong>ἐπὶ</strong></span> 
     </span>
    </p>
   </div>
   <div class='ocr_carea' id='block_1_22' title="bbox 1968 652 3539 725">
    <p class='ocr_par' dir='ltr' id='par_1_22' title="bbox 1968 652 3539 725">
     <span class='ocr_line' id='line_1_22' title="bbox 1968 652 3539 725; baseline -0.003 -16"><span class='ocrx_word' id='word_1_150' title='bbox 1968 655 2060 709; x_wconf 86' lang='grc' dir='ltr'><strong>τοῦ</strong></span> <span class='ocrx_word' id='word_1_151' title='bbox 2111 655 2361 725; x_wconf 76' lang='grc' dir='ltr'>οὐρανίου</span> <span class='ocrx_word' id='word_1_152' title='bbox 2408 652 2737 707; x_wconf 82' lang='grc' dir='ltr'><strong>καθεσθέντα</strong></span> <span class='ocrx_word' id='word_1_153' title='bbox 2767 653 2979 723; x_wconf 81' lang='grc' dir='ltr'>θρόνου,</span> <span class='ocrx_word' id='word_1_154' title='bbox 3023 654 3116 706; x_wconf 93' lang='lat' dir='ltr'><strong>xui</strong></span> <span class='ocrx_word' id='word_1_155' title='bbox 3163 652 3539 721; x_wconf 74' lang='grc' dir='ltr'>προστάξαντα</span> 
     </span>
    </p>
   </div>
   <div class='ocr_carea' id='block_1_23' title="bbox 1969 746 3539 819">
    <p class='ocr_par' dir='ltr' id='par_1_23' title="bbox 1969 746 3539 819">
     <span class='ocr_line' id='line_1_23' title="bbox 1969 746 3539 819; baseline -0.003 -16"><span class='ocrx_word' id='word_1_156' title='bbox 1969 749 2179 819; x_wconf 82' lang='grc' dir='ltr'>ἐαυτῷ·</span> <span class='ocrx_word' id='word_1_157' title='bbox 2219 768 2237 801; x_wconf 91' lang='lat'><strong>«</strong></span> <span class='ocrx_word' id='word_1_158' title='bbox 2268 747 2568 818; x_wconf 76' lang='grc' dir='ltr'><strong>Πορεύθητι</strong></span> <span class='ocrx_word' id='word_1_159' title='bbox 2599 746 2734 816; x_wconf 81' lang='grc' dir='ltr'>πρὸς</span> <span class='ocrx_word' id='word_1_160' title='bbox 2771 746 2863 799; x_wconf 81' lang='grc' dir='ltr'>τὸν</span> <span class='ocrx_word' id='word_1_161' title='bbox 2896 747 3023 799; x_wconf 82' lang='grc' dir='ltr'>λαὸν</span> <span class='ocrx_word' id='word_1_162' title='bbox 3051 746 3259 805; x_wconf 86' lang='grc' dir='ltr'>τοῦτον,</span> <span class='ocrx_word' id='word_1_163' title='bbox 3288 747 3385 798; x_wconf 87' lang='lat' dir='ltr'><strong>xui</strong></span> <span class='ocrx_word' id='word_1_164' title='bbox 3426 746 3539 798; x_wconf 78' lang='grc' dir='ltr'>εἰπὲ</span> 
     </span>
    </p>
   </div>
   <div class='ocr_carea' id='block_1_24' title="bbox 1969 834 3539 911">
    <p class='ocr_par' dir='ltr' id='par_1_24' title="bbox 1969 834 3539 911">
     <span class='ocr_line' id='line_1_24' title="bbox 1969 834 3539 911; baseline -0.003 -18"><span class='ocrx_word' id='word_1_165' title='bbox 1969 841 2139 911; x_wconf 79' lang='grc' dir='ltr'>αύτῷ,</span> <span class='ocrx_word' id='word_1_166' title='bbox 2170 858 2190 892; x_wconf 75' lang='grc' dir='ltr'><strong>ι</strong></span> <span class='ocrx_word' id='word_1_167' title='bbox 2246 839 2391 909; x_wconf 76' lang='grc' dir='ltr'>ἅπερ</span> <span class='ocrx_word' id='word_1_168' title='bbox 2439 838 2779 909; x_wconf 81' lang='grc' dir='ltr'><strong>προσετάχθη</strong></span> <span class='ocrx_word' id='word_1_169' title='bbox 2827 840 3019 890; x_wconf 85' lang='grc' dir='ltr'>εἰπεῖν.</span> <span class='ocrx_word' id='word_1_170' title='bbox 3057 839 3245 907; x_wconf 80' lang='grc' dir='ltr'>Ἡμεῖς</span> <span class='ocrx_word' id='word_1_171' title='bbox 3302 838 3403 907; x_wconf 83' lang='grc' dir='ltr'>μὲν</span> <span class='ocrx_word' id='word_1_172' title='bbox 3454 834 3539 889; x_wconf 73' lang='grc' dir='ltr'>οὖν</span> 
     </span>
    </p>
   </div>
   <div class='ocr_carea' id='block_1_25' title="bbox 1970 928 3540 999">
    <p class='ocr_par' dir='ltr' id='par_1_25' title="bbox 1970 928 3540 999">
     <span class='ocr_line' id='line_1_25' title="bbox 1970 928 3540 999; baseline -0.002 -16"><span class='ocrx_word' id='word_1_173' title='bbox 1970 929 2230 998; x_wconf 83' lang='grc' dir='ltr'>ἄντικρυς</span> <span class='ocrx_word' id='word_1_174' title='bbox 2270 929 2646 999; x_wconf 78' lang='grc' dir='ltr'>θαυμάζομεν,</span> <span class='ocrx_word' id='word_1_175' title='bbox 2693 930 2740 980; x_wconf 90' lang='grc' dir='ltr'><strong>εί</strong></span> <span class='ocrx_word' id='word_1_176' title='bbox 2802 928 2875 999; x_wconf 77' lang='grc' dir='ltr'>μὴ</span> <span class='ocrx_word' id='word_1_177' title='bbox 2926 929 3027 999; x_wconf 76' lang='grc' dir='ltr'><strong>ήδη</strong></span> <span class='ocrx_word' id='word_1_178' title='bbox 3079 930 3173 981; x_wconf 90' lang='lat' dir='ltr'><strong>xui</strong></span> <span class='ocrx_word' id='word_1_179' title='bbox 3229 929 3389 981; x_wconf 73' lang='grc' dir='ltr'>αὐτοὶ</span> <span class='ocrx_word' id='word_1_180' title='bbox 3445 929 3540 997; x_wconf 72' lang='grc' dir='ltr'>τῆς</span> 
     </span>
    </p>
   </div>
   <div class='ocr_carea' id='block_1_26' title="bbox 1970 1020 3541 1089">
    <p class='ocr_par' dir='ltr' id='par_1_26' title="bbox 1970 1020 3541 1089">
     <span class='ocr_line' id='line_1_26' title="bbox 1970 1020 3541 1089; baseline -0.001 -14"><span class='ocrx_word' id='word_1_181' title='bbox 1970 1022 2199 1084; x_wconf 83' lang='grc' dir='ltr'>ἀτοπίας</span> <span class='ocrx_word' id='word_1_182' title='bbox 2260 1023 2354 1074; x_wconf 96' lang='lat' dir='ltr'><strong>xui</strong></span> <span class='ocrx_word' id='word_1_183' title='bbox 2411 1021 2693 1084; x_wconf 73' lang='grc' dir='ltr'>ἀσθενείας</span> <span class='ocrx_word' id='word_1_184' title='bbox 2758 1021 2865 1073; x_wconf 83' lang='grc' dir='ltr'><strong>τῶν</strong></span> <span class='ocrx_word' id='word_1_185' title='bbox 2914 1020 3130 1074; x_wconf 76' lang='grc' dir='ltr'>οἰκείων</span> <span class='ocrx_word' id='word_1_186' title='bbox 3189 1021 3541 1089; x_wconf 76' lang='grc' dir='ltr'>δοξασμάτων</span> 
     </span>
    </p>
   </div>
   <div class='ocr_carea' id='block_1_27' title="bbox 1972 1111 3541 1184">
    <p class='ocr_par' dir='ltr' id='par_1_27' title="bbox 1972 1111 3541 1184">
     <span class='ocr_line' id='line_1_27' title="bbox 1972 1111 3541 1184; baseline 0.001 -20"><span class='ocrx_word' id='word_1_187' title='bbox 1972 1111 2336 1173; x_wconf 75' lang='grc' dir='ltr'>αἰσθάνονται,</span> <span class='ocrx_word' id='word_1_188' title='bbox 2383 1112 2477 1164; x_wconf 86' lang='lat' dir='ltr'><strong>xui</strong></span> <span class='ocrx_word' id='word_1_189' title='bbox 2505 1112 2580 1176; x_wconf 83' lang='grc' dir='ltr'>ὡς</span> <span class='ocrx_word' id='word_1_190' title='bbox 2618 1112 2814 1180; x_wconf 82' lang='grc' dir='ltr'>γελοῖοί</span> <span class='ocrx_word' id='word_1_191' title='bbox 2844 1114 2970 1175; x_wconf 80' lang='grc' dir='ltr'>εἰσι,</span> <span class='ocrx_word' id='word_1_192' title='bbox 3018 1113 3241 1166; x_wconf 88' lang='grc' dir='ltr'>τοιαῦτα</span> <span class='ocrx_word' id='word_1_193' title='bbox 3289 1114 3419 1184; x_wconf 78' lang='grc' dir='ltr'>περὶ</span> <span class='ocrx_word' id='word_1_194' title='bbox 3452 1114 3541 1166; x_wconf 83' lang='grc' dir='ltr'><strong>τοῦ</strong></span> 
     </span>
    </p>
   </div>
   <div class='ocr_carea' id='block_1_28' title="bbox 1972 1200 3543 1275">
    <p class='ocr_par' dir='ltr' id='par_1_28' title="bbox 1972 1200 3543 1275">
     <span class='ocr_line' id='line_1_28' title="bbox 1972 1200 3543 1275; baseline 0.002 -21"><span class='ocrx_word' id='word_1_195' title='bbox 1972 1200 2107 1254; x_wconf 82' lang='grc' dir='ltr'>Θεοῦ</span> <span class='ocrx_word' id='word_1_196' title='bbox 2156 1201 2545 1272; x_wconf 81' lang='grc' dir='ltr'>διανοούμενοι,</span> <span class='ocrx_word' id='word_1_197' title='bbox 2591 1203 2682 1256; x_wconf 79' lang='lat' dir='ltr'><strong>xui</strong></span> <span class='ocrx_word' id='word_1_198' title='bbox 2735 1202 2803 1255; x_wconf 80' lang='grc' dir='ltr'>τὰ</span> <span class='ocrx_word' id='word_1_199' title='bbox 2866 1204 3011 1274; x_wconf 84' lang='grc' dir='ltr'>σαφῆ</span> <span class='ocrx_word' id='word_1_200' title='bbox 3062 1204 3137 1267; x_wconf 85' lang='grc' dir='ltr'>ὡς</span> <span class='ocrx_word' id='word_1_201' title='bbox 3191 1204 3543 1275; x_wconf 78' lang='grc' dir='ltr'>δυσδιαίτητα</span> 
     </span>
    </p>
   </div>
   <div class='ocr_carea' id='block_1_29' title="bbox 1969 1290 3542 1364">
    <p class='ocr_par' dir='ltr' id='par_1_29' title="bbox 1969 1290 3542 1364">
     <span class='ocr_line' id='line_1_29' title="bbox 1969 1290 3542 1364; baseline 0.004 -23"><span class='ocrx_word' id='word_1_202' title='bbox 1969 1290 2404 1361; x_wconf 77' lang='grc' dir='ltr'>διαστρέφοντες.</span> <span class='ocrx_word' id='word_1_203' title='bbox 2444 1292 2555 1345; x_wconf 76' lang='grc' dir='ltr'><strong>Καὶ</strong></span> <span class='ocrx_word' id='word_1_204' title='bbox 2600 1292 2821 1362; x_wconf 78' lang='grc' dir='ltr'>οἰόμεθα</span> <span class='ocrx_word' id='word_1_205' title='bbox 2868 1295 2941 1364; x_wconf 84' lang='grc' dir='ltr'>μὴ</span> <span class='ocrx_word' id='word_1_206' title='bbox 2997 1294 3323 1363; x_wconf 79' lang='grc' dir='ltr'>σφάλλεσθαι</span> <span class='ocrx_word' id='word_1_207' title='bbox 3371 1295 3542 1359; x_wconf 76' lang='grc' dir='ltr'>οὕτως</span> 
     </span>
    </p>
   </div>
   <div class='ocr_carea' id='block_1_30' title="bbox 1971 1382 3544 1458">
    <p class='ocr_par' dir='ltr' id='par_1_30' title="bbox 1971 1382 3544 1458">
     <span class='ocr_line' id='line_1_30' title="bbox 1971 1382 3544 1458; baseline 0.004 -23"><span class='ocrx_word' id='word_1_208' title='bbox 1971 1382 2205 1452; x_wconf 80' lang='grc' dir='ltr'>ἔχοντες,</span> <span class='ocrx_word' id='word_1_209' title='bbox 2252 1384 2331 1437; x_wconf 85' lang='grc' dir='ltr'>ὅτι</span> <span class='ocrx_word' id='word_1_210' title='bbox 2382 1386 2497 1447; x_wconf 82' lang='grc' dir='ltr'>τοῖς</span> <span class='ocrx_word' id='word_1_211' title='bbox 2549 1385 2667 1437; x_wconf 88' lang='grc' dir='ltr'>κατ’</span> <span class='ocrx_word' id='word_1_212' title='bbox 2709 1386 2905 1449; x_wconf 78' lang='grc' dir='ltr'>αὐτοὺς</span> <span class='ocrx_word' id='word_1_213' title='bbox 2944 1389 2971 1440; x_wconf 87' lang='grc' dir='ltr'>ὁ</span> <span class='ocrx_word' id='word_1_214' title='bbox 3009 1386 3358 1458; x_wconf 87' lang='grc' dir='ltr'>μακρόθυμος</span> <span class='ocrx_word' id='word_1_215' title='bbox 3413 1388 3544 1452; x_wconf 72' lang='grc' dir='ltr'>Θεὸς</span> 
     </span>
    </p>
   </div>
   <div class='ocr_carea' id='block_1_31' title="bbox 1973 1476 3542 1547">
    <p class='ocr_par' dir='ltr' id='par_1_31' title="bbox 1973 1476 3542 1547">
     <span class='ocr_line' id='line_1_31' title="bbox 1973 1476 3542 1547; baseline 0.005 -20"><span class='ocrx_word' id='word_1_216' title='bbox 1973 1476 2275 1545; x_wconf 85' lang='grc' dir='ltr'>παριστῶν,</span> <span class='ocrx_word' id='word_1_217' title='bbox 2304 1476 2380 1539; x_wconf 88' lang='grc' dir='ltr'>ὼς</span> <span class='ocrx_word' id='word_1_218' title='bbox 2412 1478 2513 1547; x_wconf 82' lang='grc' dir='ltr'>οὐχ</span> <span class='ocrx_word' id='word_1_219' title='bbox 2560 1478 2908 1532; x_wconf 85' lang='grc' dir='ltr'>ὑπολείπεται</span> <span class='ocrx_word' id='word_1_220' title='bbox 2964 1481 3147 1545; x_wconf 78' lang='grc' dir='ltr'>αὐτοῖς</span> <span class='ocrx_word' id='word_1_221' title='bbox 3190 1482 3301 1535; x_wconf 70' lang='grc' dir='ltr'>οὒτ’</span> <span class='ocrx_word' id='word_1_222' title='bbox 3330 1483 3542 1536; x_wconf 77' lang='grc' dir='ltr'>ἀντιλο-</span> 
     </span>
    </p>
   </div>
   <div class='ocr_carea' id='block_1_32' title="bbox 1972 1567 3545 1644">
    <p class='ocr_par' dir='ltr' id='par_1_32' title="bbox 1972 1567 3545 1644">
     <span class='ocr_line' id='line_1_32' title="bbox 1972 1567 3545 1644; baseline 0.006 -26"><span class='ocrx_word' id='word_1_223' title='bbox 1972 1567 2097 1634; x_wconf 85' lang='grc' dir='ltr'>γίας</span> <span class='ocrx_word' id='word_1_224' title='bbox 2150 1568 2427 1633; x_wconf 76' lang='grc' dir='ltr'>ὑπόθεσις,</span> <span class='ocrx_word' id='word_1_225' title='bbox 2481 1569 2593 1623; x_wconf 77' lang='grc' dir='ltr'>οὔτ’</span> <span class='ocrx_word' id='word_1_226' title='bbox 2649 1570 2943 1638; x_wconf 78' lang='grc' dir='ltr'>ἀπολογίας</span> <span class='ocrx_word' id='word_1_227' title='bbox 2996 1573 3254 1644; x_wconf 81' lang='grc' dir='ltr'>ἀφορμὴ,</span> <span class='ocrx_word' id='word_1_228' title='bbox 3303 1574 3394 1627; x_wconf 84' lang='grc' dir='ltr'><strong>διὰ</strong></span> <span class='ocrx_word' id='word_1_229' title='bbox 3449 1573 3545 1627; x_wconf 83' lang='grc' dir='ltr'><strong>τοῦ</strong></span> 
     </span>
    </p>
   </div>
   <div class='ocr_carea' id='block_1_33' title="bbox 1986 1659 3545 1734">
    <p class='ocr_par' dir='ltr' id='par_1_33' title="bbox 1986 1659 3545 1734">
     <span class='ocr_line' id='line_1_33' title="bbox 1986 1659 3545 1734; baseline 0.003 -23"><span class='ocrx_word' id='word_1_230' title='bbox 1986 1659 2243 1730; x_wconf 74' lang='grc' dir='ltr'>Ἰεζεκιὴλ</span> <span class='ocrx_word' id='word_1_231' title='bbox 2288 1660 2479 1732; x_wconf 60' lang='grc' dir='ltr'>ἔφηη</span> <span class='ocrx_word' id='word_1_232' title='bbox 2510 1662 2571 1715; x_wconf 81' lang='lat' dir='ltr'><strong>Ei</strong></span> <span class='ocrx_word' id='word_1_233' title='bbox 2606 1663 2793 1734; x_wconf 80' lang='grc' dir='ltr'>Πατὴρ</span> <span class='ocrx_word' id='word_1_234' title='bbox 2844 1661 2952 1730; x_wconf 75' lang='grc' dir='ltr'><strong>ἐγώ</strong></span> <span class='ocrx_word' id='word_1_235' title='bbox 2999 1663 3137 1733; x_wconf 76' lang='grc' dir='ltr'>εἰμι,</span> <span class='ocrx_word' id='word_1_236' title='bbox 3181 1664 3284 1716; x_wconf 82' lang='grc' dir='ltr'>ποῦ</span> <span class='ocrx_word' id='word_1_237' title='bbox 3330 1666 3480 1716; x_wconf 82' lang='grc' dir='ltr'>ἐστιν</span> <span class='ocrx_word' id='word_1_238' title='bbox 3516 1665 3545 1717; x_wconf 83' lang='grc' dir='ltr'><strong>ό</strong></span> 
     </span>
    </p>
   </div>
   <div class='ocr_carea' id='block_1_34' title="bbox 300 1724 1752 1827">
    <p class='ocr_par' dir='ltr' id='par_1_34' title="bbox 300 1745 1752 1816">
     <span class='ocr_line' id='line_1_34' title="bbox 300 1745 1752 1816; baseline 0.006 -19"><span class='ocrx_word' id='word_1_239' title='bbox 300 1745 654 1799; x_wconf 86' lang='lat' dir='ltr'><strong>attentionem</strong></span> <span class='ocrx_word' id='word_1_240' title='bbox 700 1756 811 1799; x_wconf 91' lang='lat' dir='ltr'><strong>tum</strong></span> <span class='ocrx_word' id='word_1_241' title='bbox 846 1746 1002 1800; x_wconf 82' lang='lat' dir='ltr'><strong>fidem</strong></span> <span class='ocrx_word' id='word_1_242' title='bbox 1054 1749 1378 1816; x_wconf 86' lang='lat' dir='ltr'><strong>promereri.</strong></span> <span class='ocrx_word' id='word_1_243' title='bbox 1424 1749 1752 1807; x_wconf 80' lang='lat' dir='ltr'><strong>CumutisliOI</strong></span> 
     </span>
    </p>
   </div>
   <div class='ocr_carea' id='block_1_35' title="bbox 2090 1724 3542 1827">
    <p class='ocr_par' dir='ltr' id='par_1_35' title="bbox 2090 1724 3542 1827">
     <span class='ocr_line' id='line_1_35' title="bbox 2090 1724 3542 1827; baseline 0.004 -24"><span class='ocrx_word' id='word_1_244' title='bbox 2090 1768 2137 1814; x_wconf 67' lang='grc' dir='ltr'><strong>ις</strong></span> <span class='ocrx_word' id='word_1_245' title='bbox 2183 1724 2461 1822; x_wconf 34' lang='lat' dir='ltr'><strong>uenali-ui.</strong></span> <span class='ocrx_word' id='word_1_246' title='bbox 2490 1754 2539 1805; x_wconf 86' lang='grc' dir='ltr'><strong>εί</strong></span> <span class='ocrx_word' id='word_1_247' title='bbox 2588 1724 2791 1825; x_wconf 72' lang='grc' dir='ltr'>Κύριος</span> <span class='ocrx_word' id='word_1_248' title='bbox 2839 1724 2949 1822; x_wconf 80' lang='grc' dir='ltr'><strong>ἐγώ</strong></span> <span class='ocrx_word' id='word_1_249' title='bbox 2992 1724 3134 1825; x_wconf 65' lang='grc' dir='ltr'>εἰμι,</span> <span class='ocrx_word' id='word_1_250' title='bbox 3176 1757 3280 1809; x_wconf 83' lang='grc' dir='ltr'><strong>ποῦ</strong></span> <span class='ocrx_word' id='word_1_251' title='bbox 3328 1757 3480 1809; x_wconf 81' lang='grc' dir='ltr'>ἐστιν</span> <span class='ocrx_word' id='word_1_252' title='bbox 3509 1760 3542 1827; x_wconf 84' lang='grc' dir='ltr'>ἡ</span> 
     </span>
    </p>
   </div>
   <div class='ocr_carea' id='block_1_36' title="bbox 298 1837 1866 1910">
    <p class='ocr_par' dir='ltr' id='par_1_36' title="bbox 298 1837 1866 1910">
     <span class='ocr_line' id='line_1_36' title="bbox 298 1837 1866 1910; baseline 0.004 -18"><span class='ocrx_word' id='word_1_253' title='bbox 298 1837 505 1892; x_wconf 85' lang='lat' dir='ltr'><strong>scilicet</strong></span> <span class='ocrx_word' id='word_1_254' title='bbox 535 1840 820 1907; x_wconf 81' lang='lat' dir='ltr'><strong>quamdam</strong></span> <span class='ocrx_word' id='word_1_255' title='bbox 852 1842 1375 1910; x_wconf 90' lang='lat' dir='ltr'><strong>consensionemque</strong></span> <span class='ocrx_word' id='word_1_256' title='bbox 1417 1843 1714 1899; x_wconf 83' lang='lat' dir='ltr'><strong>divinitatis</strong></span> <span class='ocrx_word' id='word_1_257' title='bbox 1744 1862 1866 1900; x_wconf 87' lang='lat' dir='ltr'><strong>cum</strong></span> 
     </span>
    </p>
   </div>
   <div class='ocr_carea' id='block_1_37' title="bbox 298 1930 1871 2006">
    <p class='ocr_par' dir='ltr' id='par_1_37' title="bbox 298 1930 1871 2006">
     <span class='ocr_line' id='line_1_37' title="bbox 298 1930 1871 2006; baseline 0.007 -24"><span class='ocrx_word' id='word_1_258' title='bbox 298 1930 568 1983; x_wconf 88' lang='lat' dir='ltr'><strong>creaturis</strong></span> <span class='ocrx_word' id='word_1_259' title='bbox 614 1930 1146 1996; x_wconf 87' lang='lat' dir='ltr'><strong>comminiscuntur;</strong></span> <span class='ocrx_word' id='word_1_260' title='bbox 1199 1948 1375 2001; x_wconf 82' lang='lat' dir='ltr'><strong>neque</strong></span> <span class='ocrx_word' id='word_1_261' title='bbox 1434 1934 1758 2006; x_wconf 84' lang='lat' dir='ltr'><strong>intelligunt,</strong></span> <span class='ocrx_word' id='word_1_262' title='bbox 1811 1954 1871 1992; x_wconf 91' lang='lat' dir='ltr'><strong>se</strong></span> 
     </span>
    </p>
   </div>
   <div class='ocr_carea' id='block_1_38' title="bbox 300 2018 1864 2095">
    <p class='ocr_par' dir='ltr' id='par_1_38' title="bbox 300 2018 1864 2095">
     <span class='ocr_line' id='line_1_38' title="bbox 300 2018 1864 2095; baseline 0.006 -24"><span class='ocrx_word' id='word_1_263' title='bbox 300 2032 405 2072; x_wconf 89' lang='lat' dir='ltr'><strong>una</strong></span> <span class='ocrx_word' id='word_1_264' title='bbox 440 2034 561 2072; x_wconf 91' lang='lat' dir='ltr'><strong>cum</strong></span> <span class='ocrx_word' id='word_1_265' title='bbox 594 2018 791 2074; x_wconf 87' lang='lat' dir='ltr'><strong>divinis</strong></span> <span class='ocrx_word' id='word_1_266' title='bbox 821 2018 1061 2088; x_wconf 84' lang='lat' dir='ltr'><strong>Spiritus</strong></span> <span class='ocrx_word' id='word_1_267' title='bbox 1090 2022 1282 2087; x_wconf 85' lang='lat' dir='ltr'><strong>sancti,</strong></span> <span class='ocrx_word' id='word_1_268' title='bbox 1314 2024 1403 2092; x_wconf 87' lang='lat' dir='ltr'><strong>qui</strong></span> <span class='ocrx_word' id='word_1_269' title='bbox 1426 2025 1613 2078; x_wconf 89' lang='lat' dir='ltr'><strong>eodem</strong></span> <span class='ocrx_word' id='word_1_270' title='bbox 1644 2041 1864 2095; x_wconf 80' lang='lat' dir='ltr'><strong>semper</strong></span> 
     </span>
    </p>
   </div>
   <div class='ocr_carea' id='block_1_39' title="bbox 298 2111 1872 2182">
    <p class='ocr_par' dir='ltr' id='par_1_39' title="bbox 298 2111 1872 2182">
     <span class='ocr_line' id='line_1_39' title="bbox 298 2111 1872 2182; baseline 0.004 -17"><span class='ocrx_word' id='word_1_271' title='bbox 298 2113 459 2165; x_wconf 86' lang='lat' dir='ltr'><strong>modo</strong></span> <span class='ocrx_word' id='word_1_272' title='bbox 487 2127 544 2165; x_wconf 88' lang='lat' dir='ltr'><strong>se</strong></span> <span class='ocrx_word' id='word_1_273' title='bbox 570 2111 731 2166; x_wconf 86' lang='lat' dir='ltr'><strong>habet</strong></span> <span class='ocrx_word' id='word_1_274' title='bbox 750 2113 817 2166; x_wconf 89' lang='lat' dir='ltr'><strong>ad</strong></span> <span class='ocrx_word' id='word_1_275' title='bbox 852 2113 1015 2165; x_wconf 87' lang='lat' dir='ltr'><strong>Deum</strong></span> <span class='ocrx_word' id='word_1_276' title='bbox 1062 2112 1301 2182; x_wconf 83' lang='lat' dir='ltr'><strong>Patrem,</strong></span> <span class='ocrx_word' id='word_1_277' title='bbox 1333 2116 1474 2170; x_wconf 91' lang='lat' dir='ltr'><strong>notis</strong></span> <span class='ocrx_word' id='word_1_278' title='bbox 1511 2126 1564 2170; x_wconf 91' lang='lat' dir='ltr'><strong>et</strong></span> <span class='ocrx_word' id='word_1_279' title='bbox 1594 2118 1872 2174; x_wconf 88' lang='lat' dir='ltr'><strong>characte-</strong></span> 
     </span>
    </p>
   </div>
   <div class='ocr_carea' id='block_1_40' title="bbox 300 2205 1868 2279">
    <p class='ocr_par' dir='ltr' id='par_1_40' title="bbox 300 2205 1868 2279">
     <span class='ocr_line' id='line_1_40' title="bbox 300 2205 1868 2279; baseline 0.006 -22"><span class='ocrx_word' id='word_1_280' title='bbox 300 2205 451 2258; x_wconf 86' lang='lat' dir='ltr'><strong>rihus</strong></span> <span class='ocrx_word' id='word_1_281' title='bbox 482 2213 635 2259; x_wconf 87' lang='lat' dir='ltr'><strong>notas</strong></span> <span class='ocrx_word' id='word_1_282' title='bbox 667 2205 829 2259; x_wconf 88' lang='lat' dir='ltr'><strong>etiam</strong></span> <span class='ocrx_word' id='word_1_283' title='bbox 862 2215 916 2259; x_wconf 90' lang='lat' dir='ltr'><strong>et</strong></span> <span class='ocrx_word' id='word_1_284' title='bbox 968 2208 1313 2260; x_wconf 79' lang='lat' dir='ltr'><strong>characteres</strong></span> <span class='ocrx_word' id='word_1_285' title='bbox 1362 2209 1665 2279; x_wconf 85' lang='lat' dir='ltr'><strong>deprimere</strong></span> <span class='ocrx_word' id='word_1_286' title='bbox 1699 2211 1868 2279; x_wconf 88' lang='lat' dir='ltr'><strong>ipsius</strong></span> 
     </span>
    </p>
   </div>
   <div class='ocr_carea' id='block_1_41' title="bbox 300 2295 1869 2371">
    <p class='ocr_par' dir='ltr' id='par_1_41' title="bbox 300 2295 1869 2371">
     <span class='ocr_line' id='line_1_41' title="bbox 300 2295 1869 2371; baseline 0.006 -23"><span class='ocrx_word' id='word_1_287' title='bbox 300 2295 395 2348; x_wconf 82' lang='lat' dir='ltr'><strong>Dei</strong></span> <span class='ocrx_word' id='word_1_288' title='bbox 443 2295 643 2357; x_wconf 85' lang='lat' dir='ltr'><strong>Patris,</strong></span> <span class='ocrx_word' id='word_1_289' title='bbox 687 2307 741 2350; x_wconf 90' lang='lat' dir='ltr'><strong>et</strong></span> <span class='ocrx_word' id='word_1_290' title='bbox 794 2297 1053 2363; x_wconf 83' lang='lat' dir='ltr'><strong>unigeniti</strong></span> <span class='ocrx_word' id='word_1_291' title='bbox 1106 2299 1220 2368; x_wconf 90' lang='lat' dir='ltr'><strong>ejus</strong></span> <span class='ocrx_word' id='word_1_292' title='bbox 1258 2300 1412 2367; x_wconf 87' lang='lat' dir='ltr'><strong>Filii;</strong></span> <span class='ocrx_word' id='word_1_293' title='bbox 1466 2312 1629 2371; x_wconf 88' lang='lat' dir='ltr'><strong>atque</strong></span> <span class='ocrx_word' id='word_1_294' title='bbox 1678 2302 1869 2357; x_wconf 80' lang='lat' dir='ltr'><strong>Isaiam</strong></span> 
     </span>
    </p>
   </div>
   <div class='ocr_carea' id='block_1_42' title="bbox 300 2384 1871 2447">
    <p class='ocr_par' dir='ltr' id='par_1_42' title="bbox 300 2384 1871 2447">
     <span class='ocr_line' id='line_1_42' title="bbox 300 2384 1871 2447; baseline 0.006 -10"><span class='ocrx_word' id='word_1_295' title='bbox 300 2384 532 2441; x_wconf 80' lang='lat' dir='ltr'><strong>fortasse</strong></span> <span class='ocrx_word' id='word_1_296' title='bbox 564 2386 617 2440; x_wconf 90' lang='lat' dir='ltr'><strong>in</strong></span> <span class='ocrx_word' id='word_1_297' title='bbox 657 2387 861 2441; x_wconf 66' lang='lat' dir='ltr'><strong>caelesti</strong></span> <span class='ocrx_word' id='word_1_298' title='bbox 899 2389 1091 2441; x_wconf 89' lang='lat' dir='ltr'><strong>throno</strong></span> <span class='ocrx_word' id='word_1_299' title='bbox 1133 2390 1409 2443; x_wconf 82' lang='lat' dir='ltr'><strong>sedentem</strong></span> <span class='ocrx_word' id='word_1_300' title='bbox 1460 2393 1701 2445; x_wconf 81' lang='lat' dir='ltr'><strong>exhiberi</strong></span> <span class='ocrx_word' id='word_1_301' title='bbox 1745 2393 1871 2447; x_wconf 80' lang='lat' dir='ltr'><strong>sub-</strong></span> 
     </span>
    </p>
   </div>
   <div class='ocr_carea' id='block_1_43' title="bbox 299 2477 1868 2549">
    <p class='ocr_par' dir='ltr' id='par_1_43' title="bbox 299 2477 1868 2549">
     <span class='ocr_line' id='line_1_43' title="bbox 299 2477 1868 2549; baseline 0.005 -18"><span class='ocrx_word' id='word_1_302' title='bbox 299 2477 564 2541; x_wconf 83' lang='lat' dir='ltr'><strong>indicant,</strong></span> <span class='ocrx_word' id='word_1_303' title='bbox 594 2494 657 2533; x_wconf 86' lang='lat' dir='ltr'><strong>ac</strong></span> <span class='ocrx_word' id='word_1_304' title='bbox 701 2479 1017 2547; x_wconf 86' lang='lat' dir='ltr'><strong>sibimetipsi</strong></span> <span class='ocrx_word' id='word_1_305' title='bbox 1054 2480 1490 2549; x_wconf 67' lang='lat' dir='ltr'><strong>praecipientem:</strong></span> <span class='ocrx_word' id='word_1_306' title='bbox 1531 2502 1550 2535; x_wconf 91' lang='lat'><strong>«</strong></span> <span class='ocrx_word' id='word_1_307' title='bbox 1620 2483 1768 2538; x_wconf 89' lang='lat' dir='ltr'><strong>Vade</strong></span> <span class='ocrx_word' id='word_1_308' title='bbox 1801 2487 1868 2540; x_wconf 86' lang='lat' dir='ltr'><strong>ad</strong></span> 
     </span>
    </p>
   </div>
   <div class='ocr_carea' id='block_1_44' title="bbox 298 2567 1864 2642">
    <p class='ocr_par' dir='ltr' id='par_1_44' title="bbox 298 2567 1864 2642">
     <span class='ocr_line' id='line_1_44' title="bbox 298 2567 1864 2642; baseline 0.007 -23"><span class='ocrx_word' id='word_1_309' title='bbox 298 2567 550 2636; x_wconf 88' lang='lat' dir='ltr'><strong>populum</strong></span> <span class='ocrx_word' id='word_1_310' title='bbox 596 2568 759 2633; x_wconf 88' lang='lat' dir='ltr'><strong>hunc,</strong></span> <span class='ocrx_word' id='word_1_311' title='bbox 786 2579 841 2623; x_wconf 92' lang='lat' dir='ltr'><strong>et</strong></span> <span class='ocrx_word' id='word_1_312' title='bbox 873 2571 959 2625; x_wconf 88' lang='lat' dir='ltr'><strong>dic</strong></span> <span class='ocrx_word' id='word_1_313' title='bbox 1004 2571 1052 2623; x_wconf 89' lang='lat' dir='ltr'><strong>ei</strong></span> <span class='ocrx_word' id='word_1_314' title='bbox 1094 2590 1113 2622; x_wconf 71' lang='grc' dir='ltr'><strong>ι</strong></span> <span class='ocrx_word' id='word_1_315' title='bbox 1160 2586 1279 2639; x_wconf 58' lang='lat' dir='ltr'><strong>quae</strong></span> <span class='ocrx_word' id='word_1_316' title='bbox 1321 2573 1507 2642; x_wconf 90' lang='lat' dir='ltr'><strong>jussus</strong></span> <span class='ocrx_word' id='word_1_317' title='bbox 1534 2586 1616 2629; x_wconf 88' lang='lat' dir='ltr'><strong>est</strong></span> <span class='ocrx_word' id='word_1_318' title='bbox 1663 2575 1864 2630; x_wconf 78' lang='lat' dir='ltr'><strong>dicere.</strong></span> 
     </span>
    </p>
   </div>
   <div class='ocr_carea' id='block_1_45' title="bbox 298 2657 1869 2734">
    <p class='ocr_par' dir='ltr' id='par_1_45' title="bbox 298 2657 1869 2734">
     <span class='ocr_line' id='line_1_45' title="bbox 298 2657 1869 2734; baseline 0.005 -23"><span class='ocrx_word' id='word_1_319' title='bbox 298 2657 408 2713; x_wconf 74' lang='lat' dir='ltr'><strong>Nos</strong></span> <span class='ocrx_word' id='word_1_320' title='bbox 430 2673 559 2713; x_wconf 88' lang='lat' dir='ltr'><strong>vero</strong></span> <span class='ocrx_word' id='word_1_321' title='bbox 588 2659 716 2714; x_wconf 89' lang='lat' dir='ltr'><strong>illud</strong></span> <span class='ocrx_word' id='word_1_322' title='bbox 750 2660 906 2729; x_wconf 90' lang='lat' dir='ltr'><strong>plane</strong></span> <span class='ocrx_word' id='word_1_323' title='bbox 951 2662 1240 2726; x_wconf 85' lang='lat' dir='ltr'><strong>miramur,</strong></span> <span class='ocrx_word' id='word_1_324' title='bbox 1276 2665 1418 2731; x_wconf 92' lang='lat' dir='ltr'><strong>quod</strong></span> <span class='ocrx_word' id='word_1_325' title='bbox 1463 2664 1576 2733; x_wconf 89' lang='lat' dir='ltr'><strong>jam</strong></span> <span class='ocrx_word' id='word_1_326' title='bbox 1616 2666 1699 2719; x_wconf 85' lang='lat' dir='ltr'><strong>vel</strong></span> <span class='ocrx_word' id='word_1_327' title='bbox 1742 2667 1869 2734; x_wconf 88' lang='lat' dir='ltr'><strong>ipsi-</strong></span> 
     </span>
    </p>
   </div>
   <div class='ocr_carea' id='block_1_46' title="bbox 299 2749 1866 2818">
    <p class='ocr_par' dir='ltr' id='par_1_46' title="bbox 299 2749 1866 2818">
     <span class='ocr_line' id='line_1_46' title="bbox 299 2749 1866 2818; baseline 0.004 -18"><span class='ocrx_word' id='word_1_328' title='bbox 299 2758 410 2800; x_wconf 88' lang='lat' dir='ltr'><strong>met</strong></span> <span class='ocrx_word' id='word_1_329' title='bbox 442 2763 661 2801; x_wconf 87' lang='lat' dir='ltr'><strong>suarum</strong></span> <span class='ocrx_word' id='word_1_330' title='bbox 708 2749 1076 2818; x_wconf 85' lang='lat' dir='ltr'><strong>Opinationum</strong></span> <span class='ocrx_word' id='word_1_331' title='bbox 1124 2751 1515 2807; x_wconf 89' lang='lat' dir='ltr'><strong>absurditatem</strong></span> <span class='ocrx_word' id='word_1_332' title='bbox 1582 2753 1866 2808; x_wconf 89' lang='lat' dir='ltr'><strong>imbecilli-</strong></span> 
     </span>
    </p>
   </div>
   <div class='ocr_carea' id='block_1_47' title="bbox 299 2840 1868 2911">
    <p class='ocr_par' dir='ltr' id='par_1_47' title="bbox 299 2840 1868 2911">
     <span class='ocr_line' id='line_1_47' title="bbox 299 2840 1868 2911; baseline 0.006 -22"><span class='ocrx_word' id='word_1_333' title='bbox 299 2842 575 2905; x_wconf 79' lang='lat' dir='ltr'><strong>tatemque</strong></span> <span class='ocrx_word' id='word_1_334' title='bbox 616 2853 718 2891; x_wconf 91' lang='lat' dir='ltr'><strong>non</strong></span> <span class='ocrx_word' id='word_1_335' title='bbox 745 2840 1005 2902; x_wconf 89' lang='lat' dir='ltr'><strong>sentiant,</strong></span> <span class='ocrx_word' id='word_1_336' title='bbox 1036 2855 1135 2894; x_wconf 85' lang='lat' dir='ltr'><strong>nec</strong></span> <span class='ocrx_word' id='word_1_337' title='bbox 1166 2840 1403 2904; x_wconf 87' lang='lat' dir='ltr'><strong>videant,</strong></span> <span class='ocrx_word' id='word_1_338' title='bbox 1436 2857 1598 2911; x_wconf 85' lang='lat' dir='ltr'><strong>quam</strong></span> <span class='ocrx_word' id='word_1_339' title='bbox 1630 2846 1741 2897; x_wconf 85' lang='lat' dir='ltr'><strong>risu</strong></span> <span class='ocrx_word' id='word_1_340' title='bbox 1787 2845 1868 2898; x_wconf 91' lang='lat' dir='ltr'><strong>di-</strong></span> 
     </span>
    </p>
   </div>
   <div class='ocr_carea' id='block_1_48' title="bbox 301 2926 1868 3003">
    <p class='ocr_par' dir='ltr' id='par_1_48' title="bbox 301 2926 1868 3003">
     <span class='ocr_line' id='line_1_48' title="bbox 301 2926 1868 3003; baseline 0.008 -25"><span class='ocrx_word' id='word_1_341' title='bbox 301 2926 389 2993; x_wconf 86' lang='lat' dir='ltr'><strong>gni</strong></span> <span class='ocrx_word' id='word_1_342' title='bbox 438 2927 567 2992; x_wconf 89' lang='lat' dir='ltr'><strong>sint,</strong></span> <span class='ocrx_word' id='word_1_343' title='bbox 603 2926 730 2981; x_wconf 92' lang='lat' dir='ltr'><strong>dum</strong></span> <span class='ocrx_word' id='word_1_344' title='bbox 770 2928 893 2981; x_wconf 87' lang='lat' dir='ltr'><strong>talia</strong></span> <span class='ocrx_word' id='word_1_345' title='bbox 949 2930 1015 2982; x_wconf 90' lang='lat' dir='ltr'><strong>de</strong></span> <span class='ocrx_word' id='word_1_346' title='bbox 1066 2928 1175 2983; x_wconf 89' lang='lat' dir='ltr'><strong>Deo</strong></span> <span class='ocrx_word' id='word_1_347' title='bbox 1209 2932 1470 2999; x_wconf 88' lang='lat' dir='ltr'><strong>cogitant,</strong></span> <span class='ocrx_word' id='word_1_348' title='bbox 1524 2948 1587 2986; x_wconf 90' lang='lat' dir='ltr'><strong>ac</strong></span> <span class='ocrx_word' id='word_1_349' title='bbox 1636 2948 1697 2987; x_wconf 90' lang='lat' dir='ltr'><strong>ea</strong></span> <span class='ocrx_word' id='word_1_350' title='bbox 1748 2950 1868 3003; x_wconf 69' lang='lat' dir='ltr'><strong>qua:</strong></span> 
     </span>
    </p>
   </div>
   <div class='ocr_carea' id='block_1_49' title="bbox 298 3017 1939 3115">
    <p class='ocr_par' dir='ltr' id='par_1_49' title="bbox 298 3017 1939 3115">
     <span class='ocr_line' id='line_1_49' title="bbox 298 3017 1939 3115; baseline 0.005 -43"><span class='ocrx_word' id='word_1_351' title='bbox 298 3017 589 3073; x_wconf 85' lang='lat' dir='ltr'><strong>manifesta</strong></span> <span class='ocrx_word' id='word_1_352' title='bbox 634 3026 779 3085; x_wconf 88' lang='lat' dir='ltr'><strong>sunt,</strong></span> <span class='ocrx_word' id='word_1_353' title='bbox 839 3022 991 3090; x_wconf 81' lang='lat' dir='ltr'><strong>quasi</strong></span> <span class='ocrx_word' id='word_1_354' title='bbox 1046 3023 1112 3075; x_wconf 91' lang='lat' dir='ltr'><strong>ad</strong></span> <span class='ocrx_word' id='word_1_355' title='bbox 1173 3023 1533 3078; x_wconf 87' lang='lat' dir='ltr'><strong>dirimendum</strong></span> <span class='ocrx_word' id='word_1_356' title='bbox 1598 3025 1939 3115; x_wconf 74' lang='lat' dir='ltr'><strong>dillicilia,c</strong></span> 
     </span>
    </p>
   </div>
   <div class='ocr_carea' id='block_1_50' title="bbox 305 3110 1869 3184">
    <p class='ocr_par' dir='ltr' id='par_1_50' title="bbox 305 3110 1869 3184">
     <span class='ocr_line' id='line_1_50' title="bbox 305 3110 1869 3184; baseline 0.006 -21"><span class='ocrx_word' id='word_1_357' title='bbox 305 3118 641 3180; x_wconf 81' lang='lat' dir='ltr'><strong>pervertunt.</strong></span> <span class='ocrx_word' id='word_1_358' title='bbox 675 3110 857 3180; x_wconf 85' lang='lat' dir='ltr'><strong>Neque</strong></span> <span class='ocrx_word' id='word_1_359' title='bbox 881 3127 1009 3165; x_wconf 90' lang='lat' dir='ltr'><strong>vero</strong></span> <span class='ocrx_word' id='word_1_360' title='bbox 1040 3129 1137 3167; x_wconf 92' lang='lat' dir='ltr'><strong>nos</strong></span> <span class='ocrx_word' id='word_1_361' title='bbox 1160 3129 1346 3169; x_wconf 89' lang='lat' dir='ltr'><strong>errare</strong></span> <span class='ocrx_word' id='word_1_362' title='bbox 1368 3118 1717 3184; x_wconf 87' lang='lat' dir='ltr'><strong>arbitramur,</strong></span> <span class='ocrx_word' id='word_1_363' title='bbox 1743 3120 1869 3172; x_wconf 91' lang='lat' dir='ltr'><strong>dum</strong></span> 
     </span>
    </p>
   </div>
   <div class='ocr_carea' id='block_1_51' title="bbox 302 3201 1868 3277">
    <p class='ocr_par' dir='ltr' id='par_1_51' title="bbox 302 3201 1868 3277">
     <span class='ocr_line' id='line_1_51' title="bbox 302 3201 1868 3277; baseline 0.004 -23"><span class='ocrx_word' id='word_1_364' title='bbox 302 3202 377 3254; x_wconf 88' lang='lat' dir='ltr'><strong>ita</strong></span> <span class='ocrx_word' id='word_1_365' title='bbox 424 3202 732 3257; x_wconf 88' lang='lat' dir='ltr'><strong>sentimus:</strong></span> <span class='ocrx_word' id='word_1_366' title='bbox 778 3218 902 3256; x_wconf 87' lang='lat' dir='ltr'><strong>nam</strong></span> <span class='ocrx_word' id='word_1_367' title='bbox 954 3201 1043 3270; x_wconf 87' lang='lat' dir='ltr'><strong>iis,</strong></span> <span class='ocrx_word' id='word_1_368' title='bbox 1102 3204 1193 3272; x_wconf 91' lang='lat' dir='ltr'><strong>qui</strong></span> <span class='ocrx_word' id='word_1_369' title='bbox 1248 3221 1369 3258; x_wconf 92' lang='lat' dir='ltr'><strong>cum</strong></span> <span class='ocrx_word' id='word_1_370' title='bbox 1421 3207 1555 3277; x_wconf 88' lang='lat' dir='ltr'><strong>ipsis</strong></span> <span class='ocrx_word' id='word_1_371' title='bbox 1610 3209 1868 3273; x_wconf 87' lang='lat' dir='ltr'><strong>sentiunt,</strong></span> 
     </span>
    </p>
   </div>
   <div class='ocr_carea' id='block_1_52' title="bbox 301 3292 1869 3367">
    <p class='ocr_par' dir='ltr' id='par_1_52' title="bbox 301 3292 1869 3367">
     <span class='ocr_line' id='line_1_52' title="bbox 301 3292 1869 3367; baseline 0.005 -20"><span class='ocrx_word' id='word_1_372' title='bbox 301 3292 625 3361; x_wconf 85' lang='lat' dir='ltr'><strong>longanimis</strong></span> <span class='ocrx_word' id='word_1_373' title='bbox 682 3292 826 3348; x_wconf 88' lang='lat' dir='ltr'><strong>Deus</strong></span> <span class='ocrx_word' id='word_1_374' title='bbox 880 3296 1174 3349; x_wconf 88' lang='lat' dir='ltr'><strong>ostendens</strong></span> <span class='ocrx_word' id='word_1_375' title='bbox 1224 3297 1426 3350; x_wconf 89' lang='lat' dir='ltr'><strong>nullum</strong></span> <span class='ocrx_word' id='word_1_376' title='bbox 1481 3299 1712 3367; x_wconf 87' lang='lat' dir='ltr'><strong>relinqui</strong></span> <span class='ocrx_word' id='word_1_377' title='bbox 1768 3315 1869 3356; x_wconf 90' lang='lat' dir='ltr'><strong>nec</strong></span> 
     </span>
    </p>
   </div>
   <div class='ocr_carea' id='block_1_53' title="bbox 261 3365 1866 3459">
    <p class='ocr_par' dir='ltr' id='par_1_53' title="bbox 261 3365 1866 3459">
     <span class='ocr_line' id='line_1_53' title="bbox 261 3365 1866 3459; baseline 0.004 -20"><span class='ocrx_word' id='word_1_378' title='bbox 261 3365 273 3377; x_wconf 45' lang='grc'><strong><em>⁸</em></strong></span> <span class='ocrx_word' id='word_1_379' title='bbox 306 3393 624 3456; x_wconf 66' lang='grc' dir='ltr'>ντιειειιιιιιιι</span> <span class='ocrx_word' id='word_1_380' title='bbox 654 3387 719 3439; x_wconf 87' lang='lat' dir='ltr'><strong>ad</strong></span> <span class='ocrx_word' id='word_1_381' title='bbox 749 3386 1250 3452; x_wconf 86' lang='lat' dir='ltr'><strong>contradicendum,</strong></span> <span class='ocrx_word' id='word_1_382' title='bbox 1286 3404 1463 3457; x_wconf 88' lang='lat' dir='ltr'><strong>neque</strong></span> <span class='ocrx_word' id='word_1_383' title='bbox 1488 3403 1866 3459; x_wconf 81' lang='lat' dir='ltr'><strong>argumentum</strong></span> 
     </span>
    </p>
   </div>
   <div class='ocr_carea' id='block_1_54' title="bbox 302 3474 1867 3550">
    <p class='ocr_par' dir='ltr' id='par_1_54' title="bbox 302 3474 1867 3550">
     <span class='ocr_line' id='line_1_54' title="bbox 302 3474 1867 3550; baseline 0.004 -21"><span class='ocrx_word' id='word_1_384' title='bbox 302 3475 367 3529; x_wconf 88' lang='lat' dir='ltr'><strong>ad</strong></span> <span class='ocrx_word' id='word_1_385' title='bbox 398 3489 517 3529; x_wconf 90' lang='lat' dir='ltr'><strong>sese</strong></span> <span class='ocrx_word' id='word_1_386' title='bbox 545 3474 927 3540; x_wconf 86' lang='lat' dir='ltr'><strong>defendendos,</strong></span> <span class='ocrx_word' id='word_1_387' title='bbox 962 3490 1059 3544; x_wconf 86' lang='lat' dir='ltr'><strong>per</strong></span> <span class='ocrx_word' id='word_1_388' title='bbox 1087 3476 1426 3533; x_wconf 78' lang='lat' dir='ltr'><strong>Ezechielein</strong></span> <span class='ocrx_word' id='word_1_389' title='bbox 1464 3480 1541 3532; x_wconf 88' lang='lat' dir='ltr'><strong>ait</strong></span> <span class='ocrx_word' id='word_1_390' title='bbox 1567 3498 1579 3533; x_wconf 89' lang='lat'><strong>:</strong></span> <span class='ocrx_word' id='word_1_391' title='bbox 1617 3498 1638 3531; x_wconf 96' lang='lat'><strong>«</strong></span> <span class='ocrx_word' id='word_1_392' title='bbox 1686 3481 1742 3534; x_wconf 91' lang='lat' dir='ltr'><strong>Si</strong></span> <span class='ocrx_word' id='word_1_393' title='bbox 1771 3498 1867 3550; x_wconf 88' lang='lat' dir='ltr'><strong>pa-</strong></span> 
     </span>
    </p>
   </div>
   <div class='ocr_carea' id='block_1_55' title="bbox 303 3569 1872 3641">
    <p class='ocr_par' dir='ltr' id='par_1_55' title="bbox 303 3569 1872 3641">
     <span class='ocr_line' id='line_1_55' title="bbox 303 3569 1872 3641; baseline 0.004 -18"><span class='ocrx_word' id='word_1_394' title='bbox 303 3578 386 3625; x_wconf 91' lang='lat' dir='ltr'><strong>ter</strong></span> <span class='ocrx_word' id='word_1_395' title='bbox 409 3569 520 3641; x_wconf 90' lang='lat'><strong>(97)</strong></span> <span class='ocrx_word' id='word_1_396' title='bbox 547 3585 646 3638; x_wconf 82' lang='lat' dir='ltr'><strong>ego</strong></span> <span class='ocrx_word' id='word_1_397' title='bbox 679 3586 820 3638; x_wconf 91' lang='lat' dir='ltr'><strong>sum,</strong></span> <span class='ocrx_word' id='word_1_398' title='bbox 862 3571 951 3624; x_wconf 93' lang='lat' dir='ltr'><strong>ubi</strong></span> <span class='ocrx_word' id='word_1_399' title='bbox 990 3578 1073 3625; x_wconf 90' lang='lat' dir='ltr'><strong>est</strong></span> <span class='ocrx_word' id='word_1_400' title='bbox 1104 3572 1267 3626; x_wconf 91' lang='lat' dir='ltr'><strong>timor</strong></span> <span class='ocrx_word' id='word_1_401' title='bbox 1312 3572 1504 3627; x_wconf 89' lang='lat' dir='ltr'><strong>meus?</strong></span> <span class='ocrx_word' id='word_1_402' title='bbox 1550 3582 1627 3638; x_wconf 90' lang='lat' dir='ltr'><strong>et,</strong></span> <span class='ocrx_word' id='word_1_403' title='bbox 1679 3575 1722 3629; x_wconf 89' lang='lat' dir='ltr'><strong>si</strong></span> <span class='ocrx_word' id='word_1_404' title='bbox 1760 3577 1872 3629; x_wconf 86' lang='lat' dir='ltr'><strong>Do-</strong></span> 
     </span>
    </p>
   </div>
   <div class='ocr_carea' id='block_1_56' title="bbox 300 3664 1872 3735">
    <p class='ocr_par' dir='ltr' id='par_1_56' title="bbox 300 3664 1872 3735">
     <span class='ocr_line' id='line_1_56' title="bbox 300 3664 1872 3735; baseline 0.004 -16"><span class='ocrx_word' id='word_1_405' title='bbox 300 3666 480 3719; x_wconf 90' lang='lat' dir='ltr'><strong>minus</strong></span> <span class='ocrx_word' id='word_1_406' title='bbox 529 3680 628 3733; x_wconf 85' lang='lat' dir='ltr'><strong>ego</strong></span> <span class='ocrx_word' id='word_1_407' title='bbox 676 3680 818 3730; x_wconf 90' lang='lat' dir='ltr'><strong>sum,</strong></span> <span class='ocrx_word' id='word_1_408' title='bbox 853 3665 942 3719; x_wconf 89' lang='lat' dir='ltr'><strong>ubi</strong></span> <span class='ocrx_word' id='word_1_409' title='bbox 994 3674 1081 3719; x_wconf 89' lang='lat' dir='ltr'><strong>est</strong></span> <span class='ocrx_word' id='word_1_410' title='bbox 1116 3664 1282 3735; x_wconf 80' lang='lat' dir='ltr'><strong>gloria</strong></span> <span class='ocrx_word' id='word_1_411' title='bbox 1326 3682 1443 3720; x_wconf 87' lang='lat' dir='ltr'><strong>mea</strong></span> <span class='ocrx_word' id='word_1_412' title='bbox 1481 3668 1504 3720; x_wconf 67' lang='grc' dir='ltr'><em>ἲ</em></span> <span class='ocrx_word' id='word_1_413' title='bbox 1553 3687 1571 3721; x_wconf 75' lang='grc' dir='ltr'><strong>ι</strong></span> <span class='ocrx_word' id='word_1_414' title='bbox 1614 3668 1718 3723; x_wconf 89' lang='lat' dir='ltr'><strong>Sed</strong></span> <span class='ocrx_word' id='word_1_415' title='bbox 1758 3671 1872 3727; x_wconf 67' lang='lat' dir='ltr'><strong>hinc</strong></span> 
     </span>
    </p>
   </div>
   <div class='ocr_carea' id='block_1_57' title="bbox 301 3758 1868 3825">
    <p class='ocr_par' dir='ltr' id='par_1_57' title="bbox 301 3758 1868 3825">
     <span class='ocr_line' id='line_1_57' title="bbox 301 3758 1868 3825; baseline 0.002 -12"><span class='ocrx_word' id='word_1_416' title='bbox 301 3760 583 3814; x_wconf 88' lang='lat' dir='ltr'><strong>hactenus.</strong></span> <span class='ocrx_word' id='word_1_417' title='bbox 619 3758 749 3814; x_wconf 91' lang='lat' dir='ltr'><strong>Illuc</strong></span> <span class='ocrx_word' id='word_1_418' title='bbox 778 3765 956 3813; x_wconf 84' lang='lat' dir='ltr'><strong>autem</strong></span> <span class='ocrx_word' id='word_1_419' title='bbox 1002 3758 1189 3813; x_wconf 88' lang='lat' dir='ltr'><strong>redeat</strong></span> <span class='ocrx_word' id='word_1_420' title='bbox 1218 3759 1413 3825; x_wconf 87' lang='lat' dir='ltr'><strong>oratio,</strong></span> <span class='ocrx_word' id='word_1_421' title='bbox 1446 3761 1586 3814; x_wconf 91' lang='lat' dir='ltr'><strong>unde</strong></span> <span class='ocrx_word' id='word_1_422' title='bbox 1626 3760 1868 3816; x_wconf 87' lang='lat' dir='ltr'><strong>divertit.</strong></span> 
     </span>
    </p>
   </div>
   <div class='ocr_carea' id='block_1_58' title="bbox 300 3850 1870 3919">
    <p class='ocr_par' dir='ltr' id='par_1_58' title="bbox 300 3850 1870 3919">
     <span class='ocr_line' id='line_1_58' title="bbox 300 3850 1870 3919; baseline 0.003 -15"><span class='ocrx_word' id='word_1_423' title='bbox 300 3851 590 3906; x_wconf 85' lang='lat' dir='ltr'><strong>Videamus</strong></span> <span class='ocrx_word' id='word_1_424' title='bbox 625 3868 753 3906; x_wconf 90' lang='lat' dir='ltr'><strong>vero</strong></span> <span class='ocrx_word' id='word_1_425' title='bbox 797 3851 927 3919; x_wconf 90' lang='lat' dir='ltr'><strong>quid</strong></span> <span class='ocrx_word' id='word_1_426' title='bbox 981 3867 1171 3907; x_wconf 88' lang='lat' dir='ltr'><strong>rursus</strong></span> <span class='ocrx_word' id='word_1_427' title='bbox 1205 3852 1349 3907; x_wconf 89' lang='lat' dir='ltr'><strong>dicat</strong></span> <span class='ocrx_word' id='word_1_428' title='bbox 1398 3850 1598 3907; x_wconf 85' lang='lat' dir='ltr'><strong>Paulus</strong></span> <span class='ocrx_word' id='word_1_429' title='bbox 1632 3855 1697 3908; x_wconf 86' lang='lat' dir='ltr'><strong>ad</strong></span> <span class='ocrx_word' id='word_1_430' title='bbox 1738 3852 1870 3909; x_wconf 90' lang='lat' dir='ltr'><strong>Phi-</strong></span> 
     </span>
    </p>
   </div>
   <div class='ocr_carea' id='block_1_59' title="bbox 299 3940 1867 4013">
    <p class='ocr_par' dir='ltr' id='par_1_59' title="bbox 299 3940 1867 4013">
     <span class='ocr_line' id='line_1_59' title="bbox 299 3940 1867 4013; baseline 0.001 -17"><span class='ocrx_word' id='word_1_431' title='bbox 299 3941 569 4013; x_wconf 84' lang='lat' dir='ltr'><strong>lippenses</strong></span> <span class='ocrx_word' id='word_1_432' title='bbox 618 3943 728 4013; x_wconf 85' lang='lat'><strong>(98)</strong></span> <span class='ocrx_word' id='word_1_433' title='bbox 785 3944 1079 3997; x_wconf 84' lang='lat' dir='ltr'><strong>scribens:</strong></span> <span class='ocrx_word' id='word_1_434' title='bbox 1121 3961 1140 3994; x_wconf 94' lang='lat'><strong>«</strong></span> <span class='ocrx_word' id='word_1_435' title='bbox 1190 3940 1382 3996; x_wconf 81' lang='lat' dir='ltr'><strong>Videte</strong></span> <span class='ocrx_word' id='word_1_436' title='bbox 1437 3942 1547 4013; x_wconf 88' lang='lat'><strong>(99)</strong></span> <span class='ocrx_word' id='word_1_437' title='bbox 1597 3944 1867 3998; x_wconf 87' lang='lat' dir='ltr'><strong>concisio-</strong></span> 
     </span>
    </p>
   </div>
   <div class='ocr_carea' id='block_1_60' title="bbox 303 4036 1869 4105">
    <p class='ocr_par' dir='ltr' id='par_1_60' title="bbox 303 4036 1869 4105">
     <span class='ocr_line' id='line_1_60' title="bbox 303 4036 1869 4105; baseline 0.003 -18"><span class='ocrx_word' id='word_1_438' title='bbox 303 4051 464 4089; x_wconf 90' lang='lat' dir='ltr'><strong>nem:</strong></span> <span class='ocrx_word' id='word_1_439' title='bbox 526 4050 623 4090; x_wconf 92' lang='lat' dir='ltr'><strong>nos</strong></span> <span class='ocrx_word' id='word_1_440' title='bbox 666 4036 808 4091; x_wconf 91' lang='lat' dir='ltr'><strong>enim</strong></span> <span class='ocrx_word' id='word_1_441' title='bbox 862 4050 1049 4090; x_wconf 89' lang='lat' dir='ltr'><strong>sumus</strong></span> <span class='ocrx_word' id='word_1_442' title='bbox 1091 4036 1456 4099; x_wconf 88' lang='lat' dir='ltr'><strong>circumcisio,</strong></span> <span class='ocrx_word' id='word_1_443' title='bbox 1511 4037 1600 4105; x_wconf 87' lang='lat' dir='ltr'><strong>qui</strong></span> <span class='ocrx_word' id='word_1_444' title='bbox 1644 4037 1869 4105; x_wconf 82' lang='lat' dir='ltr'><strong>Spiritui</strong></span> 
     </span>
    </p>
   </div>
   <div class='ocr_carea' id='block_1_61' title="bbox 300 4125 1871 4198">
    <p class='ocr_par' dir='ltr' id='par_1_61' title="bbox 300 4125 1871 4198">
     <span class='ocr_line' id='line_1_61' title="bbox 300 4125 1871 4198; baseline 0.003 -19"><span class='ocrx_word' id='word_1_445' title='bbox 300 4126 468 4198; x_wconf 67' lang='grc'><strong>246</strong></span> <span class='ocrx_word' id='word_1_446' title='bbox 511 4125 623 4181; x_wconf 76' lang='grc' dir='ltr'><strong>Βεὶο</strong></span> <span class='ocrx_word' id='word_1_447' title='bbox 662 4128 739 4197; x_wconf 77' lang='grc'><strong>(1)</strong></span> <span class='ocrx_word' id='word_1_448' title='bbox 793 4128 1077 4191; x_wconf 85' lang='lat' dir='ltr'><strong>servimus,</strong></span> <span class='ocrx_word' id='word_1_449' title='bbox 1122 4138 1177 4181; x_wconf 89' lang='lat' dir='ltr'><strong>et</strong></span> <span class='ocrx_word' id='word_1_450' title='bbox 1217 4127 1512 4197; x_wconf 86' lang='lat' dir='ltr'><strong>gloriamur</strong></span> <span class='ocrx_word' id='word_1_451' title='bbox 1561 4129 1616 4182; x_wconf 90' lang='lat' dir='ltr'><strong>in</strong></span> <span class='ocrx_word' id='word_1_452' title='bbox 1656 4129 1871 4185; x_wconf 89' lang='lat' dir='ltr'><strong>Christo</strong></span> 
     </span>
    </p>
   </div>
   <div class='ocr_carea' id='block_1_62' title="bbox 373 4272 1863 4376">
    <p class='ocr_par' dir='ltr' id='par_1_62' title="bbox 373 4272 1863 4376">
     <span class='ocr_line' id='line_1_62' title="bbox 373 4272 1863 4376; baseline 0 -18"><span class='ocrx_word' id='word_1_453' title='bbox 373 4305 488 4376; x_wconf 73' lang='lat'><strong>(97)</strong></span> <span class='ocrx_word' id='word_1_454' title='bbox 536 4301 596 4358; x_wconf 82' lang='lat' dir='ltr'><strong>Si</strong></span> <span class='ocrx_word' id='word_1_455' title='bbox 622 4314 789 4371; x_wconf 80' lang='lat' dir='ltr'><strong>pater.</strong></span> <span class='ocrx_word' id='word_1_456' title='bbox 820 4272 1325 4376; x_wconf 23' lang='lat' dir='ltr'><strong>NoninAEzechiele</strong></span> <span class='ocrx_word' id='word_1_457' title='bbox 1354 4305 1470 4376; x_wconf 66' lang='lat' dir='ltr'><strong>haec</strong></span> <span class='ocrx_word' id='word_1_458' title='bbox 1497 4313 1733 4367; x_wconf 79' lang='lat' dir='ltr'><strong>exstant,</strong></span> <span class='ocrx_word' id='word_1_459' title='bbox 1769 4304 1863 4359; x_wconf 87' lang='lat' dir='ltr'><strong>sed</strong></span> 
     </span>
    </p>
   </div>
   <div class='ocr_carea' id='block_1_63' title="bbox 303 4374 1864 4443">
    <p class='ocr_par' dir='ltr' id='par_1_63' title="bbox 303 4374 1864 4443">
     <span class='ocr_line' id='line_1_63' title="bbox 303 4374 1864 4443; baseline -0.001 -14"><span class='ocrx_word' id='word_1_460' title='bbox 303 4374 529 4429; x_wconf 78' lang='lat' dir='ltr'><strong>Malach.</strong></span> <span class='ocrx_word' id='word_1_461' title='bbox 572 4389 690 4443; x_wconf 89' lang='lat' dir='ltr'><strong>cap.</strong></span> <span class='ocrx_word' id='word_1_462' title='bbox 729 4390 768 4438; x_wconf 91' lang='grc' dir='ltr'><strong>ι,</strong></span> <span class='ocrx_word' id='word_1_463' title='bbox 810 4389 952 4429; x_wconf 88' lang='lat' dir='ltr'><strong>vers.</strong></span> <span class='ocrx_word' id='word_1_464' title='bbox 1004 4374 1059 4437; x_wconf 87' lang='lat'><strong>6,</strong></span> <span class='ocrx_word' id='word_1_465' title='bbox 1106 4374 1193 4426; x_wconf 91' lang='lat' dir='ltr'><strong>uhi</strong></span> <span class='ocrx_word' id='word_1_466' title='bbox 1227 4376 1389 4428; x_wconf 91' lang='lat' dir='ltr'><strong>etiam</strong></span> <span class='ocrx_word' id='word_1_467' title='bbox 1429 4374 1643 4427; x_wconf 88' lang='lat' dir='ltr'><strong>inverso</strong></span> <span class='ocrx_word' id='word_1_468' title='bbox 1666 4376 1864 4443; x_wconf 90' lang='lat' dir='ltr'><strong>ordine</strong></span> 
     </span>
    </p>
   </div>
   <div class='ocr_carea' id='block_1_64' title="bbox 1970 1841 3545 1918">
    <p class='ocr_par' dir='ltr' id='par_1_64' title="bbox 1970 1841 3545 1918">
     <span class='ocr_line' id='line_1_64' title="bbox 1970 1841 3545 1918; baseline 0.003 -24"><span class='ocrx_word' id='word_1_469' title='bbox 1970 1841 2097 1906; x_wconf 83' lang='grc' dir='ltr'>δόξα</span> <span class='ocrx_word' id='word_1_470' title='bbox 2134 1860 2266 1913; x_wconf 89' lang='grc' dir='ltr'>μου;</span> <span class='ocrx_word' id='word_1_471' title='bbox 2292 1867 2311 1895; x_wconf 74' lang='grc' dir='ltr'><strong>ι</strong></span> <span class='ocrx_word' id='word_1_472' title='bbox 2360 1845 2521 1898; x_wconf 84' lang='grc' dir='ltr'>Ἀλλὰ</span> <span class='ocrx_word' id='word_1_473' title='bbox 2563 1846 2737 1899; x_wconf 87' lang='grc' dir='ltr'>ταῦτα</span> <span class='ocrx_word' id='word_1_474' title='bbox 2786 1846 2883 1916; x_wconf 84' lang='grc' dir='ltr'>μὲν</span> <span class='ocrx_word' id='word_1_475' title='bbox 2916 1846 3115 1909; x_wconf 76' lang='grc' dir='ltr'>οὓτως·</span> <span class='ocrx_word' id='word_1_476' title='bbox 3148 1847 3233 1915; x_wconf 75' lang='grc' dir='ltr'><strong>ἐφ’</strong></span> <span class='ocrx_word' id='word_1_477' title='bbox 3265 1847 3294 1900; x_wconf 79' lang='grc' dir='ltr'><strong>ὃ</strong></span> <span class='ocrx_word' id='word_1_478' title='bbox 3322 1847 3379 1900; x_wconf 83' lang='grc' dir='ltr'>δὲ</span> <span class='ocrx_word' id='word_1_479' title='bbox 3417 1850 3545 1918; x_wconf 74' lang='grc' dir='ltr'>ἡμῖν</span> 
     </span>
    </p>
   </div>
   <div class='ocr_carea' id='block_1_65' title="bbox 1971 1934 3546 2009">
    <p class='ocr_par' dir='ltr' id='par_1_65' title="bbox 1971 1934 3546 2009">
     <span class='ocr_line' id='line_1_65' title="bbox 1971 1934 3546 2009; baseline 0.004 -23"><span class='ocrx_word' id='word_1_480' title='bbox 1971 1936 1999 1987; x_wconf 87' lang='grc' dir='ltr'><strong>ό</strong></span> <span class='ocrx_word' id='word_1_481' title='bbox 2040 1934 2198 2002; x_wconf 84' lang='grc' dir='ltr'>λόγος</span> <span class='ocrx_word' id='word_1_482' title='bbox 2249 1934 2541 2007; x_wconf 82' lang='grc' dir='ltr'><strong>ὥρμηται,</strong></span> <span class='ocrx_word' id='word_1_483' title='bbox 2599 1939 2863 2009; x_wconf 83' lang='grc' dir='ltr'>μετιτέον.</span> <span class='ocrx_word' id='word_1_484' title='bbox 2909 1940 3135 2009; x_wconf 73' lang='grc' dir='ltr'>Ἰδωμεν</span> <span class='ocrx_word' id='word_1_485' title='bbox 3188 1940 3267 2000; x_wconf 85' lang='grc' dir='ltr'>δὲ,</span> <span class='ocrx_word' id='word_1_486' title='bbox 3299 1939 3352 1992; x_wconf 89' lang='grc' dir='ltr'><strong>τί</strong></span> <span class='ocrx_word' id='word_1_487' title='bbox 3397 1940 3546 2007; x_wconf 70' lang='grc' dir='ltr'>λέγει</span> 
     </span>
    </p>
   </div>
   <div class='ocr_carea' id='block_1_66' title="bbox 1971 2024 3542 2103">
    <p class='ocr_par' dir='ltr' id='par_1_66' title="bbox 1971 2024 3542 2103">
     <span class='ocr_line' id='line_1_66' title="bbox 1971 2024 3542 2103; baseline 0.003 -22"><span class='ocrx_word' id='word_1_488' title='bbox 1971 2028 2065 2081; x_wconf 85' lang='lat' dir='ltr'><strong>xui</strong></span> <span class='ocrx_word' id='word_1_489' title='bbox 2106 2024 2261 2092; x_wconf 78' lang='grc' dir='ltr'>αὖθις</span> <span class='ocrx_word' id='word_1_490' title='bbox 2300 2031 2329 2082; x_wconf 80' lang='grc' dir='ltr'><strong>ὁ</strong></span> <span class='ocrx_word' id='word_1_491' title='bbox 2359 2030 2588 2095; x_wconf 82' lang='grc' dir='ltr'>Παῦλος,</span> <span class='ocrx_word' id='word_1_492' title='bbox 2636 2032 3014 2103; x_wconf 82' lang='grc' dir='ltr'>Φιλιππησίοις</span> <span class='ocrx_word' id='word_1_493' title='bbox 3066 2049 3325 2102; x_wconf 85' lang='grc' dir='ltr'>γραφων·</span> <span class='ocrx_word' id='word_1_494' title='bbox 3370 2052 3390 2084; x_wconf 93' lang='lat'><strong>«</strong></span> <span class='ocrx_word' id='word_1_495' title='bbox 3424 2034 3542 2086; x_wconf 72' lang='grc' dir='ltr'><strong>Βλέ·</strong></span> 
     </span>
    </p>
   </div>
   <div class='ocr_carea' id='block_1_67' title="bbox 1971 2119 3546 2195">
    <p class='ocr_par' dir='ltr' id='par_1_67' title="bbox 1971 2119 3546 2195">
     <span class='ocr_line' id='line_1_67' title="bbox 1971 2119 3546 2195; baseline 0.011 -25"><span class='ocrx_word' id='word_1_496' title='bbox 1971 2135 2104 2171; x_wconf 88' lang='grc' dir='ltr'>πετε</span> <span class='ocrx_word' id='word_1_497' title='bbox 2145 2119 2242 2191; x_wconf 84' lang='grc' dir='ltr'>τὴν</span> <span class='ocrx_word' id='word_1_498' title='bbox 2275 2124 2589 2193; x_wconf 84' lang='grc' dir='ltr'>κατατομήν</span> <span class='ocrx_word' id='word_1_499' title='bbox 2609 2140 2622 2152; x_wconf 92' lang='grc'><strong>·</strong></span> <span class='ocrx_word' id='word_1_500' title='bbox 2654 2124 2814 2192; x_wconf 77' lang='grc' dir='ltr'>ἡμεῖς</span> <span class='ocrx_word' id='word_1_501' title='bbox 2846 2124 2955 2195; x_wconf 84' lang='grc' dir='ltr'>γάρ</span> <span class='ocrx_word' id='word_1_502' title='bbox 2996 2124 3219 2194; x_wconf 81' lang='grc' dir='ltr'>ἐσμενή</span> <span class='ocrx_word' id='word_1_503' title='bbox 3250 2126 3546 2194; x_wconf 79' lang='grc' dir='ltr'>περιτομὴ.</span> 
     </span>
    </p>
   </div>
   <div class='ocr_carea' id='block_1_68' title="bbox 1970 2209 3545 2283">
    <p class='ocr_par' dir='ltr' id='par_1_68' title="bbox 1970 2209 3545 2283">
     <span class='ocr_line' id='line_1_68' title="bbox 1970 2209 3545 2283; baseline 0.004 -21"><span class='ocrx_word' id='word_1_504' title='bbox 1970 2211 2019 2263; x_wconf 85' lang='grc' dir='ltr'>οἱ</span> <span class='ocrx_word' id='word_1_505' title='bbox 2067 2209 2341 2280; x_wconf 89' lang='grc' dir='ltr'>Πνεύματι</span> <span class='ocrx_word' id='word_1_506' title='bbox 2374 2211 2507 2264; x_wconf 85' lang='grc' dir='ltr'>Θεοῦ</span> <span class='ocrx_word' id='word_1_507' title='bbox 2550 2211 2924 2283; x_wconf 81' lang='grc' dir='ltr'>λατρεύοντες,</span> <span class='ocrx_word' id='word_1_508' title='bbox 2955 2215 3050 2267; x_wconf 90' lang='lat' dir='ltr'><strong>xui</strong></span> <span class='ocrx_word' id='word_1_509' title='bbox 3102 2213 3452 2283; x_wconf 83' lang='grc' dir='ltr'>καυχώμενοι</span> <span class='ocrx_word' id='word_1_510' title='bbox 3492 2218 3545 2268; x_wconf 69' lang='grc' dir='ltr'>ἐν</span> 
     </span>
    </p>
   </div>
   <div class='ocr_carea' id='block_1_69' title="bbox 1970 2300 3547 2376">
    <p class='ocr_par' dir='ltr' id='par_1_69' title="bbox 1970 2300 3547 2376">
     <span class='ocr_line' id='line_1_69' title="bbox 1970 2300 3547 2376; baseline 0.004 -24"><span class='ocrx_word' id='word_1_511' title='bbox 1970 2300 2191 2372; x_wconf 81' lang='grc' dir='ltr'>Χριστῷ</span> <span class='ocrx_word' id='word_1_512' title='bbox 2224 2300 2418 2371; x_wconf 84' lang='grc' dir='ltr'>Ἰησοῦ.</span> <span class='ocrx_word' id='word_1_513' title='bbox 2462 2322 2480 2351; x_wconf 75' lang='grc' dir='ltr'><strong>ι</strong></span> <span class='ocrx_word' id='word_1_514' title='bbox 2527 2302 2657 2366; x_wconf 85' lang='grc' dir='ltr'>Θεὸς</span> <span class='ocrx_word' id='word_1_515' title='bbox 2681 2300 2773 2356; x_wconf 81' lang='grc' dir='ltr'><strong>οὖν</strong></span> <span class='ocrx_word' id='word_1_516' title='bbox 2797 2304 2858 2356; x_wconf 77' lang='grc' dir='ltr'>τὸ</span> <span class='ocrx_word' id='word_1_517' title='bbox 2896 2305 3049 2373; x_wconf 78' lang='grc' dir='ltr'>ἅγιον</span> <span class='ocrx_word' id='word_1_518' title='bbox 3081 2305 3325 2376; x_wconf 88' lang='grc' dir='ltr'>Πνεῦμα,</span> <span class='ocrx_word' id='word_1_519' title='bbox 3368 2308 3547 2358; x_wconf 78' lang='grc' dir='ltr'>πᾶσαν</span> 
     </span>
    </p>
   </div>
   <div class='ocr_carea' id='block_1_70' title="bbox 1972 2393 3547 2469">
    <p class='ocr_par' dir='ltr' id='par_1_70' title="bbox 1972 2393 3547 2469">
     <span class='ocr_line' id='line_1_70' title="bbox 1972 2393 3547 2469; baseline 0.003 -24"><span class='ocrx_word' id='word_1_520' title='bbox 1972 2393 2441 2463; x_wconf 80' lang='grc' dir='ltr'>ἀναπεμπομένην</span> <span class='ocrx_word' id='word_1_521' title='bbox 2470 2393 2659 2447; x_wconf 88' lang='grc' dir='ltr'>θυσίαν</span> <span class='ocrx_word' id='word_1_522' title='bbox 2698 2397 2795 2448; x_wconf 76' lang='grc' dir='ltr'><strong>σὺν</strong></span> <span class='ocrx_word' id='word_1_523' title='bbox 2836 2395 2914 2467; x_wconf 81' lang='grc' dir='ltr'>τῷ</span> <span class='ocrx_word' id='word_1_524' title='bbox 2950 2398 3127 2469; x_wconf 74' lang='grc' dir='ltr'>Πατρὶ</span> <span class='ocrx_word' id='word_1_525' title='bbox 3174 2399 3269 2451; x_wconf 87' lang='lat' dir='ltr'><strong>xui</strong></span> <span class='ocrx_word' id='word_1_526' title='bbox 3310 2398 3390 2469; x_wconf 82' lang='grc' dir='ltr'><strong>τῷ</strong></span> <span class='ocrx_word' id='word_1_527' title='bbox 3437 2397 3547 2467; x_wconf 80' lang='grc' dir='ltr'>Υἰῴ</span> 
     </span>
    </p>
   </div>
   <div class='ocr_carea' id='block_1_71' title="bbox 1969 2484 3546 2559">
    <p class='ocr_par' dir='ltr' id='par_1_71' title="bbox 1969 2484 3546 2559">
     <span class='ocr_line' id='line_1_71' title="bbox 1969 2484 3546 2559; baseline 0.001 -21"><span class='ocrx_word' id='word_1_528' title='bbox 1969 2484 2289 2554; x_wconf 86' lang='grc' dir='ltr'>δεχόμενον·</span> <span class='ocrx_word' id='word_1_529' title='bbox 2345 2485 2565 2557; x_wconf 83' lang='grc' dir='ltr'>εὔδηλον</span> <span class='ocrx_word' id='word_1_530' title='bbox 2621 2486 2759 2558; x_wconf 80' lang='grc' dir='ltr'>γὰρ,</span> <span class='ocrx_word' id='word_1_531' title='bbox 2808 2487 2883 2551; x_wconf 85' lang='grc' dir='ltr'>ὡς</span> <span class='ocrx_word' id='word_1_532' title='bbox 2936 2489 2969 2559; x_wconf 87' lang='grc' dir='ltr'>ἠ</span> <span class='ocrx_word' id='word_1_533' title='bbox 3027 2488 3249 2559; x_wconf 89' lang='grc' dir='ltr'>λατρεία</span> <span class='ocrx_word' id='word_1_534' title='bbox 3305 2488 3385 2558; x_wconf 81' lang='grc' dir='ltr'>τῷ</span> <span class='ocrx_word' id='word_1_535' title='bbox 3431 2486 3546 2547; x_wconf 83' lang='grc' dir='ltr'>Θεῷ</span> 
     </span>
    </p>
   </div>
   <div class='ocr_carea' id='block_1_72' title="bbox 1974 2577 3549 2651">
    <p class='ocr_par' dir='ltr' id='par_1_72' title="bbox 1974 2577 3549 2651">
     <span class='ocr_line' id='line_1_72' title="bbox 1974 2577 3549 2651; baseline 0.001 -23"><span class='ocrx_word' id='word_1_536' title='bbox 1974 2577 2120 2647; x_wconf 85' lang='grc' dir='ltr'>μόνῳ</span> <span class='ocrx_word' id='word_1_537' title='bbox 2167 2577 2457 2645; x_wconf 76' lang='grc' dir='ltr'>ὀφείλεται.</span> <span class='ocrx_word' id='word_1_538' title='bbox 2504 2578 2640 2630; x_wconf 84' lang='grc' dir='ltr'>Ἀλλ’</span> <span class='ocrx_word' id='word_1_539' title='bbox 2686 2580 2734 2631; x_wconf 85' lang='grc' dir='ltr'>οἱ</span> <span class='ocrx_word' id='word_1_540' title='bbox 2796 2579 3065 2651; x_wconf 80' lang='grc' dir='ltr'>αίρετικοὶ</span> <span class='ocrx_word' id='word_1_541' title='bbox 3126 2579 3359 2650; x_wconf 86' lang='grc' dir='ltr'>κόρακες</span> <span class='ocrx_word' id='word_1_542' title='bbox 3425 2577 3549 2648; x_wconf 84' lang='grc' dir='ltr'><strong>βλέ-</strong></span> 
     </span>
    </p>
   </div>
   <div class='ocr_carea' id='block_1_73' title="bbox 1970 2667 3545 2741">
    <p class='ocr_par' dir='ltr' id='par_1_73' title="bbox 1970 2667 3545 2741">
     <span class='ocr_line' id='line_1_73' title="bbox 1970 2667 3545 2741; baseline -0.001 -23"><span class='ocrx_word' id='word_1_543' title='bbox 1970 2684 2104 2719; x_wconf 84' lang='grc' dir='ltr'>πετε</span> <span class='ocrx_word' id='word_1_544' title='bbox 2135 2667 2253 2731; x_wconf 84' lang='grc' dir='ltr'>πῶς</span> <span class='ocrx_word' id='word_1_545' title='bbox 2296 2671 2410 2732; x_wconf 85' lang='grc' dir='ltr'>τοῖς</span> <span class='ocrx_word' id='word_1_546' title='bbox 2439 2669 2604 2732; x_wconf 86' lang='grc' dir='ltr'>θείοις</span> <span class='ocrx_word' id='word_1_547' title='bbox 2650 2669 2991 2740; x_wconf 86' lang='grc' dir='ltr'>λυμήνασθαι</span> <span class='ocrx_word' id='word_1_548' title='bbox 3038 2670 3404 2741; x_wconf 74' lang='grc' dir='ltr'>ἐπεχείρησαν</span> <span class='ocrx_word' id='word_1_549' title='bbox 3444 2672 3545 2741; x_wconf 65' lang='grc' dir='ltr'><strong>ῥην</strong></span> 
     </span>
    </p>
   </div>
   <div class='ocr_carea' id='block_1_74' title="bbox 1969 2760 3550 2832">
    <p class='ocr_par' dir='ltr' id='par_1_74' title="bbox 1969 2760 3550 2832">
     <span class='ocr_line' id='line_1_74' title="bbox 1969 2760 3550 2832; baseline 0.004 -21"><span class='ocrx_word' id='word_1_550' title='bbox 1969 2761 2101 2823; x_wconf 83' lang='grc' dir='ltr'>τοῖς,</span> <span class='ocrx_word' id='word_1_551' title='bbox 2132 2760 2199 2811; x_wconf 87' lang='grc' dir='ltr'><strong>δι’</strong></span> <span class='ocrx_word' id='word_1_552' title='bbox 2232 2760 2348 2823; x_wconf 79' lang='grc' dir='ltr'>ἑνὸς</span> <span class='ocrx_word' id='word_1_553' title='bbox 2398 2760 2661 2831; x_wconf 87' lang='grc' dir='ltr'>στοιχείου</span> <span class='ocrx_word' id='word_1_554' title='bbox 2710 2762 3055 2831; x_wconf 76' lang='grc' dir='ltr'>ὑπαλλαγῆς·</span> <span class='ocrx_word' id='word_1_555' title='bbox 3104 2762 3249 2825; x_wconf 86' lang='grc' dir='ltr'>τινὲς</span> <span class='ocrx_word' id='word_1_556' title='bbox 3294 2762 3406 2832; x_wconf 80' lang='grc' dir='ltr'><strong>γὰρ</strong></span> <span class='ocrx_word' id='word_1_557' title='bbox 3456 2763 3550 2817; x_wconf 80' lang='grc' dir='ltr'><strong>αὑ-</strong></span> 
     </span>
    </p>
   </div>
   <div class='ocr_carea' id='block_1_75' title="bbox 1968 2848 3545 2922">
    <p class='ocr_par' dir='ltr' id='par_1_75' title="bbox 1968 2848 3545 2922">
     <span class='ocr_line' id='line_1_75' title="bbox 1968 2848 3545 2922; baseline 0.003 -22"><span class='ocrx_word' id='word_1_558' title='bbox 1968 2848 2077 2901; x_wconf 79' lang='grc' dir='ltr'>τῶν</span> <span class='ocrx_word' id='word_1_559' title='bbox 2123 2850 2407 2920; x_wconf 80' lang='grc' dir='ltr'>ἐποίησαν,</span> <span class='ocrx_word' id='word_1_560' title='bbox 2462 2870 2479 2901; x_wconf 84' lang='grc' dir='ltr'><strong>ι</strong></span> <span class='ocrx_word' id='word_1_561' title='bbox 2506 2853 2569 2903; x_wconf 86' lang='grc' dir='ltr'>Οί</span> <span class='ocrx_word' id='word_1_562' title='bbox 2613 2851 2892 2922; x_wconf 85' lang='grc' dir='ltr'>Πνεύματι</span> <span class='ocrx_word' id='word_1_563' title='bbox 2948 2851 3068 2922; x_wconf 86' lang='grc' dir='ltr'>Θεῷ</span> <span class='ocrx_word' id='word_1_564' title='bbox 3118 2852 3497 2922; x_wconf 83' lang='grc' dir='ltr'>λατρεύοντες,</span> <span class='ocrx_word' id='word_1_565' title='bbox 3524 2872 3545 2905; x_wconf 72' lang='grc' dir='ltr'><strong>ι</strong></span> 
     </span>
    </p>
   </div>
   <div class='ocr_carea' id='block_1_76' title="bbox 1972 2940 3549 3015">
    <p class='ocr_par' dir='ltr' id='par_1_76' title="bbox 1972 2940 3549 3015">
     <span class='ocr_line' id='line_1_76' title="bbox 1972 2940 3549 3015; baseline 0.003 -23"><span class='ocrx_word' id='word_1_566' title='bbox 1972 2941 2057 2993; x_wconf 76' lang='grc' dir='ltr'>ἵνα</span> <span class='ocrx_word' id='word_1_567' title='bbox 2089 2940 2162 3010; x_wconf 85' lang='grc' dir='ltr'>μὴ</span> <span class='ocrx_word' id='word_1_568' title='bbox 2188 2940 2456 2994; x_wconf 83' lang='grc' dir='ltr'>δείκνυται</span> <span class='ocrx_word' id='word_1_569' title='bbox 2491 2944 2522 3012; x_wconf 84' lang='grc' dir='ltr'>ἡ</span> <span class='ocrx_word' id='word_1_570' title='bbox 2549 2941 2677 3013; x_wconf 76' lang='grc' dir='ltr'>[ιιι</span> <span class='ocrx_word' id='word_1_571' title='bbox 2697 2942 2752 3014; x_wconf 74' lang='grc' dir='ltr'>ιι]</span> <span class='ocrx_word' id='word_1_572' title='bbox 2785 2942 3009 3013; x_wconf 80' lang='grc' dir='ltr'>λατρεία</span> <span class='ocrx_word' id='word_1_573' title='bbox 3046 2944 3124 3014; x_wconf 83' lang='grc' dir='ltr'>τῷ</span> <span class='ocrx_word' id='word_1_574' title='bbox 3149 2944 3429 3015; x_wconf 86' lang='grc' dir='ltr'>Πνεύματι</span> <span class='ocrx_word' id='word_1_575' title='bbox 3452 2946 3549 2999; x_wconf 88' lang='grc' dir='ltr'><strong>τοῦ</strong></span> 
     </span>
    </p>
   </div>
   <div class='ocr_carea' id='block_1_77' title="bbox 1970 3029 3548 3107">
    <p class='ocr_par' dir='ltr' id='par_1_77' title="bbox 1970 3029 3548 3107">
     <span class='ocr_line' id='line_1_77' title="bbox 1970 3029 3548 3107; baseline 0.005 -26"><span class='ocrx_word' id='word_1_576' title='bbox 1970 3029 2129 3093; x_wconf 88' lang='grc' dir='ltr'>Θεοῦ,</span> <span class='ocrx_word' id='word_1_577' title='bbox 2159 3030 2273 3082; x_wconf 83' lang='grc' dir='ltr'>ἀλλ’</span> <span class='ocrx_word' id='word_1_578' title='bbox 2330 3032 2388 3085; x_wconf 82' lang='grc' dir='ltr'>ὲν</span> <span class='ocrx_word' id='word_1_579' title='bbox 2419 3032 2691 3102; x_wconf 80' lang='grc' dir='ltr'>πνεύματι</span> <span class='ocrx_word' id='word_1_580' title='bbox 2740 3032 2815 3103; x_wconf 80' lang='grc' dir='ltr'>τῷ</span> <span class='ocrx_word' id='word_1_581' title='bbox 2863 3032 2982 3103; x_wconf 81' lang='grc' dir='ltr'>Θεῷ</span> <span class='ocrx_word' id='word_1_582' title='bbox 3029 3037 3125 3088; x_wconf 88' lang='lat' dir='ltr'><strong>xui</strong></span> <span class='ocrx_word' id='word_1_583' title='bbox 3174 3036 3352 3107; x_wconf 74' lang='grc' dir='ltr'>Πατρὶ</span> <span class='ocrx_word' id='word_1_584' title='bbox 3404 3038 3548 3107; x_wconf 80' lang='grc' dir='ltr'>μόνῳ</span> 
     </span>
    </p>
   </div>
   <div class='ocr_carea' id='block_1_78' title="bbox 1972 3121 3547 3198">
    <p class='ocr_par' dir='ltr' id='par_1_78' title="bbox 1972 3121 3547 3198">
     <span class='ocr_line' id='line_1_78' title="bbox 1972 3121 3547 3198; baseline 0.005 -24"><span class='ocrx_word' id='word_1_585' title='bbox 1972 3121 2375 3192; x_wconf 77' lang='grc' dir='ltr'>προσαγομένη.</span> <span class='ocrx_word' id='word_1_586' title='bbox 2407 3124 2616 3194; x_wconf 84' lang='grc' dir='ltr'>Ὥσπερ</span> <span class='ocrx_word' id='word_1_587' title='bbox 2665 3125 2758 3178; x_wconf 89' lang='lat' dir='ltr'><strong>xui</strong></span> <span class='ocrx_word' id='word_1_588' title='bbox 2812 3126 2870 3177; x_wconf 75' lang='grc' dir='ltr'>ὲν</span> <span class='ocrx_word' id='word_1_589' title='bbox 2920 3129 2988 3197; x_wconf 83' lang='grc' dir='ltr'><strong>τῇ</strong></span> <span class='ocrx_word' id='word_1_590' title='bbox 3042 3127 3177 3196; x_wconf 79' lang='grc' dir='ltr'>πρὸς</span> <span class='ocrx_word' id='word_1_591' title='bbox 3222 3128 3547 3198; x_wconf 73' lang='grc' dir='ltr'>Κορινθίους</span> 
     </span>
    </p>
   </div>
   <div class='ocr_carea' id='block_1_79' title="bbox 1969 3210 3550 3285">
    <p class='ocr_par' dir='ltr' id='par_1_79' title="bbox 1969 3210 3550 3285">
     <span class='ocr_line' id='line_1_79' title="bbox 1969 3210 3550 3285; baseline 0.003 -21"><span class='ocrx_word' id='word_1_592' title='bbox 1969 3210 2064 3264; x_wconf 85' lang='grc' dir='ltr'><strong>τοῦ</strong></span> <span class='ocrx_word' id='word_1_593' title='bbox 2115 3211 2329 3265; x_wconf 88' lang='grc' dir='ltr'>Παύλου</span> <span class='ocrx_word' id='word_1_594' title='bbox 2382 3213 2755 3283; x_wconf 84' lang='grc' dir='ltr'>γεγραφότος·</span> <span class='ocrx_word' id='word_1_595' title='bbox 2811 3234 2829 3265; x_wconf 84' lang='grc' dir='ltr'><strong>ι</strong></span> <span class='ocrx_word' id='word_1_596' title='bbox 2859 3215 2923 3267; x_wconf 80' lang='lat' dir='ltr'><strong>Ei</strong></span> <span class='ocrx_word' id='word_1_597' title='bbox 2972 3214 3029 3268; x_wconf 84' lang='grc' dir='ltr'>δὲ</span> <span class='ocrx_word' id='word_1_598' title='bbox 3067 3215 3131 3268; x_wconf 87' lang='grc' dir='ltr'>τὸ</span> <span class='ocrx_word' id='word_1_599' title='bbox 3180 3215 3407 3285; x_wconf 84' lang='grc' dir='ltr'>Πνεῦμα</span> <span class='ocrx_word' id='word_1_600' title='bbox 3452 3215 3550 3268; x_wconf 82' lang='grc' dir='ltr'><strong>τοῦ</strong></span> 
     </span>
    </p>
   </div>
   <div class='ocr_carea' id='block_1_80' title="bbox 1968 3301 3552 3377">
    <p class='ocr_par' dir='ltr' id='par_1_80' title="bbox 1968 3301 3552 3377">
     <span class='ocr_line' id='line_1_80' title="bbox 1968 3301 3552 3377; baseline 0.003 -22"><span class='ocrx_word' id='word_1_601' title='bbox 1968 3301 2280 3373; x_wconf 73' lang='grc' dir='ltr'>ἐγείραντος</span> <span class='ocrx_word' id='word_1_602' title='bbox 2336 3303 2539 3373; x_wconf 87' lang='grc' dir='ltr'>Ἰησοῦν</span> <span class='ocrx_word' id='word_1_603' title='bbox 2595 3305 2828 3375; x_wconf 85' lang='grc' dir='ltr'>Χριστὸν</span> <span class='ocrx_word' id='word_1_604' title='bbox 2907 3307 2972 3359; x_wconf 85' lang='grc' dir='ltr'>ὲκ</span> <span class='ocrx_word' id='word_1_605' title='bbox 3027 3306 3234 3377; x_wconf 85' lang='grc' dir='ltr'>νεκρῶν</span> <span class='ocrx_word' id='word_1_606' title='bbox 3290 3308 3433 3359; x_wconf 80' lang='grc' dir='ltr'>οἰκεῖ</span> <span class='ocrx_word' id='word_1_607' title='bbox 3490 3308 3552 3359; x_wconf 74' lang='grc' dir='ltr'>ἐν</span> 
     </span>
    </p>
   </div>
   <div class='ocr_carea' id='block_1_81' title="bbox 1970 3396 3551 3468">
    <p class='ocr_par' dir='ltr' id='par_1_81' title="bbox 1970 3396 3551 3468">
     <span class='ocr_line' id='line_1_81' title="bbox 1970 3396 3551 3468; baseline 0.003 -20"><span class='ocrx_word' id='word_1_608' title='bbox 1970 3396 2137 3465; x_wconf 80' lang='grc' dir='ltr'>ὑμῖν·</span> <span class='ocrx_word' id='word_1_609' title='bbox 2168 3397 2197 3449; x_wconf 90' lang='grc' dir='ltr'><strong>ὁ</strong></span> <span class='ocrx_word' id='word_1_610' title='bbox 2245 3396 2468 3467; x_wconf 78' lang='grc' dir='ltr'>ἐγείρας</span> <span class='ocrx_word' id='word_1_611' title='bbox 2523 3396 2756 3468; x_wconf 81' lang='grc' dir='ltr'>Χριστὸν</span> <span class='ocrx_word' id='word_1_612' title='bbox 2796 3397 3000 3468; x_wconf 82' lang='grc' dir='ltr'>Ἰησοῦν</span> <span class='ocrx_word' id='word_1_613' title='bbox 3050 3400 3115 3452; x_wconf 82' lang='grc' dir='ltr'>ὲκ</span> <span class='ocrx_word' id='word_1_614' title='bbox 3156 3399 3366 3468; x_wconf 83' lang='grc' dir='ltr'>νεκρῶν</span> <span class='ocrx_word' id='word_1_615' title='bbox 3410 3400 3551 3463; x_wconf 77' lang='grc' dir='ltr'><strong>ζωο-</strong></span> 
     </span>
    </p>
   </div>
   <div class='ocr_carea' id='block_1_82' title="bbox 1969 3487 3549 3558">
    <p class='ocr_par' dir='ltr' id='par_1_82' title="bbox 1969 3487 3549 3558">
     <span class='ocr_line' id='line_1_82' title="bbox 1969 3487 3549 3558; baseline 0.003 -20"><span class='ocrx_word' id='word_1_616' title='bbox 1969 3487 2182 3557; x_wconf 85' lang='grc' dir='ltr'>ποιήσει</span> <span class='ocrx_word' id='word_1_617' title='bbox 2220 3487 2403 3540; x_wconf 79' lang='grc' dir='ltr'>καὶτὰ</span> <span class='ocrx_word' id='word_1_618' title='bbox 2450 3487 2617 3558; x_wconf 83' lang='grc' dir='ltr'>θνητὰ</span> <span class='ocrx_word' id='word_1_619' title='bbox 2649 3487 2801 3558; x_wconf 84' lang='grc' dir='ltr'>ὑμῶν</span> <span class='ocrx_word' id='word_1_620' title='bbox 2847 3488 3096 3558; x_wconf 79' lang='grc' dir='ltr'>σώματα,</span> <span class='ocrx_word' id='word_1_621' title='bbox 3134 3489 3221 3543; x_wconf 85' lang='grc' dir='ltr'>διὰ</span> <span class='ocrx_word' id='word_1_622' title='bbox 3252 3489 3347 3542; x_wconf 88' lang='grc' dir='ltr'><strong>τοῦ</strong></span> <span class='ocrx_word' id='word_1_623' title='bbox 3402 3492 3549 3543; x_wconf 63' lang='lat' dir='ltr'><strong>evo:-</strong></span> 
     </span>
    </p>
   </div>
   <div class='ocr_carea' id='block_1_83' title="bbox 1973 3577 3549 3651">
    <p class='ocr_par' dir='ltr' id='par_1_83' title="bbox 1973 3577 3549 3651">
     <span class='ocr_line' id='line_1_83' title="bbox 1973 3577 3549 3651; baseline 0.003 -20"><span class='ocrx_word' id='word_1_624' title='bbox 1973 3577 2194 3642; x_wconf 86' lang='grc' dir='ltr'>κοῦντος</span> <span class='ocrx_word' id='word_1_625' title='bbox 2225 3578 2388 3632; x_wconf 78' lang='grc' dir='ltr'>αὐτοῦ</span> <span class='ocrx_word' id='word_1_626' title='bbox 2441 3578 2757 3649; x_wconf 88' lang='grc' dir='ltr'>Πνεύματος</span> <span class='ocrx_word' id='word_1_627' title='bbox 2802 3582 2859 3633; x_wconf 83' lang='grc' dir='ltr'>ὲν</span> <span class='ocrx_word' id='word_1_628' title='bbox 2909 3581 3070 3651; x_wconf 86' lang='grc' dir='ltr'>ὑμῖν·</span> <span class='ocrx_word' id='word_1_629' title='bbox 3095 3600 3113 3633; x_wconf 84' lang='grc'><strong>›</strong></span> <span class='ocrx_word' id='word_1_630' title='bbox 3160 3584 3357 3634; x_wconf 78' lang='grc' dir='ltr'>ἐκεῖνοι</span> <span class='ocrx_word' id='word_1_631' title='bbox 3394 3582 3549 3635; x_wconf 72' lang='grc' dir='ltr'>ἐναλο</span> 
     </span>
    </p>
   </div>
   <div class='ocr_carea' id='block_1_84' title="bbox 1971 3670 3549 3745">
    <p class='ocr_par' dir='ltr' id='par_1_84' title="bbox 1971 3670 3549 3745">
     <span class='ocr_line' id='line_1_84' title="bbox 1971 3670 3549 3745; baseline 0.001 -22"><span class='ocrx_word' id='word_1_632' title='bbox 1971 3670 2229 3734; x_wconf 81' lang='grc' dir='ltr'>λάξαντες</span> <span class='ocrx_word' id='word_1_633' title='bbox 2271 3672 2564 3742; x_wconf 79' lang='grc' dir='ltr'>ἐποίησαν·</span> <span class='ocrx_word' id='word_1_634' title='bbox 2604 3672 2703 3725; x_wconf 82' lang='grc' dir='ltr'><strong>Διὰ</strong></span> <span class='ocrx_word' id='word_1_635' title='bbox 2730 3672 2790 3725; x_wconf 88' lang='grc' dir='ltr'>τὸ</span> <span class='ocrx_word' id='word_1_636' title='bbox 2832 3673 3073 3727; x_wconf 81' lang='grc' dir='ltr'>ἐνοικοῦν</span> <span class='ocrx_word' id='word_1_637' title='bbox 3112 3674 3274 3728; x_wconf 83' lang='grc' dir='ltr'>αὐτοῦ</span> <span class='ocrx_word' id='word_1_638' title='bbox 3319 3674 3549 3745; x_wconf 73' lang='grc' dir='ltr'>Πνεῦμα</span> 
     </span>
    </p>
   </div>
   <div class='ocr_carea' id='block_1_85' title="bbox 1972 3762 3551 3839">
    <p class='ocr_par' dir='ltr' id='par_1_85' title="bbox 1972 3762 3551 3839">
     <span class='ocr_line' id='line_1_85' title="bbox 1972 3762 3551 3839; baseline -0.001 -24"><span class='ocrx_word' id='word_1_639' title='bbox 1972 3764 2030 3815; x_wconf 78' lang='grc' dir='ltr'>ἐν</span> <span class='ocrx_word' id='word_1_640' title='bbox 2067 3764 2223 3833; x_wconf 82' lang='grc' dir='ltr'>ὑμῖν·</span> <span class='ocrx_word' id='word_1_641' title='bbox 2271 3764 2357 3816; x_wconf 79' lang='grc' dir='ltr'><strong>ἵνα</strong></span> <span class='ocrx_word' id='word_1_642' title='bbox 2411 3763 2486 3833; x_wconf 83' lang='grc' dir='ltr'>μὴ</span> <span class='ocrx_word' id='word_1_643' title='bbox 2536 3762 2794 3827; x_wconf 77' lang='grc' dir='ltr'>ζωοποιὸν</span> <span class='ocrx_word' id='word_1_644' title='bbox 2836 3765 2929 3817; x_wconf 87' lang='lat' dir='ltr'><strong>xui</strong></span> <span class='ocrx_word' id='word_1_645' title='bbox 2969 3764 3295 3839; x_wconf 82' lang='grc' dir='ltr'>δημιουργὸν</span> <span class='ocrx_word' id='word_1_646' title='bbox 3333 3764 3551 3817; x_wconf 79' lang='grc' dir='ltr'>δείκνυ-</span> 
     </span>
    </p>
   </div>
   <div class='ocr_carea' id='block_1_86' title="bbox 1972 3854 3545 3926">
    <p class='ocr_par' dir='ltr' id='par_1_86' title="bbox 1972 3854 3545 3926">
     <span class='ocr_line' id='line_1_86' title="bbox 1972 3854 3545 3926; baseline 0.002 -20"><span class='ocrx_word' id='word_1_647' title='bbox 1972 3870 2083 3906; x_wconf 86' lang='grc' dir='ltr'>ται.</span> <span class='ocrx_word' id='word_1_648' title='bbox 2147 3854 2256 3907; x_wconf 78' lang='grc' dir='ltr'><strong>Καὶ</strong></span> <span class='ocrx_word' id='word_1_649' title='bbox 2294 3855 2589 3924; x_wconf 87' lang='grc' dir='ltr'>Ῥωμαίοις</span> <span class='ocrx_word' id='word_1_650' title='bbox 2658 3855 2968 3926; x_wconf 77' lang='grc' dir='ltr'>γράψαντος</span> <span class='ocrx_word' id='word_1_651' title='bbox 3036 3855 3232 3909; x_wconf 80' lang='grc' dir='ltr'>αὑτοῦ·</span> <span class='ocrx_word' id='word_1_652' title='bbox 3294 3857 3419 3911; x_wconf 76' lang='grc' dir='ltr'>ι”Π</span> <span class='ocrx_word' id='word_1_653' title='bbox 3483 3874 3545 3909; x_wconf 83' lang='grc' dir='ltr'><strong>τε</strong></span> 
     </span>
    </p>
   </div>
   <div class='ocr_carea' id='block_1_87' title="bbox 1974 3943 3548 4016">
    <p class='ocr_par' dir='ltr' id='par_1_87' title="bbox 1974 3943 3548 4016">
     <span class='ocr_line' id='line_1_87' title="bbox 1974 3943 3548 4016; baseline 0 -19"><span class='ocrx_word' id='word_1_654' title='bbox 1974 3944 2141 4006; x_wconf 77' lang='grc' dir='ltr'>ἀΐδιος</span> <span class='ocrx_word' id='word_1_655' title='bbox 2180 3943 2341 3997; x_wconf 81' lang='grc' dir='ltr'>αὑτοῦ</span> <span class='ocrx_word' id='word_1_656' title='bbox 2389 3944 2612 4014; x_wconf 87' lang='grc' dir='ltr'>δύναμις</span> <span class='ocrx_word' id='word_1_657' title='bbox 2646 3946 2739 3999; x_wconf 86' lang='lat' dir='ltr'><strong>xui</strong></span> <span class='ocrx_word' id='word_1_658' title='bbox 2783 3944 3027 4015; x_wconf 82' lang='grc' dir='ltr'>θειότης·</span> <span class='ocrx_word' id='word_1_659' title='bbox 3056 3964 3073 3996; x_wconf 76' lang='grc' dir='ltr'><strong>ι</strong></span> <span class='ocrx_word' id='word_1_660' title='bbox 3119 3947 3311 3998; x_wconf 76' lang='grc' dir='ltr'>ἐκεῖνοι</span> <span class='ocrx_word' id='word_1_661' title='bbox 3351 3947 3548 4016; x_wconf 76' lang='grc' dir='ltr'>ἐποίη-</span> 
     </span>
    </p>
   </div>
   <div class='ocr_carea' id='block_1_88' title="bbox 1977 4036 3547 4107">
    <p class='ocr_par' dir='ltr' id='par_1_88' title="bbox 1977 4036 3547 4107">
     <span class='ocr_line' id='line_1_88' title="bbox 1977 4036 3547 4107; baseline -0.001 -16"><span class='ocrx_word' id='word_1_662' title='bbox 1977 4054 2095 4101; x_wconf 85' lang='grc' dir='ltr'>σαν,</span> <span class='ocrx_word' id='word_1_663' title='bbox 2130 4036 2353 4107; x_wconf 86' lang='grc' dir='ltr'>θεότης·</span> <span class='ocrx_word' id='word_1_664' title='bbox 2400 4037 2546 4090; x_wconf 81' lang='grc' dir='ltr'>ἔστιν</span> <span class='ocrx_word' id='word_1_665' title='bbox 2588 4036 2645 4090; x_wconf 83' lang='grc' dir='ltr'>δὲ</span> <span class='ocrx_word' id='word_1_666' title='bbox 2692 4036 2753 4088; x_wconf 82' lang='grc' dir='ltr'>τὸ</span> <span class='ocrx_word' id='word_1_667' title='bbox 2796 4036 2955 4089; x_wconf 79' lang='grc' dir='ltr'>αὑτό·</span> <span class='ocrx_word' id='word_1_668' title='bbox 3007 4036 3119 4089; x_wconf 78' lang='grc' dir='ltr'>ἀλλ’</span> <span class='ocrx_word' id='word_1_669' title='bbox 3142 4038 3289 4106; x_wconf 82' lang='grc' dir='ltr'>ὅμως</span> <span class='ocrx_word' id='word_1_670' title='bbox 3342 4036 3435 4089; x_wconf 74' lang='grc' dir='ltr'><strong>διὰ</strong></span> <span class='ocrx_word' id='word_1_671' title='bbox 3486 4036 3547 4089; x_wconf 73' lang='grc' dir='ltr'>τὸ</span> 
     </span>
    </p>
   </div>
   <div class='ocr_carea' id='block_1_89' title="bbox 1978 4127 3547 4199">
    <p class='ocr_par' dir='ltr' id='par_1_89' title="bbox 1978 4127 3547 4199">
     <span class='ocr_line' id='line_1_89' title="bbox 1978 4127 3547 4199; baseline -0.001 -17"><span class='ocrx_word' id='word_1_672' title='bbox 1978 4127 2292 4183; x_wconf 88' lang='grc' dir='ltr'>στενοῦσθαι.</span> <span class='ocrx_word' id='word_1_673' title='bbox 2334 4129 2435 4192; x_wconf 80' lang='grc' dir='ltr'><strong>τὰς</strong></span> <span class='ocrx_word' id='word_1_674' title='bbox 2473 4129 2602 4198; x_wconf 84' lang='grc' dir='ltr'><strong>περὶ</strong></span> <span class='ocrx_word' id='word_1_675' title='bbox 2634 4127 2726 4181; x_wconf 88' lang='grc' dir='ltr'><strong>τοῦ</strong></span> <span class='ocrx_word' id='word_1_676' title='bbox 2781 4127 3175 4198; x_wconf 84' lang='grc' dir='ltr'>μεγαλωνύμου</span> <span class='ocrx_word' id='word_1_677' title='bbox 3224 4127 3547 4199; x_wconf 78' lang='grc' dir='ltr'>Πνεύματος</span> 
     </span>
    </p>
   </div>
   <div class='ocr_carea' id='block_1_90' title="bbox 1973 4305 3546 4374">
    <p class='ocr_par' dir='ltr' id='par_1_90' title="bbox 1973 4305 3546 4374">
     <span class='ocr_line' id='line_1_90' title="bbox 1973 4305 3546 4374; baseline 0.003 -17"><span class='ocrx_word' id='word_1_678' title='bbox 1973 4305 2149 4359; x_wconf 67' lang='lat' dir='ltr'><strong>neniae</strong></span> <span class='ocrx_word' id='word_1_679' title='bbox 2205 4306 2491 4374; x_wconf 81' lang='lat' dir='ltr'><strong>Evangelia</strong></span> <span class='ocrx_word' id='word_1_680' title='bbox 2536 4321 2598 4360; x_wconf 88' lang='lat' dir='ltr'><strong>ac</strong></span> <span class='ocrx_word' id='word_1_681' title='bbox 2633 4305 2784 4360; x_wconf 90' lang='lat' dir='ltr'><strong>Pauli</strong></span> <span class='ocrx_word' id='word_1_682' title='bbox 2837 4306 3104 4373; x_wconf 84' lang='lat' dir='ltr'><strong>Epistolas</strong></span> <span class='ocrx_word' id='word_1_683' title='bbox 3148 4306 3454 4365; x_wconf 85' lang='lat' dir='ltr'><strong>continens.</strong></span> <span class='ocrx_word' id='word_1_684' title='bbox 3489 4316 3546 4361; x_wconf 90' lang='lat' dir='ltr'><strong>et</strong></span> 
     </span>
    </p>
   </div>
   <div class='ocr_carea' id='block_1_91' title="bbox 1969 4376 3545 4444">
    <p class='ocr_par' dir='ltr' id='par_1_91' title="bbox 1969 4376 3545 4444">
     <span class='ocr_line' id='line_1_91' title="bbox 1969 4376 3545 4444; baseline 0.003 -19"><span class='ocrx_word' id='word_1_685' title='bbox 1969 4376 2163 4428; x_wconf 68' lang='lat' dir='ltr'><strong>sarculo</strong></span> <span class='ocrx_word' id='word_1_686' title='bbox 2208 4391 2281 4428; x_wconf 85' lang='lat' dir='ltr'><strong>xu</strong></span> <span class='ocrx_word' id='word_1_687' title='bbox 2321 4376 2574 4444; x_wconf 85' lang='lat' dir='ltr'><strong>scriptus,</strong></span> <span class='ocrx_word' id='word_1_688' title='bbox 2624 4387 2734 4428; x_wconf 82' lang='lat' dir='ltr'><strong>tres</strong></span> <span class='ocrx_word' id='word_1_689' title='bbox 2782 4379 2909 4428; x_wconf 73' lang='lat' dir='ltr'><strong>item</strong></span> <span class='ocrx_word' id='word_1_690' title='bbox 2947 4377 3160 4430; x_wconf 77' lang='lat' dir='ltr'><strong>codices</strong></span> <span class='ocrx_word' id='word_1_691' title='bbox 3195 4378 3246 4429; x_wconf 90' lang='lat' dir='ltr'><strong>in</strong></span> <span class='ocrx_word' id='word_1_692' title='bbox 3298 4377 3545 4442; x_wconf 82' lang='lat' dir='ltr'><strong>margine</strong></span> 
     </span>
    </p>
   </div>
   <div class='ocr_carea' id='block_1_92' title="bbox 304 4436 1756 4515">
    <p class='ocr_par' dir='ltr' id='par_1_92' title="bbox 304 4436 1718 4515">
     <span class='ocr_line' id='line_1_92' title="bbox 304 4436 1718 4515; baseline -0.021 3"><span class='ocrx_word' id='word_1_693' title='bbox 304 4436 809 4515; x_wconf 57' lang='grc' dir='ltr'>ΙθιςιιιιιιινᾸρίῖυίιο</span> <span class='ocrx_word' id='word_1_694' title='bbox 848 4446 1061 4515; x_wconf 71' lang='lat' dir='ltr'><strong>modum</strong></span> <span class='ocrx_word' id='word_1_695' title='bbox 1092 4462 1106 4497; x_wconf 88' lang='lat'><strong>:</strong></span> <span class='ocrx_word' id='word_1_696' title='bbox 1135 4444 1197 4495; x_wconf 77' lang='lat' dir='ltr'><strong>Et</strong></span> <span class='ocrx_word' id='word_1_697' title='bbox 1221 4445 1411 4515; x_wconf 84' lang='grc' dir='ltr'>Πατήρ</span> <span class='ocrx_word' id='word_1_698' title='bbox 1444 4445 1558 4515; x_wconf 83' lang='grc' dir='ltr'>εἰμι</span> <span class='ocrx_word' id='word_1_699' title='bbox 1588 4442 1718 4515; x_wconf 75' lang='grc' dir='ltr'><strong>ἐγὼ,</strong></span> 
     </span>
    </p>
   </div>
   <div class='ocr_carea' id='block_1_93' title="bbox 2091 4436 3543 4515">
    <p class='ocr_par' dir='ltr' id='par_1_93' title="bbox 2091 4436 3543 4515">
     <span class='ocr_line' id='line_1_93' title="bbox 2091 4436 3543 4515; baseline 0.001 -18"><span class='ocrx_word' id='word_1_700' title='bbox 2091 4436 2445 4515; x_wconf 60' lang='grc' dir='ltr'>ιοοΐυτιθιιδὶέ</span> <span class='ocrx_word' id='word_1_701' title='bbox 2498 4436 2749 4499; x_wconf 82' lang='lat' dir='ltr'><strong>editionis</strong></span> <span class='ocrx_word' id='word_1_702' title='bbox 2800 4446 2947 4498; x_wconf 87' lang='lat' dir='ltr'><strong>citati</strong></span> <span class='ocrx_word' id='word_1_703' title='bbox 2999 4447 3196 4499; x_wconf 88' lang='lat' dir='ltr'><strong>habent</strong></span> <span class='ocrx_word' id='word_1_704' title='bbox 3259 4436 3543 4515; x_wconf 69' lang='grc' dir='ltr'>Πνεῦμα-ει</span> 
     </span>
    </p>
   </div>
   <div class='ocr_carea' id='block_1_94' title="bbox 302 4512 1872 4584">
    <p class='ocr_par' dir='ltr' id='par_1_94' title="bbox 302 4512 1872 4584">
     <span class='ocr_line' id='line_1_94' title="bbox 302 4512 1872 4584; baseline -0.002 -16"><span class='ocrx_word' id='word_1_705' title='bbox 302 4512 512 4584; x_wconf 64' lang='grc' dir='ltr'>ἐστινὴ</span> <span class='ocrx_word' id='word_1_706' title='bbox 547 4512 669 4577; x_wconf 85' lang='grc' dir='ltr'>δόξα</span> <span class='ocrx_word' id='word_1_707' title='bbox 705 4529 840 4584; x_wconf 83' lang='grc' dir='ltr'>μου;</span> <span class='ocrx_word' id='word_1_708' title='bbox 875 4514 967 4565; x_wconf 86' lang='lat' dir='ltr'><strong>xui</strong></span> <span class='ocrx_word' id='word_1_709' title='bbox 992 4516 1040 4565; x_wconf 86' lang='grc' dir='ltr'><strong>εί</strong></span> <span class='ocrx_word' id='word_1_710' title='bbox 1067 4514 1269 4584; x_wconf 85' lang='grc' dir='ltr'>Κύριός</span> <span class='ocrx_word' id='word_1_711' title='bbox 1295 4512 1408 4584; x_wconf 79' lang='grc' dir='ltr'>εἰμι</span> <span class='ocrx_word' id='word_1_712' title='bbox 1436 4513 1569 4583; x_wconf 81' lang='grc' dir='ltr'>ἐγὼ,</span> <span class='ocrx_word' id='word_1_713' title='bbox 1601 4514 1701 4567; x_wconf 87' lang='grc' dir='ltr'><strong>ποῦ</strong></span> <span class='ocrx_word' id='word_1_714' title='bbox 1725 4516 1872 4567; x_wconf 76' lang='grc' dir='ltr'>ἐστιν</span> 
     </span>
    </p>
   </div>
   <div class='ocr_carea' id='block_1_95' title="bbox 303 4583 1873 4654">
    <p class='ocr_par' dir='ltr' id='par_1_95' title="bbox 303 4583 1873 4654">
     <span class='ocr_line' id='line_1_95' title="bbox 303 4583 1873 4654; baseline -0.002 -15"><span class='ocrx_word' id='word_1_715' title='bbox 303 4588 331 4639; x_wconf 84' lang='grc' dir='ltr'><strong>ὁ</strong></span> <span class='ocrx_word' id='word_1_716' title='bbox 365 4583 525 4654; x_wconf 80' lang='grc' dir='ltr'>φόὸος</span> <span class='ocrx_word' id='word_1_717' title='bbox 554 4600 655 4653; x_wconf 87' lang='grc' dir='ltr'><strong>μου</strong></span> <span class='ocrx_word' id='word_1_718' title='bbox 680 4583 786 4650; x_wconf 60' lang='grc' dir='ltr'>;⁷ιι1</span> <span class='ocrx_word' id='word_1_719' title='bbox 811 4595 892 4654; x_wconf 88' lang='lat' dir='ltr'><strong>est</strong></span> <span class='ocrx_word' id='word_1_720' title='bbox 924 4600 937 4635; x_wconf 90' lang='lat'><strong>:</strong></span> <span class='ocrx_word' id='word_1_721' title='bbox 987 4600 1007 4635; x_wconf 95' lang='lat'><strong>«</strong></span> <span class='ocrx_word' id='word_1_722' title='bbox 1032 4585 1088 4638; x_wconf 86' lang='lat' dir='ltr'><strong>Si</strong></span> <span class='ocrx_word' id='word_1_723' title='bbox 1134 4583 1287 4653; x_wconf 85' lang='lat' dir='ltr'><strong>pater</strong></span> <span class='ocrx_word' id='word_1_724' title='bbox 1325 4583 1443 4639; x_wconf 89' lang='lat' dir='ltr'><strong>sum</strong></span> <span class='ocrx_word' id='word_1_725' title='bbox 1477 4600 1597 4652; x_wconf 90' lang='lat' dir='ltr'><strong>ego,</strong></span> <span class='ocrx_word' id='word_1_726' title='bbox 1655 4585 1744 4637; x_wconf 92' lang='lat' dir='ltr'><strong>ubi</strong></span> <span class='ocrx_word' id='word_1_727' title='bbox 1790 4592 1873 4637; x_wconf 89' lang='lat' dir='ltr'><strong>est</strong></span> 
     </span>
    </p>
   </div>
   <div class='ocr_carea' id='block_1_96' title="bbox 304 4653 1872 4727">
    <p class='ocr_par' dir='ltr' id='par_1_96' title="bbox 304 4653 1872 4727">
     <span class='ocr_line' id='line_1_96' title="bbox 304 4653 1872 4727; baseline -0.001 -18"><span class='ocrx_word' id='word_1_728' title='bbox 304 4653 658 4727; x_wconf 72' lang='lat' dir='ltr'><strong>gloriamea?</strong></span> <span class='ocrx_word' id='word_1_729' title='bbox 696 4662 751 4708; x_wconf 90' lang='lat' dir='ltr'><strong>et</strong></span> <span class='ocrx_word' id='word_1_730' title='bbox 772 4655 826 4727; x_wconf 86' lang='lat' dir='ltr'><strong>_si</strong></span> <span class='ocrx_word' id='word_1_731' title='bbox 868 4653 1126 4727; x_wconf 89' lang='lat' dir='ltr'><strong>Dominus</strong></span> <span class='ocrx_word' id='word_1_732' title='bbox 1154 4669 1287 4727; x_wconf 74' lang='lat' dir='ltr'><strong>sum</strong></span> <span class='ocrx_word' id='word_1_733' title='bbox 1319 4668 1438 4727; x_wconf 81' lang='lat' dir='ltr'><strong>ego,</strong></span> <span class='ocrx_word' id='word_1_734' title='bbox 1481 4654 1568 4708; x_wconf 94' lang='lat' dir='ltr'><strong>ubi</strong></span> <span class='ocrx_word' id='word_1_735' title='bbox 1600 4663 1684 4709; x_wconf 86' lang='lat' dir='ltr'><strong>est</strong></span> <span class='ocrx_word' id='word_1_736' title='bbox 1712 4655 1872 4727; x_wconf 70' lang='lat' dir='ltr'><strong>timor</strong></span> 
     </span>
    </p>
   </div>
   <div class='ocr_carea' id='block_1_97' title="bbox 305 4722 1871 4792">
    <p class='ocr_par' dir='ltr' id='par_1_97' title="bbox 305 4722 1871 4792">
     <span class='ocr_line' id='line_1_97' title="bbox 305 4722 1871 4792; baseline -0.002 -13"><span class='ocrx_word' id='word_1_737' title='bbox 305 4722 498 4779; x_wconf 62' lang='lat' dir='ltr'><strong>incus?</strong></span> <span class='ocrx_word' id='word_1_738' title='bbox 526 4742 544 4773; x_wconf 73' lang='grc' dir='ltr'><strong>ι</strong></span> <span class='ocrx_word' id='word_1_739' title='bbox 582 4734 740 4792; x_wconf 87' lang='lat' dir='ltr'><strong>atque</strong></span> <span class='ocrx_word' id='word_1_740' title='bbox 771 4724 845 4779; x_wconf 89' lang='lat' dir='ltr'><strong>ita</strong></span> <span class='ocrx_word' id='word_1_741' title='bbox 889 4726 1109 4778; x_wconf 91' lang='lat' dir='ltr'><strong>omnino</strong></span> <span class='ocrx_word' id='word_1_742' title='bbox 1152 4722 1434 4791; x_wconf 81' lang='lat' dir='ltr'><strong>legendum</strong></span> <span class='ocrx_word' id='word_1_743' title='bbox 1475 4734 1561 4778; x_wconf 85' lang='lat' dir='ltr'><strong>est</strong></span> <span class='ocrx_word' id='word_1_744' title='bbox 1600 4740 1722 4780; x_wconf 90' lang='lat' dir='ltr'><strong>cum</strong></span> <span class='ocrx_word' id='word_1_745' title='bbox 1768 4722 1871 4777; x_wconf 88' lang='lat' dir='ltr'><strong>He-</strong></span> 
     </span>
    </p>
   </div>
   <div class='ocr_carea' id='block_1_98' title="bbox 303 4793 1873 4865">
    <p class='ocr_par' dir='ltr' id='par_1_98' title="bbox 303 4793 1873 4865">
     <span class='ocr_line' id='line_1_98' title="bbox 303 4793 1873 4865; baseline -0.001 -14"><span class='ocrx_word' id='word_1_746' title='bbox 303 4797 449 4851; x_wconf 81' lang='lat' dir='ltr'><strong>braeo</strong></span> <span class='ocrx_word' id='word_1_747' title='bbox 490 4805 659 4861; x_wconf 83' lang='lat' dir='ltr'><strong>textu,</strong></span> <span class='ocrx_word' id='word_1_748' title='bbox 697 4810 821 4849; x_wconf 90' lang='lat' dir='ltr'><strong>cum</strong></span> <span class='ocrx_word' id='word_1_749' title='bbox 858 4793 1105 4865; x_wconf 81' lang='lat' dir='ltr'><strong>Vulgata,</strong></span> <span class='ocrx_word' id='word_1_750' title='bbox 1141 4794 1366 4862; x_wconf 89' lang='lat' dir='ltr'><strong>aliisque</strong></span> <span class='ocrx_word' id='word_1_751' title='bbox 1402 4796 1652 4851; x_wconf 88' lang='lat' dir='ltr'><strong>omnibus</strong></span> <span class='ocrx_word' id='word_1_752' title='bbox 1681 4795 1873 4851; x_wconf 88' lang='lat' dir='ltr'><strong>editio-</strong></span> 
     </span>
    </p>
   </div>
   <div class='ocr_carea' id='block_1_99' title="bbox 305 4867 483 4919">
    <p class='ocr_par' dir='ltr' id='par_1_99' title="bbox 305 4867 483 4919">
     <span class='ocr_line' id='line_1_99' title="bbox 305 4867 483 4919; baseline 0 0"><span class='ocrx_word' id='word_1_753' title='bbox 305 4867 483 4919; x_wconf 89' lang='lat' dir='ltr'><strong>nibus.</strong></span> 
     </span>
    </p>
   </div>
   <div class='ocr_carea' id='block_1_100' title="bbox 376 4932 1870 5005">
    <p class='ocr_par' dir='ltr' id='par_1_100' title="bbox 376 4932 1870 5005">
     <span class='ocr_line' id='line_1_100' title="bbox 376 4932 1870 5005; baseline 0 -16"><span class='ocrx_word' id='word_1_754' title='bbox 376 4935 485 5005; x_wconf 86' lang='lat'><strong>(98)</strong></span> <span class='ocrx_word' id='word_1_755' title='bbox 526 4935 606 4985; x_wconf 82' lang='lat' dir='ltr'><strong>Ad</strong></span> <span class='ocrx_word' id='word_1_756' title='bbox 656 4932 1029 5003; x_wconf 73' lang='lat' dir='ltr'><strong>Pliilippenses.</strong></span> <span class='ocrx_word' id='word_1_757' title='bbox 1084 4934 1286 4994; x_wconf 85' lang='lat' dir='ltr'><strong>Codex,</strong></span> <span class='ocrx_word' id='word_1_758' title='bbox 1339 4934 1702 4997; x_wconf 83' lang='grc' dir='ltr'>Φιλιππισίοις</span> <span class='ocrx_word' id='word_1_759' title='bbox 1774 4949 1870 5003; x_wconf 84' lang='lat' dir='ltr'><strong>pro</strong></span> 
     </span>
    </p>
   </div>
   <div class='ocr_carea' id='block_1_101' title="bbox 304 5005 701 5071">
    <p class='ocr_par' dir='ltr' id='par_1_101' title="bbox 304 5005 701 5071">
     <span class='ocr_line' id='line_1_101' title="bbox 304 5005 701 5071; baseline -0.005 -13"><span class='ocrx_word' id='word_1_760' title='bbox 304 5005 701 5071; x_wconf 78' lang='grc' dir='ltr'>Φιλιππησίοις.</span> 
     </span>
    </p>
   </div>
   <div class='ocr_carea' id='block_1_102' title="bbox 379 5073 1271 5145">
    <p class='ocr_par' dir='ltr' id='par_1_102' title="bbox 379 5073 1271 5145">
     <span class='ocr_line' id='line_1_102' title="bbox 379 5073 1271 5145; baseline -0.002 -17"><span class='ocrx_word' id='word_1_761' title='bbox 379 5074 492 5145; x_wconf 77' lang='lat'><strong>(99)</strong></span> <span class='ocrx_word' id='word_1_762' title='bbox 531 5073 724 5145; x_wconf 73' lang='lat' dir='ltr'><strong>Videte.</strong></span> <span class='ocrx_word' id='word_1_763' title='bbox 758 5074 987 5145; x_wconf 74' lang='lat' dir='ltr'><strong>Philipp.</strong></span> <span class='ocrx_word' id='word_1_764' title='bbox 1026 5090 1104 5136; x_wconf 92' lang='grc' dir='ltr'>ιιι,</span> <span class='ocrx_word' id='word_1_765' title='bbox 1135 5074 1189 5135; x_wconf 69' lang='lat'><strong>2,</strong></span> <span class='ocrx_word' id='word_1_766' title='bbox 1218 5073 1271 5126; x_wconf 78' lang='grc'><strong>5.</strong></span> 
     </span>
    </p>
   </div>
   <div class='ocr_carea' id='block_1_103' title="bbox 378 5143 1872 5215">
    <p class='ocr_par' dir='ltr' id='par_1_103' title="bbox 378 5143 1872 5215">
     <span class='ocr_line' id='line_1_103' title="bbox 378 5143 1872 5215; baseline 0 -18"><span class='ocrx_word' id='word_1_767' title='bbox 378 5143 891 5215; x_wconf 64' lang='lat' dir='ltr'><strong>(iiSpirituiDei.</strong></span> <span class='ocrx_word' id='word_1_768' title='bbox 947 5143 1260 5197; x_wconf 89' lang='lat' dir='ltr'><strong>Lectionum</strong></span> <span class='ocrx_word' id='word_1_769' title='bbox 1321 5155 1631 5198; x_wconf 80' lang='lat' dir='ltr'><strong>varietatem</strong></span> <span class='ocrx_word' id='word_1_770' title='bbox 1674 5144 1872 5215; x_wconf 74' lang='lat' dir='ltr'><strong>habent</strong></span> 
     </span>
    </p>
   </div>
   <div class='ocr_carea' id='block_1_104' title="bbox 306 5211 1868 5283">
    <p class='ocr_par' dir='ltr' id='par_1_104' title="bbox 306 5211 1868 5283">
     <span class='ocr_line' id='line_1_104' title="bbox 306 5211 1868 5283; baseline -0.002 -15"><span class='ocrx_word' id='word_1_771' title='bbox 306 5215 361 5268; x_wconf 88' lang='lat' dir='ltr'><strong>in</strong></span> <span class='ocrx_word' id='word_1_772' title='bbox 389 5211 512 5283; x_wconf 54' lang='lat' dir='ltr'><strong>&#39;hqc</strong></span> <span class='ocrx_word' id='word_1_773' title='bbox 551 5211 697 5265; x_wconf 86' lang='lat' dir='ltr'><strong>Pauli</strong></span> <span class='ocrx_word' id='word_1_774' title='bbox 724 5213 856 5283; x_wconf 68' lang='lat' dir='ltr'><strong>loco</strong></span> <span class='ocrx_word' id='word_1_775' title='bbox 895 5225 1073 5267; x_wconf 88' lang='lat' dir='ltr'><strong>vetera</strong></span> <span class='ocrx_word' id='word_1_776' title='bbox 1116 5215 1443 5283; x_wconf 77' lang='lat' dir='ltr'><strong>exemplaria</strong></span> <span class='ocrx_word' id='word_1_777' title='bbox 1487 5231 1608 5269; x_wconf 91' lang='lat' dir='ltr'><strong>cum</strong></span> <span class='ocrx_word' id='word_1_778' title='bbox 1659 5213 1868 5281; x_wconf 78' lang='lat' dir='ltr'><strong>Graeca,</strong></span> 
     </span>
    </p>
   </div>
   <div class='ocr_carea' id='block_1_105' title="bbox 308 5282 1871 5352">
    <p class='ocr_par' dir='ltr' id='par_1_105' title="bbox 308 5282 1871 5352">
     <span class='ocr_line' id='line_1_105' title="bbox 308 5282 1871 5352; baseline -0.001 -16"><span class='ocrx_word' id='word_1_779' title='bbox 308 5296 421 5337; x_wconf 89' lang='lat' dir='ltr'><strong>tum</strong></span> <span class='ocrx_word' id='word_1_780' title='bbox 465 5282 676 5336; x_wconf 86' lang='lat' dir='ltr'><strong>Latina.</strong></span> <span class='ocrx_word' id='word_1_781' title='bbox 720 5282 851 5335; x_wconf 84' lang='lat' dir='ltr'><strong>Nam</strong></span> <span class='ocrx_word' id='word_1_782' title='bbox 899 5284 1072 5352; x_wconf 90' lang='lat' dir='ltr'><strong>primo</strong></span> <span class='ocrx_word' id='word_1_783' title='bbox 1102 5282 1302 5337; x_wconf 68' lang='lat' dir='ltr'><strong>Graeca:</strong></span> <span class='ocrx_word' id='word_1_784' title='bbox 1334 5285 1598 5339; x_wconf 87' lang='lat' dir='ltr'><strong>editiones</strong></span> <span class='ocrx_word' id='word_1_785' title='bbox 1626 5283 1871 5352; x_wconf 88' lang='lat' dir='ltr'><strong>complu-</strong></span> 
     </span>
    </p>
   </div>
   <div class='ocr_carea' id='block_1_106' title="bbox 309 5352 1871 5418">
    <p class='ocr_par' dir='ltr' id='par_1_106' title="bbox 309 5352 1871 5418">
     <span class='ocr_line' id='line_1_106' title="bbox 309 5352 1871 5418; baseline -0.002 -9"><span class='ocrx_word' id='word_1_786' title='bbox 309 5371 417 5417; x_wconf 83' lang='lat' dir='ltr'><strong>res,</strong></span> <span class='ocrx_word' id='word_1_787' title='bbox 455 5366 511 5404; x_wconf 92' lang='lat' dir='ltr'><strong>nt</strong></span> <span class='ocrx_word' id='word_1_788' title='bbox 538 5352 727 5405; x_wconf 86' lang='lat' dir='ltr'><strong>Aldina</strong></span> <span class='ocrx_word' id='word_1_789' title='bbox 763 5355 885 5406; x_wconf 87' lang='lat' dir='ltr'><strong>anni</strong></span> <span class='ocrx_word' id='word_1_790' title='bbox 930 5352 1091 5416; x_wconf 79' lang='grc'>1518,</span> <span class='ocrx_word' id='word_1_791' title='bbox 1124 5353 1609 5418; x_wconf 81' lang='lat' dir='ltr'><strong>Francofurtonsis,</strong></span> <span class='ocrx_word' id='word_1_792' title='bbox 1656 5364 1711 5407; x_wconf 89' lang='lat' dir='ltr'><strong>et</strong></span> <span class='ocrx_word' id='word_1_793' title='bbox 1754 5354 1871 5406; x_wconf 69' lang='lat' dir='ltr'><strong>alia:</strong></span> 
     </span>
    </p>
   </div>
   <div class='ocr_carea' id='block_1_107' title="bbox 306 5422 1871 5495">
    <p class='ocr_par' dir='ltr' id='par_1_107' title="bbox 306 5422 1871 5495">
     <span class='ocr_line' id='line_1_107' title="bbox 306 5422 1871 5495; baseline -0.001 -17"><span class='ocrx_word' id='word_1_794' title='bbox 306 5440 404 5495; x_wconf 90' lang='lat' dir='ltr'><strong>pro</strong></span> <span class='ocrx_word' id='word_1_795' title='bbox 431 5422 709 5495; x_wconf 75' lang='grc' dir='ltr'>Πνεύματι</span> <span class='ocrx_word' id='word_1_796' title='bbox 750 5423 887 5495; x_wconf 83' lang='grc' dir='ltr'>Θεοῦ</span> <span class='ocrx_word' id='word_1_797' title='bbox 914 5425 1113 5495; x_wconf 84' lang='lat' dir='ltr'><strong>habent</strong></span> <span class='ocrx_word' id='word_1_798' title='bbox 1130 5422 1408 5494; x_wconf 87' lang='grc' dir='ltr'>Πνεύματι</span> <span class='ocrx_word' id='word_1_799' title='bbox 1428 5423 1658 5495; x_wconf 38' lang='grc' dir='ltr'>Θεῷηιιι</span> <span class='ocrx_word' id='word_1_800' title='bbox 1681 5437 1871 5495; x_wconf 86' lang='lat' dir='ltr'><strong>sensus</strong></span> 
     </span>
    </p>
   </div>
   <div class='ocr_carea' id='block_1_108' title="bbox 306 5493 1871 5564">
    <p class='ocr_par' dir='ltr' id='par_1_108' title="bbox 306 5493 1871 5564">
     <span class='ocr_line' id='line_1_108' title="bbox 306 5493 1871 5564; baseline -0.001 -17"><span class='ocrx_word' id='word_1_801' title='bbox 306 5493 377 5547; x_wconf 62' lang='lat' dir='ltr'><strong>Sit</strong></span> <span class='ocrx_word' id='word_1_802' title='bbox 411 5512 426 5548; x_wconf 92' lang='lat'><strong>:</strong></span> <span class='ocrx_word' id='word_1_803' title='bbox 463 5512 481 5544; x_wconf 94' lang='lat'><strong>«</strong></span> <span class='ocrx_word' id='word_1_804' title='bbox 507 5495 606 5556; x_wconf 86' lang='lat' dir='ltr'><strong>Qui</strong></span> <span class='ocrx_word' id='word_1_805' title='bbox 630 5494 822 5564; x_wconf 76' lang='lat' dir='ltr'><strong>spiritu</strong></span> <span class='ocrx_word' id='word_1_806' title='bbox 860 5497 970 5564; x_wconf 82' lang='lat' dir='ltr'><strong>Deo</strong></span> <span class='ocrx_word' id='word_1_807' title='bbox 1000 5493 1139 5560; x_wconf 89' lang='lat' dir='ltr'><strong>(vel,</strong></span> <span class='ocrx_word' id='word_1_808' title='bbox 1180 5496 1279 5559; x_wconf 84' lang='lat' dir='ltr'><strong>Qui</strong></span> <span class='ocrx_word' id='word_1_809' title='bbox 1318 5496 1541 5560; x_wconf 89' lang='lat' dir='ltr'><strong>Spiritui</strong></span> <span class='ocrx_word' id='word_1_810' title='bbox 1573 5493 1713 5564; x_wconf 90' lang='lat' dir='ltr'><strong>Deo)</strong></span> <span class='ocrx_word' id='word_1_811' title='bbox 1757 5508 1871 5547; x_wconf 90' lang='lat' dir='ltr'><strong>ser-</strong></span> 
     </span>
    </p>
   </div>
   <div class='ocr_carea' id='block_1_109' title="bbox 305 5560 1868 5632">
    <p class='ocr_par' dir='ltr' id='par_1_109' title="bbox 305 5560 1868 5632">
     <span class='ocr_line' id='line_1_109' title="bbox 305 5560 1868 5632; baseline -0.001 -13"><span class='ocrx_word' id='word_1_812' title='bbox 305 5564 503 5619; x_wconf 84' lang='lat' dir='ltr'><strong>vimus.</strong></span> <span class='ocrx_word' id='word_1_813' title='bbox 538 5583 556 5615; x_wconf 78' lang='grc' dir='ltr'><strong>ι</strong></span> <span class='ocrx_word' id='word_1_814' title='bbox 624 5560 872 5616; x_wconf 85' lang='lat' dir='ltr'><strong>Secundo</strong></span> <span class='ocrx_word' id='word_1_815' title='bbox 916 5561 1310 5632; x_wconf 88' lang='lat' dir='ltr'><strong>Complutensis</strong></span> <span class='ocrx_word' id='word_1_816' title='bbox 1358 5566 1522 5617; x_wconf 89' lang='lat' dir='ltr'><strong>editio</strong></span> <span class='ocrx_word' id='word_1_817' title='bbox 1561 5560 1746 5617; x_wconf 59' lang='lat' dir='ltr'><strong>Gra&#39;ca</strong></span> <span class='ocrx_word' id='word_1_818' title='bbox 1800 5576 1868 5617; x_wconf 76' lang='lat' dir='ltr'><strong>ex</strong></span> 
     </span>
    </p>
   </div>
   <div class='ocr_carea' id='block_1_110' title="bbox 311 5632 1870 5700">
    <p class='ocr_par' dir='ltr' id='par_1_110' title="bbox 311 5632 1870 5700">
     <span class='ocr_line' id='line_1_110' title="bbox 311 5632 1870 5700; baseline 0 -17"><span class='ocrx_word' id='word_1_819' title='bbox 311 5634 688 5688; x_wconf 84' lang='lat' dir='ltr'><strong>vetustissimis</strong></span> <span class='ocrx_word' id='word_1_820' title='bbox 720 5632 1047 5687; x_wconf 87' lang='lat' dir='ltr'><strong>membranis</strong></span> <span class='ocrx_word' id='word_1_821' title='bbox 1076 5648 1349 5700; x_wconf 87' lang='lat' dir='ltr'><strong>expressa,</strong></span> <span class='ocrx_word' id='word_1_822' title='bbox 1397 5635 1561 5687; x_wconf 82' lang='lat' dir='ltr'><strong>codex</strong></span> <span class='ocrx_word' id='word_1_823' title='bbox 1606 5634 1870 5687; x_wconf 86' lang='lat' dir='ltr'><strong>membra-</strong></span> 
     </span>
    </p>
   </div>
   <div class='ocr_carea' id='block_1_111' title="bbox 304 5701 1869 5763">
    <p class='ocr_par' dir='ltr' id='par_1_111' title="bbox 304 5701 1869 5763">
     <span class='ocr_line' id='line_1_111' title="bbox 304 5701 1869 5763; baseline -0.002 -4"><span class='ocrx_word' id='word_1_824' title='bbox 304 5715 443 5760; x_wconf 86' lang='lat' dir='ltr'><strong>neus</strong></span> <span class='ocrx_word' id='word_1_825' title='bbox 466 5705 685 5762; x_wconf 79' lang='lat' dir='ltr'><strong>Graecus</strong></span> <span class='ocrx_word' id='word_1_826' title='bbox 717 5702 1056 5763; x_wconf 74' lang='lat' dir='ltr'><strong>bibliotheca:</strong></span> <span class='ocrx_word' id='word_1_827' title='bbox 1091 5713 1288 5759; x_wconf 79' lang='lat' dir='ltr'><strong>nostra:</strong></span> <span class='ocrx_word' id='word_1_828' title='bbox 1335 5702 1392 5758; x_wconf 89' lang='lat' dir='ltr'><strong>S.</strong></span> <span class='ocrx_word' id='word_1_829' title='bbox 1432 5702 1730 5760; x_wconf 87' lang='lat' dir='ltr'><strong>Salvatoris</strong></span> <span class='ocrx_word' id='word_1_830' title='bbox 1768 5701 1869 5757; x_wconf 85' lang='lat' dir='ltr'><strong>Bo-</strong></span> 
     </span>
    </p>
   </div>
   <div class='ocr_carea' id='block_1_112' title="bbox 1980 4512 3544 4584">
    <p class='ocr_par' dir='ltr' id='par_1_112' title="bbox 1980 4512 3544 4584">
     <span class='ocr_line' id='line_1_112' title="bbox 1980 4512 3544 4584; baseline 0.003 -19"><span class='ocrx_word' id='word_1_831' title='bbox 1980 4512 2115 4565; x_wconf 86' lang='grc' dir='ltr'>Θεοῦ</span> <span class='ocrx_word' id='word_1_832' title='bbox 2141 4532 2153 4543; x_wconf 93' lang='grc'><strong>·</strong></span> <span class='ocrx_word' id='word_1_833' title='bbox 2186 4515 2313 4568; x_wconf 90' lang='lat' dir='ltr'><strong>imo.</strong></span> <span class='ocrx_word' id='word_1_834' title='bbox 2348 4534 2366 4565; x_wconf 95' lang='lat'><strong>«</strong></span> <span class='ocrx_word' id='word_1_835' title='bbox 2398 4529 2604 4575; x_wconf 88' lang='lat' dir='ltr'><strong>omnes.</strong></span> <span class='ocrx_word' id='word_1_836' title='bbox 2633 4528 2717 4567; x_wconf 88' lang='lat' dir='ltr'><strong>aut</strong></span> <span class='ocrx_word' id='word_1_837' title='bbox 2765 4529 2898 4584; x_wconf 91' lang='lat' dir='ltr'><strong>pene</strong></span> <span class='ocrx_word' id='word_1_838' title='bbox 2927 4531 3113 4568; x_wconf 84' lang='lat' dir='ltr'><strong>omnes</strong></span> <span class='ocrx_word' id='word_1_839' title='bbox 3143 4515 3314 4569; x_wconf 70' lang='lat' dir='ltr'><strong>Graeci</strong></span> <span class='ocrx_word' id='word_1_840' title='bbox 3342 4535 3361 4565; x_wconf 76' lang='grc' dir='ltr'><strong>ι</strong></span> <span class='ocrx_word' id='word_1_841' title='bbox 3392 4512 3544 4570; x_wconf 80' lang='lat' dir='ltr'><strong>codi-</strong></span> 
     </span>
    </p>
   </div>
   <div class='ocr_carea' id='block_1_113' title="bbox 1976 4584 3545 4653">
    <p class='ocr_par' dir='ltr' id='par_1_113' title="bbox 1976 4584 3545 4653">
     <span class='ocr_line' id='line_1_113' title="bbox 1976 4584 3545 4653; baseline 0.002 -16"><span class='ocrx_word' id='word_1_842' title='bbox 1976 4599 2068 4637; x_wconf 89' lang='lat' dir='ltr'><strong>ces</strong></span> <span class='ocrx_word' id='word_1_843' title='bbox 2109 4584 2391 4653; x_wconf 85' lang='lat' dir='ltr'><strong>Augustini</strong></span> <span class='ocrx_word' id='word_1_844' title='bbox 2427 4593 2583 4639; x_wconf 81' lang='lat' dir='ltr'><strong>:etate</strong></span> <span class='ocrx_word' id='word_1_845' title='bbox 2630 4586 2766 4638; x_wconf 91' lang='lat' dir='ltr'><strong>hanc</strong></span> <span class='ocrx_word' id='word_1_846' title='bbox 2808 4586 3074 4638; x_wconf 84' lang='lat' dir='ltr'><strong>habebant</strong></span> <span class='ocrx_word' id='word_1_847' title='bbox 3115 4585 3432 4649; x_wconf 86' lang='lat' dir='ltr'><strong>lectiooem,</strong></span> <span class='ocrx_word' id='word_1_848' title='bbox 3484 4597 3545 4640; x_wconf 86' lang='lat' dir='ltr'><strong>ut</strong></span> 
     </span>
    </p>
   </div>
   <div class='ocr_carea' id='block_1_114' title="bbox 1981 4653 3543 4722">
    <p class='ocr_par' dir='ltr' id='par_1_114' title="bbox 1981 4653 3543 4722">
     <span class='ocr_line' id='line_1_114' title="bbox 1981 4653 3543 4722; baseline 0.003 -16"><span class='ocrx_word' id='word_1_849' title='bbox 1981 4662 2208 4707; x_wconf 90' lang='lat' dir='ltr'><strong>testatur</strong></span> <span class='ocrx_word' id='word_1_850' title='bbox 2235 4655 2473 4722; x_wconf 79' lang='lat' dir='ltr'><strong>ipSemet.</strong></span> <span class='ocrx_word' id='word_1_851' title='bbox 2510 4653 2691 4709; x_wconf 90' lang='lat' dir='ltr'><strong>Tertio</strong></span> <span class='ocrx_word' id='word_1_852' title='bbox 2722 4655 2943 4707; x_wconf 72' lang='lat' dir='ltr'><strong>Latinus</strong></span> <span class='ocrx_word' id='word_1_853' title='bbox 2976 4665 3171 4707; x_wconf 76' lang='lat' dir='ltr'><strong>nosme</strong></span> <span class='ocrx_word' id='word_1_854' title='bbox 3204 4655 3543 4711; x_wconf 67' lang='lat' dir='ltr'><strong>bibliothecae</strong></span> 
     </span>
    </p>
   </div>
   <div class='ocr_carea' id='block_1_115' title="bbox 1978 4724 3541 4792">
    <p class='ocr_par' dir='ltr' id='par_1_115' title="bbox 1978 4724 3541 4792">
     <span class='ocr_line' id='line_1_115' title="bbox 1978 4724 3541 4792; baseline 0.002 -16"><span class='ocrx_word' id='word_1_855' title='bbox 1978 4725 2143 4777; x_wconf 82' lang='lat' dir='ltr'><strong>codex</strong></span> <span class='ocrx_word' id='word_1_856' title='bbox 2174 4724 2369 4777; x_wconf 68' lang='lat' dir='ltr'><strong>smculo</strong></span> <span class='ocrx_word' id='word_1_857' title='bbox 2410 4739 2460 4775; x_wconf 81' lang='lat' dir='ltr'><strong>xl</strong></span> <span class='ocrx_word' id='word_1_858' title='bbox 2511 4734 2783 4787; x_wconf 80' lang='lat' dir='ltr'><strong>exaratos,</strong></span> <span class='ocrx_word' id='word_1_859' title='bbox 2831 4734 2885 4776; x_wconf 85' lang='lat' dir='ltr'><strong>et</strong></span> <span class='ocrx_word' id='word_1_860' title='bbox 2923 4724 3069 4777; x_wconf 87' lang='lat' dir='ltr'><strong>Pauli</strong></span> <span class='ocrx_word' id='word_1_861' title='bbox 3110 4724 3379 4792; x_wconf 84' lang='lat' dir='ltr'><strong>Epistolas</strong></span> <span class='ocrx_word' id='word_1_862' title='bbox 3414 4743 3541 4779; x_wconf 86' lang='lat' dir='ltr'><strong>enm</strong></span> 
     </span>
    </p>
   </div>
   <div class='ocr_carea' id='block_1_116' title="bbox 1978 4793 3542 4863">
    <p class='ocr_par' dir='ltr' id='par_1_116' title="bbox 1978 4793 3542 4863">
     <span class='ocr_line' id='line_1_116' title="bbox 1978 4793 3542 4863; baseline 0.003 -19"><span class='ocrx_word' id='word_1_863' title='bbox 1978 4794 2170 4863; x_wconf 83' lang='lat' dir='ltr'><strong>glossis</strong></span> <span class='ocrx_word' id='word_1_864' title='bbox 2195 4797 2496 4856; x_wconf 92' lang='lat' dir='ltr'><strong>continens,</strong></span> <span class='ocrx_word' id='word_1_865' title='bbox 2542 4794 2743 4847; x_wconf 88' lang='lat' dir='ltr'><strong>habet:</strong></span> <span class='ocrx_word' id='word_1_866' title='bbox 2792 4793 2934 4859; x_wconf 89' lang='lat' dir='ltr'><strong>«Qui</strong></span> <span class='ocrx_word' id='word_1_867' title='bbox 2986 4794 3187 4861; x_wconf 89' lang='lat' dir='ltr'><strong>Spiritu</strong></span> <span class='ocrx_word' id='word_1_868' title='bbox 3228 4795 3318 4847; x_wconf 83' lang='lat' dir='ltr'><strong>Dei</strong></span> <span class='ocrx_word' id='word_1_869' title='bbox 3363 4797 3542 4848; x_wconf 90' lang='lat' dir='ltr'><strong>servi-</strong></span> 
     </span>
    </p>
   </div>
   <div class='ocr_carea' id='block_1_117' title="bbox 1980 4863 3540 4936">
    <p class='ocr_par' dir='ltr' id='par_1_117' title="bbox 1980 4863 3540 4936">
     <span class='ocr_line' id='line_1_117' title="bbox 1980 4863 3540 4936; baseline 0.003 -23"><span class='ocrx_word' id='word_1_870' title='bbox 1980 4877 2142 4936; x_wconf 13' lang='lat' dir='ltr'><strong>rnnsﬂ:</strong></span> <span class='ocrx_word' id='word_1_871' title='bbox 2173 4883 2192 4915; x_wconf 76' lang='grc' dir='ltr'><strong>ι</strong></span> <span class='ocrx_word' id='word_1_872' title='bbox 2228 4879 2333 4936; x_wconf 86' lang='lat' dir='ltr'><strong>quo</strong></span> <span class='ocrx_word' id='word_1_873' title='bbox 2360 4867 2515 4936; x_wconf 66' lang='lat' dir='ltr'><strong>modo</strong></span> <span class='ocrx_word' id='word_1_874' title='bbox 2549 4864 2811 4923; x_wconf 74' lang='lat' dir='ltr'><strong>locushic</strong></span> <span class='ocrx_word' id='word_1_875' title='bbox 2841 4863 3032 4936; x_wconf 73' lang='lat' dir='ltr'><strong>legitur</strong></span> <span class='ocrx_word' id='word_1_876' title='bbox 3060 4864 3218 4936; x_wconf 66' lang='lat' dir='ltr'><strong>etiam</strong></span> <span class='ocrx_word' id='word_1_877' title='bbox 3256 4864 3540 4936; x_wconf 83' lang='lat' dir='ltr'><strong>in_Lyrani</strong></span> 
     </span>
    </p>
   </div>
   <div class='ocr_carea' id='block_1_118' title="bbox 1978 4932 3543 4998">
    <p class='ocr_par' dir='ltr' id='par_1_118' title="bbox 1978 4932 3543 4998">
     <span class='ocr_line' id='line_1_118' title="bbox 1978 4932 3543 4998; baseline 0.002 -11"><span class='ocrx_word' id='word_1_878' title='bbox 1978 4932 2162 4987; x_wconf 83' lang='lat' dir='ltr'><strong>Bibliis</strong></span> <span class='ocrx_word' id='word_1_879' title='bbox 2187 4934 2438 4987; x_wconf 88' lang='lat' dir='ltr'><strong>editionis</strong></span> <span class='ocrx_word' id='word_1_880' title='bbox 2467 4934 2683 4987; x_wconf 72' lang='lat' dir='ltr'><strong>Venetze</strong></span> <span class='ocrx_word' id='word_1_881' title='bbox 2713 4937 2836 4985; x_wconf 87' lang='lat' dir='ltr'><strong>anni</strong></span> <span class='ocrx_word' id='word_1_882' title='bbox 2878 4933 3035 4987; x_wconf 71' lang='grc'><strong>1485.</strong></span> <span class='ocrx_word' id='word_1_883' title='bbox 3072 4933 3275 4998; x_wconf 86' lang='lat' dir='ltr'><strong>Quarto</strong></span> <span class='ocrx_word' id='word_1_884' title='bbox 3310 4932 3543 4990; x_wconf 69' lang='lat' dir='ltr'><strong>Latinus</strong></span> 
     </span>
    </p>
   </div>
   <div class='ocr_carea' id='block_1_119' title="bbox 1978 5003 3540 5059">
    <p class='ocr_par' dir='ltr' id='par_1_119' title="bbox 1978 5003 3540 5059">
     <span class='ocr_line' id='line_1_119' title="bbox 1978 5003 3540 5059; baseline 0.002 -4"><span class='ocrx_word' id='word_1_885' title='bbox 1978 5004 2115 5056; x_wconf 90' lang='lat' dir='ltr'><strong>alius</strong></span> <span class='ocrx_word' id='word_1_886' title='bbox 2142 5014 2340 5057; x_wconf 62' lang='lat' dir='ltr'><strong>nostra:</strong></span> <span class='ocrx_word' id='word_1_887' title='bbox 2375 5003 2713 5056; x_wconf 70' lang='lat' dir='ltr'><strong>bibliothecae</strong></span> <span class='ocrx_word' id='word_1_888' title='bbox 2735 5004 2901 5056; x_wconf 90' lang='lat' dir='ltr'><strong>codex</strong></span> <span class='ocrx_word' id='word_1_889' title='bbox 2941 5007 3313 5057; x_wconf 82' lang='lat' dir='ltr'><strong>membraneus</strong></span> <span class='ocrx_word' id='word_1_890' title='bbox 3338 5005 3540 5059; x_wconf 61' lang='lat' dir='ltr'><strong>saeculo</strong></span> 
     </span>
    </p>
   </div>
   <div class='ocr_carea' id='block_1_120' title="bbox 1977 5070 3531 5142">
    <p class='ocr_par' dir='ltr' id='par_1_120' title="bbox 1977 5070 3531 5142">
     <span class='ocr_line' id='line_1_120' title="bbox 1977 5070 3531 5142; baseline 0.001 -16"><span class='ocrx_word' id='word_1_891' title='bbox 1977 5074 2192 5127; x_wconf 87' lang='lat' dir='ltr'><strong>circiter</strong></span> <span class='ocrx_word' id='word_1_892' title='bbox 2230 5088 2323 5127; x_wconf 83' lang='lat' dir='ltr'><strong>xm</strong></span> <span class='ocrx_word' id='word_1_893' title='bbox 2370 5074 2602 5142; x_wconf 88' lang='lat' dir='ltr'><strong>scriptus</strong></span> <span class='ocrx_word' id='word_1_894' title='bbox 2656 5074 2859 5127; x_wconf 85' lang='lat' dir='ltr'><strong>habet:</strong></span> <span class='ocrx_word' id='word_1_895' title='bbox 2898 5073 3027 5138; x_wconf 90' lang='lat' dir='ltr'><strong>«Qui</strong></span> <span class='ocrx_word' id='word_1_896' title='bbox 3076 5070 3293 5141; x_wconf 85' lang='lat' dir='ltr'><strong>Spiritui</strong></span> <span class='ocrx_word' id='word_1_897' title='bbox 3338 5074 3470 5139; x_wconf 88' lang='lat' dir='ltr'><strong>Deo,</strong></span> <span class='ocrx_word' id='word_1_898' title='bbox 3512 5095 3531 5127; x_wconf 73' lang='grc' dir='ltr'><strong>ι</strong></span> 
     </span>
    </p>
   </div>
   <div class='ocr_carea' id='block_1_121' title="bbox 1976 5142 3538 5211">
    <p class='ocr_par' dir='ltr' id='par_1_121' title="bbox 1976 5142 3538 5211">
     <span class='ocr_line' id='line_1_121' title="bbox 1976 5142 3538 5211; baseline 0.001 -15"><span class='ocrx_word' id='word_1_899' title='bbox 1976 5155 2083 5197; x_wconf 88' lang='lat' dir='ltr'><strong>etc.</strong></span> <span class='ocrx_word' id='word_1_900' title='bbox 2150 5145 2369 5196; x_wconf 90' lang='lat' dir='ltr'><strong>Demnm</strong></span> <span class='ocrx_word' id='word_1_901' title='bbox 2418 5143 2638 5211; x_wconf 80' lang='lat' dir='ltr'><strong>Vulgata</strong></span> <span class='ocrx_word' id='word_1_902' title='bbox 2693 5143 2860 5196; x_wconf 90' lang='lat' dir='ltr'><strong>editio</strong></span> <span class='ocrx_word' id='word_1_903' title='bbox 2912 5142 3121 5196; x_wconf 84' lang='lat' dir='ltr'><strong>habet:</strong></span> <span class='ocrx_word' id='word_1_904' title='bbox 3157 5162 3173 5193; x_wconf 97' lang='lat'><strong>«</strong></span> <span class='ocrx_word' id='word_1_905' title='bbox 3205 5142 3304 5207; x_wconf 85' lang='lat' dir='ltr'><strong>Qui</strong></span> <span class='ocrx_word' id='word_1_906' title='bbox 3342 5146 3538 5209; x_wconf 80' lang='lat' dir='ltr'><strong>spiritu</strong></span> 
     </span>
    </p>
   </div>
   <div class='ocr_carea' id='block_1_122' title="bbox 1977 5212 3540 5266">
    <p class='ocr_par' dir='ltr' id='par_1_122' title="bbox 1977 5212 3540 5266">
     <span class='ocr_line' id='line_1_122' title="bbox 1977 5212 3540 5266; baseline -0.001 -1"><span class='ocrx_word' id='word_1_907' title='bbox 1977 5212 2242 5266; x_wconf 87' lang='lat' dir='ltr'><strong>servimus</strong></span> <span class='ocrx_word' id='word_1_908' title='bbox 2275 5213 2400 5265; x_wconf 80' lang='lat' dir='ltr'><strong>Deo.</strong></span> <span class='ocrx_word' id='word_1_909' title='bbox 2428 5232 2447 5264; x_wconf 75' lang='grc' dir='ltr'><strong>ι</strong></span> <span class='ocrx_word' id='word_1_910' title='bbox 2489 5213 2564 5266; x_wconf 78' lang='lat' dir='ltr'><strong>Ex</strong></span> <span class='ocrx_word' id='word_1_911' title='bbox 2595 5213 2676 5266; x_wconf 87' lang='lat' dir='ltr'><strong>his</strong></span> <span class='ocrx_word' id='word_1_912' title='bbox 2706 5213 2956 5266; x_wconf 90' lang='lat' dir='ltr'><strong>omnibus</strong></span> <span class='ocrx_word' id='word_1_913' title='bbox 2992 5214 3308 5266; x_wconf 87' lang='lat' dir='ltr'><strong>lectionibus</strong></span> <span class='ocrx_word' id='word_1_914' title='bbox 3341 5229 3540 5266; x_wconf 81' lang='lat' dir='ltr'><strong>secun-</strong></span> 
     </span>
    </p>
   </div>
   <div class='ocr_carea' id='block_1_123' title="bbox 1977 5282 3535 5403">
    <p class='ocr_par' dir='ltr' id='par_1_123' title="bbox 1977 5282 3535 5403">
     <span class='ocr_line' id='line_1_123' title="bbox 1977 5282 3535 5403; baseline 0.001 -68"><span class='ocrx_word' id='word_1_915' title='bbox 1977 5283 2095 5335; x_wconf 86' lang='lat' dir='ltr'><strong>dam</strong></span> <span class='ocrx_word' id='word_1_916' title='bbox 2121 5282 2457 5350; x_wconf 87' lang='lat' dir='ltr'><strong>amplectitur</strong></span> <span class='ocrx_word' id='word_1_917' title='bbox 2485 5284 2738 5352; x_wconf 78' lang='lat' dir='ltr'><strong>Didymus</strong></span> <span class='ocrx_word' id='word_1_918' title='bbox 2769 5298 2888 5335; x_wconf 90' lang='lat' dir='ltr'><strong>cum</strong></span> <span class='ocrx_word' id='word_1_919' title='bbox 2913 5282 3023 5344; x_wconf 89' lang='lat' dir='ltr'><strong>hic,</strong></span> <span class='ocrx_word' id='word_1_920' title='bbox 3043 5292 3153 5335; x_wconf 89' lang='lat' dir='ltr'><strong>tum</strong></span> <span class='ocrx_word' id='word_1_921' title='bbox 3170 5298 3337 5403; x_wconf 58' lang='lat' dir='ltr'><strong>segni.</strong></span> <span class='ocrx_word' id='word_1_922' title='bbox 3361 5284 3465 5337; x_wconf 65' lang='lat'><strong>134</strong></span> <span class='ocrx_word' id='word_1_923' title='bbox 3483 5285 3535 5336; x_wconf 86' lang='lat' dir='ltr'><strong>b.</strong></span> 
     </span>
     <span class='ocr_line' id='line_1_124' title="bbox 1977 5351 3535 5403; baseline 0 0"><span class='ocrx_word' id='word_1_924' title='bbox 1977 5351 2044 5403; x_wconf 84' lang='lat' dir='ltr'><strong>At</strong></span> <span class='ocrx_word' id='word_1_925' title='bbox 2088 5354 2312 5403; x_wconf 79' lang='lat' dir='ltr'><strong>nriinam</strong></span> <span class='ocrx_word' id='word_1_926' title='bbox 2373 5363 2589 5403; x_wconf 84' lang='lat' dir='ltr'><strong>secutus</strong></span> <span class='ocrx_word' id='word_1_927' title='bbox 2638 5352 2904 5403; x_wconf 87' lang='lat' dir='ltr'><strong>videbitur</strong></span> <span class='ocrx_word' id='word_1_928' title='bbox 2953 5355 3004 5403; x_wconf 92' lang='lat' dir='ltr'><strong>in</strong></span> <span class='ocrx_word' id='word_1_929' title='bbox 3047 5353 3183 5403; x_wconf 91' lang='lat' dir='ltr'><strong>libro</strong></span> <span class='ocrx_word' id='word_1_930' title='bbox 3265 5368 3292 5403; x_wconf 80' lang='grc' dir='ltr'><strong>ε</strong></span> <span class='ocrx_word' id='word_1_931' title='bbox 3329 5354 3535 5403; x_wconf 76' lang='lat' dir='ltr'><strong>Spiritu</strong></span> 
     </span>
    </p>
   </div>
   <div class='ocr_carea' id='block_1_124' title="bbox 1975 5351 3539 5420">
    <p class='ocr_par' dir='ltr' id='par_1_124' title="bbox 1975 5351 3539 5420">
     <span class='ocr_line' id='line_1_125' title="bbox 1975 5351 3539 5420; baseline 0.003 -17"><span class='ocrx_word' id='word_1_932' title='bbox 1975 5351 2044 5404; x_wconf 83' lang='lat' dir='ltr'><strong>At</strong></span> <span class='ocrx_word' id='word_1_933' title='bbox 2088 5354 2312 5420; x_wconf 86' lang='lat' dir='ltr'><strong>primam</strong></span> <span class='ocrx_word' id='word_1_934' title='bbox 2373 5351 2594 5407; x_wconf 84' lang='lat' dir='ltr'><strong>secutus</strong></span> <span class='ocrx_word' id='word_1_935' title='bbox 2638 5352 2904 5405; x_wconf 86' lang='lat' dir='ltr'><strong>videbitur</strong></span> <span class='ocrx_word' id='word_1_936' title='bbox 2953 5355 3004 5405; x_wconf 92' lang='lat' dir='ltr'><strong>in</strong></span> <span class='ocrx_word' id='word_1_937' title='bbox 3047 5353 3183 5407; x_wconf 91' lang='lat' dir='ltr'><strong>libro</strong></span> <span class='ocrx_word' id='word_1_938' title='bbox 3216 5351 3292 5404; x_wconf 85' lang='lat' dir='ltr'><strong>De</strong></span> <span class='ocrx_word' id='word_1_939' title='bbox 3329 5354 3539 5419; x_wconf 81' lang='lat' dir='ltr'><strong>Spiritu</strong></span> 
     </span>
    </p>
   </div>
   <div class='ocr_carea' id='block_1_125' title="bbox 1976 5421 3536 5491">
    <p class='ocr_par' dir='ltr' id='par_1_125' title="bbox 1976 5421 3536 5491">
     <span class='ocr_line' id='line_1_126' title="bbox 1976 5421 3536 5491; baseline 0.003 -18"><span class='ocrx_word' id='word_1_940' title='bbox 1976 5434 2176 5486; x_wconf 70' lang='lat' dir='ltr'><strong>sancta,</strong></span> <span class='ocrx_word' id='word_1_941' title='bbox 2215 5437 2361 5475; x_wconf 90' lang='lat' dir='ltr'><strong>num.</strong></span> <span class='ocrx_word' id='word_1_942' title='bbox 2396 5421 2484 5488; x_wconf 82' lang='grc'><strong>57,</strong></span> <span class='ocrx_word' id='word_1_943' title='bbox 2516 5422 2569 5491; x_wconf 76' lang='grc' dir='ltr'>εἰ</span> <span class='ocrx_word' id='word_1_944' title='bbox 2593 5422 2735 5475; x_wconf 82' lang='lat' dir='ltr'><strong>edita</strong></span> <span class='ocrx_word' id='word_1_945' title='bbox 2770 5423 3095 5491; x_wconf 80' lang='lat' dir='ltr'><strong>exemplaria</strong></span> <span class='ocrx_word' id='word_1_946' title='bbox 3131 5423 3382 5475; x_wconf 78' lang='lat' dir='ltr'><strong>consulas</strong></span> <span class='ocrx_word' id='word_1_947' title='bbox 3413 5442 3428 5477; x_wconf 88' lang='lat'><strong>:</strong></span> <span class='ocrx_word' id='word_1_948' title='bbox 3458 5426 3536 5477; x_wconf 89' lang='lat' dir='ltr'><strong>sic</strong></span> 
     </span>
    </p>
   </div>
   <div class='ocr_carea' id='block_1_126' title="bbox 1978 5490 3539 5563">
    <p class='ocr_par' dir='ltr' id='par_1_126' title="bbox 1978 5490 3539 5563">
     <span class='ocr_line' id='line_1_127' title="bbox 1978 5490 3539 5563; baseline 0.003 -21"><span class='ocrx_word' id='word_1_949' title='bbox 1978 5492 2118 5563; x_wconf 76' lang='lat' dir='ltr'><strong>enim</strong></span> <span class='ocrx_word' id='word_1_950' title='bbox 2179 5492 2376 5563; x_wconf 79' lang='lat' dir='ltr'><strong>habent</strong></span> <span class='ocrx_word' id='word_1_951' title='bbox 2409 5509 2422 5545; x_wconf 90' lang='lat'>:</span> <span class='ocrx_word' id='word_1_952' title='bbox 2464 5510 2483 5543; x_wconf 95' lang='lat'><strong>«</strong></span> <span class='ocrx_word' id='word_1_953' title='bbox 2510 5490 2566 5545; x_wconf 91' lang='lat' dir='ltr'><strong>In</strong></span> <span class='ocrx_word' id='word_1_954' title='bbox 2593 5560 2601 5563; x_wconf 20' lang='grc' dir='ltr'><strong>Α</strong></span> <span class='ocrx_word' id='word_1_955' title='bbox 2625 5492 2761 5545; x_wconf 88' lang='lat' dir='ltr'><strong>hanc</strong></span> <span class='ocrx_word' id='word_1_956' title='bbox 2800 5490 3061 5563; x_wconf 77' lang='lat' dir='ltr'><strong>congruit</strong></span> <span class='ocrx_word' id='word_1_957' title='bbox 3111 5493 3442 5546; x_wconf 85' lang='lat' dir='ltr'><strong>voluntatem</strong></span> <span class='ocrx_word' id='word_1_958' title='bbox 3482 5503 3539 5546; x_wconf 81' lang='lat' dir='ltr'><strong>et</strong></span> 
     </span>
    </p>
   </div>
   <div class='ocr_carea' id='block_1_127' title="bbox 1978 5560 3540 5631">
    <p class='ocr_par' dir='ltr' id='par_1_127' title="bbox 1978 5560 3540 5631">
     <span class='ocr_line' id='line_1_128' title="bbox 1978 5560 3540 5631; baseline 0.001 -17"><span class='ocrx_word' id='word_1_959' title='bbox 1978 5561 2104 5614; x_wconf 90' lang='lat' dir='ltr'><strong>illud</strong></span> <span class='ocrx_word' id='word_1_960' title='bbox 2137 5579 2151 5614; x_wconf 90' lang='lat'><strong>:</strong></span> <span class='ocrx_word' id='word_1_961' title='bbox 2184 5560 2322 5614; x_wconf 83' lang='lat' dir='ltr'><strong>«Nos</strong></span> <span class='ocrx_word' id='word_1_962' title='bbox 2342 5576 2527 5617; x_wconf 88' lang='lat' dir='ltr'><strong>sumus</strong></span> <span class='ocrx_word' id='word_1_963' title='bbox 2555 5560 3037 5631; x_wconf 62' lang='lat' dir='ltr'><strong>circ_umcisio,&#39;qui</strong></span> <span class='ocrx_word' id='word_1_964' title='bbox 3078 5563 3270 5631; x_wconf 90' lang='lat' dir='ltr'><strong>spiritu</strong></span> <span class='ocrx_word' id='word_1_965' title='bbox 3310 5564 3540 5616; x_wconf 84' lang='lat' dir='ltr'><strong>Dmnino</strong></span> 
     </span>
    </p>
   </div>
   <div class='ocr_carea' id='block_1_128' title="bbox 1976 5629 3540 5695">
    <p class='ocr_par' dir='ltr' id='par_1_128' title="bbox 1976 5629 3540 5695">
     <span class='ocr_line' id='line_1_129' title="bbox 1976 5629 3540 5695; baseline 0.001 -11"><span class='ocrx_word' id='word_1_966' title='bbox 1976 5632 2272 5685; x_wconf 88' lang='lat' dir='ltr'><strong>servientes</strong></span> <span class='ocrx_word' id='word_1_967' title='bbox 2315 5647 2565 5685; x_wconf 89' lang='lat' dir='ltr'><strong>sumus...</strong></span> <span class='ocrx_word' id='word_1_968' title='bbox 2595 5650 2613 5683; x_wconf 77' lang='grc' dir='ltr'><strong>ι</strong></span> <span class='ocrx_word' id='word_1_969' title='bbox 2647 5629 2748 5695; x_wconf 87' lang='lat' dir='ltr'><strong>Qui</strong></span> <span class='ocrx_word' id='word_1_970' title='bbox 2774 5633 2915 5685; x_wconf 89' lang='lat' dir='ltr'><strong>enim</strong></span> <span class='ocrx_word' id='word_1_971' title='bbox 2966 5629 3068 5684; x_wconf 84' lang='lat' dir='ltr'><strong>non</strong></span> <span class='ocrx_word' id='word_1_972' title='bbox 3105 5629 3283 5685; x_wconf 86' lang='lat' dir='ltr'><strong>littera</strong></span> <span class='ocrx_word' id='word_1_973' title='bbox 3319 5648 3540 5687; x_wconf 85' lang='lat' dir='ltr'><strong>carnem</strong></span> 
     </span>
    </p>
   </div>
   <div class='ocr_carea' id='block_1_129' title="bbox 1978 5702 3541 5769">
    <p class='ocr_par' dir='ltr' id='par_1_129' title="bbox 1978 5702 3541 5769">
     <span class='ocr_line' id='line_1_130' title="bbox 1978 5702 3541 5769; baseline 0.002 -14"><span class='ocrx_word' id='word_1_974' title='bbox 1978 5702 2289 5769; x_wconf 87' lang='lat' dir='ltr'><strong>concidunt,</strong></span> <span class='ocrx_word' id='word_1_975' title='bbox 2346 5703 2441 5758; x_wconf 86' lang='lat' dir='ltr'><strong>sed</strong></span> <span class='ocrx_word' id='word_1_976' title='bbox 2494 5716 2588 5757; x_wconf 88' lang='lat' dir='ltr'><strong>cor</strong></span> <span class='ocrx_word' id='word_1_977' title='bbox 2646 5702 2838 5757; x_wconf 86' lang='lat' dir='ltr'><strong>suiritu</strong></span> <span class='ocrx_word' id='word_1_978' title='bbox 2896 5702 3317 5758; x_wconf 88' lang='lat' dir='ltr'><strong>circumcidunt.</strong></span> <span class='ocrx_word' id='word_1_979' title='bbox 3349 5742 3361 5756; x_wconf 93' lang='lat'><strong>.</strong></span> <span class='ocrx_word' id='word_1_980' title='bbox 3394 5745 3406 5757; x_wconf 95' lang='lat'><strong>.</strong></span> <span class='ocrx_word' id='word_1_981' title='bbox 3436 5743 3454 5766; x_wconf 90' lang='lat'><strong>,</strong></span> <span class='ocrx_word' id='word_1_982' title='bbox 3484 5708 3541 5759; x_wconf 80' lang='lat' dir='ltr'><strong>hi</strong></span> 
     </span>
    </p>
   </div>
  </div>
