3732 6326
101 302 193 355 665

1103 304 1191 361 DE
1230 304 1606 359 TRINITATE
1644 304 1845 359 LIBER
1885 304 2270 364 SECUNDUS.

3189 308 3296 369 666

101 417 392 480 ἀποδείξεις,
444 416 549 480 τὰς
600 418 681 472 διὰ
748 417 842 471 τοῦ
895 418 1145 490 εἰρῆσθαι
1214 420 1345 473 αὐτὸ
1416 420 1638 491 Πνεῦμα

1784 436 1885 475 esu.
1933 440 1952 472 ι
2007 421 2149 475 Deus
2205 438 2334 493 ergo
2376 432 2465 478 est
2514 422 2750 493 Spiritus
2797 433 3031 484 sanctus.
3092 427 3295 480 sacriﬁ-

99 506 237 566 θεῐον,
263 508 521 576 δηλούσας
548 510 676 562 αὐτὸ
705 509 856 563 Θεόν.
883 512 992 563 Καὶ
1019 511 1112 563 τοῦ
1142 514 1420 584 προφήτου
1459 513 1637 583 Ἀμὼς

101 600 154 651 ὲκ
207 598 486 661 προσώπου
568 601 659 652 ’ἑοῦ
722 600 878 667 ἁγίου
944 602 1257 671 Πνεύματος
1318 605 1634 674 εἰρηκότοςο

105 706 121 738 ι
150 688 263 739 Ἰδοὺ
290 689 396 755 ἐγὼ
428 691 665 761 στερεῶν
688 691 910 761 βροντήν
928 708 941 721 ⁸
968 711 985 743 ι
1022 694 1287 763 περιεῖλον
1338 694 1397 747 τὸ
1422 716 1438 745 ε
1462 693 1632 763 ἐγώ-ι

102 780 173 831 ἵνα
203 778 269 848 μὴ
295 779 569 833 δείκνυται
594 782 684 834 τοῦ
711 783 864 850 ἁγίου
897 783 1211 853 Πνεύματος
1241 786 1273 855 ἡ
1306 784 1477 856 φωνὴ,
1505 784 1641 839 ἀλλὰ

99 871 187 938 γὰρ
230 870 316 921 τοῦ
361 871 608 942 Πατρὸς,
656 874 689 945 ἢ
736 873 830 926 τοῦ
885 875 1183 945 προφήτου.
1229 877 1343 930 Ούκ
1393 877 1538 931 ἔστιν
1586 878 1642 931 δὲ

100 962 215 1023 τέως
260 961 349 1014 τοῦ
400 964 619 1035 Harpe;
660 966 755 1017 καὶ
807 965 963 1029 Θεοῦ,
995 966 1081 1018 διὰ
1112 967 1172 1019 τὸ
1218 968 1362 1036 ἔχειν
1409 968 1639 1033 εὐθέως·

106 1071 121 1101 ι
156 1055 522 1121 ’Δπαγγέλλων
559 1060 639 1120 είς
669 1056 986 1128 ἀνθρώπους
1014 1059 1104 1111 τὸν
1143 1059 1375 1130 Χριστὸν
1405 1060 1597 1114 αὐτοῦ’
1619 1080 1638 1113 ι

103 1143 179 1195 καὶ
216 1143 283 1213 μὴ
313 1146 520 1197 εἰπεῖν·
555 1147 659 1199 Τὸν
686 1148 919 1218 Χριστόν
951 1166 1073 1219 μου.
1112 1149 1187 1212 ὡς
1230 1151 1288 1201 ὲν
1319 1149 1514 1221 ψαλμῷ
1561 1151 1646 1204 λέ-

102 1250 196 1298 γει·
233 1251 249 1282 ι
287 1235 589 1306 Ἠτοίμασα
637 1237 827 1308 λύχνον
867 1238 943 1308 τῷ
973 1239 1188 1309 Χριστῷ
1220 1257 1339 1309 μου.
1369 1258 1386 1291 ι
1427 1242 1533 1293 Καὶ
1578 1242 1635 1295 ὲν

106 1323 292 1387 πολλοῖς
340 1326 396 1378 δὲ
459 1328 745 1395 φαίνονται
823 1328 1279 1400 παρατρώσαντες
1338 1329 1648 1402 ἐξεπίτηδες

104 1417 385 1482 κάντεῦθεν,
419 1419 522 1490 τὴν
556 1420 760 1490 ἀκριϐῆ
803 1420 1095 1489 διάγνωσιν
1138 1421 1246 1473 τῶν
1292 1422 1648 1475 νοθευθὲντων

104 1507 276 1572 τόπων,
317 1510 375 1561 τό
417 1528 482 1578 γε
533 1513 624 1564 ἐπ’
665 1512 882 1574 αὐτοῖς,
926 1512 1306 1579 ἀφανίσαντες.
1339 1515 1448 1567 Καὶ
1496 1514 1651 1566 τοῦτο

104 1598 231 1652 οὔπω
277 1597 341 1671 ἦν
384 1603 581 1667 δεινὸν,
636 1604 839 1675 καίπερ
892 1603 952 1657 ὃν
1002 1604 1206 1675 σφόδρα
1254 1605 1443 1667 δεινὸν,
1492 1608 1539 1657 sl
1577 1604 1651 1676 μὴ

105 1690 225 1743 οὕτω
255 1696 380 1765 παρ’
410 1697 638 1751 ἐκείνων
676 1697 1135 1768 παραποιηθετσαι
1166 1697 1335 1766 βίϐλοι
1364 1693 1525 1767 ἦλθον
1559 1700 1652 1751 καὶ

1739 512 1877 565 cium
1918 511 1993 582 (2)
2020 527 2195 573 omne,
2245 514 2385 583 quod
2415 529 2443 568 a
2492 516 2646 570 nobis
2691 515 2928 569 oblatum
2967 514 3148 578 fuerit,
3192 531 3295 570 una

1739 619 1858 656 cum
1891 601 2050 657 Patre
2073 613 2125 657 et
2150 603 2289 658 Filio
2336 605 2633 674 excipiens.
2671 606 2799 658 Nam
2826 607 3141 661 servitutem
3174 621 3299 675 pro-

1742 696 1856 763 prie
1895 694 2114 757 dictam,
2156 711 2248 758 seu
2296 696 2561 759 lalreiam,
2598 697 2696 751 soli
2731 698 2839 752 Deo
2870 697 3049 753 deberi
3080 697 3302 752 manife-

1739 796 1878 838 stum
1905 795 2005 839 est.
2042 784 2146 839 Sed
2178 787 2352 840 videte
2383 789 2651 857 quomodo
2681 788 2915 841 hzerctici
2947 788 3087 841 corvi
3124 788 3299 840 divina

1743 875 1901 928 verba
1931 891 2275 946 corrumpere
2304 876 2377 947 ('5)
2415 878 2589 932 conati
2620 888 2748 932 sunt
2788 893 2886 947 per
2914 878 3070 932 unius
3114 878 3302 931 littera:

1744 967 2087 1020 tnutalionem
2120 986 2132 1020 :
2175 968 2394 1036 quidam
2440 969 2580 1023 enim
2614 969 2848 1037 ipsorum
2897 968 3139 1023 fecerunt
3169 966 3248 1036 (4)
3286 985 3300 1021 :

1748 1074 1767 1106 ι
1801 1057 1900 1122 Qui
1921 1056 2107 1126 spiritu
2134 1060 2240 1112 Deo
2264 1061 2562 1125 servimus;
2591 1079 2610 1112 ι
2645 1076 2708 1114 ηε
2721 1059 2950 1114 servitus
2964 1058 3187 1122 scilicet,
3209 1073 3301 1111 seu

1744 1149 1956 1213 latreia,
2002 1149 2222 1218 Spiritui
2259 1151 2348 1204 Dei
2378 1150 2556 1205 oblata
2589 1151 2870 1218 indicetur,
2907 1148 2997 1203 sed
3028 1151 3077 1203 in
3112 1150 3303 1216 spiritu

1744 1245 1840 1299 soli
1888 1246 1995 1299 Deo
2021 1256 2069 1300 el
2103 1245 2269 1300 Patri.
2322 1245 2397 1299 ita
2451 1248 2615 1301 etiam
2648 1246 2699 1299 in
2734 1245 2967 1315 Epistola
3007 1248 3072 1298 ad
3116 1242 3304 1298 Corin-

1747 1337 1888 1390 thios
1924 1352 2044 1389 cum
2071 1335 2267 1390 Paulus
2299 1336 2577 1407 scripserit
2610 1354 2623 1391 :
2670 1354 2687 1387 ι
2726 1335 2784 1390 Si
2818 1346 2996 1389 autem
3024 1334 3100 1405 (5)
3128 1333 3305 1403 Spiri-

1746 1435 1832 1481 tus
1876 1426 2037 1500 247
2085 1428 2220 1494 ejus,
2261 1429 2352 1497 qui
2382 1427 2665 1482 suseitavit
2702 1426 2881 1482 Jesum
2921 1426 3192 1481 Christum
3235 1439 3304 1477 ex

1750 1520 1995 1585 mortuis,
2042 1518 2252 1574 habitat
2295 1519 2347 1573 in
2380 1519 2570 1583 vobis;
2620 1519 2666 1573 is
2696 1519 2785 1587 qui
2838 1518 3120 1573 suscitavit
3149 1517 3307 1571 Cltri-

1750 1619 1889 1663 stum
1913 1609 2093 1665 Jesum
2137 1625 2203 1665 ex
2240 1611 2491 1673 mortuis,
2531 1610 2825 1664 vivificabit
2858 1609 3019 1663 etiam
3060 1606 3305 1661 mortalia

1753 1711 1928 1757 vestra
1960 1718 2183 1771 corpora
2222 1718 2317 1770 per
2360 1701 2750 1757 inhabitantem
2791 1701 2906 1772 ejus
2944 1699 3200 1769 Spiritum
3243 1697 3305 1751 in

108 1784 175 1845 εἰς
202 1785 367 1853 ὀρθῶς
420 1788 822 1854 πιστεύοντας,
880 1789 1230 1860 ἀμαντεύτως
1283 1791 1503 1861 ἔχοντας
1550 1792 1649 1862 τῆς

1784 1793 1935 1845 obis:
1975 1810 1994 1843 ι
2036 1792 2110 1845 illi
2165 1792 2538 1857 immutarunt,
2592 1806 2656 1845 ac
2700 1789 2987 1845 fecerunt:
3039 1807 3057 1840 ε
3092 1797 3309 1858 propter

109 1873 328 1944 τοιαύτης
362 1876 739 1948 ῥᾳδιουργίας.

1756 1880 2137 1935 inliabitantem
2186 1881 2302 1951 ejus
2342 1880 2597 1950 Spiritum
2639 1881 2690 1934 in
2726 1880 2874 1934 vobis
2908 1897 2922 1933 ε
2961 1898 2979 1932 ι
3014 1893 3079 1932 ne
3124 1876 3311 1930 videli-

111 1979 180 2021 cet
211 1968 435 2037 Spiritus
489 1972 773 2027 viviﬁcans
820 1982 875 2027 et
931 1973 1159 2029 Creator
1206 1974 1509 2028 denutetur.
1578 1976 1642 2029 Et
1680 1990 1801 2029 eum
1854 1975 2108 2030 Romanis
2175 1976 2313 2031 idem
2383 1976 2683 2044 scripserit,
2725 1974 3211 2044 «Sempiternaque
3235 1973 3311 2041 (6)

114 2062 205 2127 ejus
242 2066 403 2118 virtus
455 2083 523 2121 ac
580 2069 856 2132 divinitas,
903 2086 922 2121 ι
955 2070 1032 2122 illi
1061 2069 1328 2132 fecerunt,
1363 2088 1382 2120 ι
1408 2070 1598 2124 deitas.
1632 2089 1651 2122 ι
1696 2069 1789 2123 Est
1818 2082 1995 2125 autem
2032 2086 2192 2125 unum
2229 2081 2283 2125 et
2344 2071 2483 2125 idem
2517 2087 2531 2124 :
2580 2080 2814 2123 attamen
2854 2070 2933 2124 sic
2996 2067 3069 2121 illi
3111 2068 3311 2121 immu-

116 2164 290 2221 tarunt,
334 2168 390 2211 ut
434 2160 897 2223 testimoniorum,
941 2175 1061 2229 quae
1101 2161 1166 2215 de
1214 2161 1413 2231 inclyto
1450 2160 1652 2231 Spiritu
1690 2162 1829 2215 dicta
1864 2170 2008 2224 sunt,
2034 2160 2114 2216 vis
2145 2160 2489 2216 imminuatur
2518 2160 2618 2231 (Ἰ),
2681 2174 2868 2215 eorum
2932 2158 3159 2223 scilicet,
3193 2170 3313 2226 quae

119 2393 220 2431 vere
256 2380 438 2448 spiritu
480 2380 795 2433 circumcisi
836 2389 980 2435 sunt.
1011 2400 1030 2433 ι
1088 2381 1285 2435 Verum
1352 2381 1403 2435 in
1460 2382 1651 2439 codice

120 2457 271 2521 nostro
287 2465 385 2502 ms.
415 2451 664 2517 saepiusa
694 2467 777 2503 me
800 2450 1203 2521 citatulegitur:
1236 2469 1253 2500 ι
1280 2450 1334 2504 In
1362 2453 1497 2505 lianc
1526 2467 1655 2505 con-

122 2517 242 2586 gruit
262 2520 593 2571 voluntatem
625 2531 676 2571 et
704 2520 829 2573 illud
859 2538 871 2573 :
915 2517 1051 2574 Nos'
1079 2534 1263 2573 sumus
1293 2522 1652 2582 circumcisio,

121 2589 194 2657 qui
259 2589 455 2657 Spiritu
504 2588 604 2641 Dei
640 2590 959 2651 servientes,
1005 2600 1056 2645 et
1091 2605 1193 2642 non
1222 2590 1271 2642 in
1304 2605 1464 2643 carne
1489 2592 1655 2645 conﬁo

126 2655 308 2710 ιεηιεςξ
327 2658 424 2724 Qui
481 2660 656 2723 enim,
686 2676 703 2708 ι
733 2669 785 2712 ει
826 2660 1049 2726 reliqua.
1076 2658 1278 2713 Deinde
1320 2661 1656 2714 animadver-

125 2728 303 2799 tendum
345 2737 447 2789 est,
482 2742 598 2781 non
626 2743 779 2799 raro
827 2728 1106 2799 Didymum
1146 2728 1200 2799 in
1240 2729 1467 2783 diversis
1501 2730 1656 2785 unius

124 2795 435 2865 eiusdemque
474 2798 667 2863 operis
704 2799 833 2851 locis
875 2795 1035 2851 unum
1070 2812 1135 2851 ac
1181 2798 1318 2851 idem
1364 2798 1652 2866 Scriptura:

128 2866 456 2920 testiinonium
490 2869 544 2920 di
560 2869 728 2921 versis
747 2869 915 2923 modis
939 2869 1137 2934 legere,
1162 2876 1251 2921 aut
1275 2868 1611 2932 interpretari
1636 2887 1650 2921 :

129 2935 256 3004 tutius
284 2940 353 2990 rei
392 2937 557 3004 plura
600 2937 840 3003 exetupla
881 2938 932 2990 in
982 2939 1127 2992 hisce
1186 2936 1316 3004 ipsis
1368 2938 1519 2992 libris
1576 2938 1652 2993 De

134 3001 353 3059 Trinitate
390 3001 585 3058 vidi-re
616 3001 770 3061 licet.
795 3005 931 3059 Nihil
961 3007 1139 3068 itaque
1170 3001 1331 3070 esset,
1357 3024 1452 3061 cur
1487 3008 1651 3061 mira-

131 3089 296 3145 remur,
333 3077 375 3129 si
403 3076 455 3128 in
495 3076 642 3128 libro
667 3078 879 3145 quidem
930 3076 1001 3129 De
1041 3074 1240 3142 Spiritu
1282 3087 1459 3129 sancto
1492 3093 1647 3130 unam

130 3142 373 3198 lectionem
407 3154 637 3200 secutus
678 3142 856 3210 esset,
900 3146 951 3199 in
995 3146 1142 3199 hisce
1188 3160 1314 3199 vero
1364 3147 1516 3201 libris
1553 3163 1658 3201 non

130 3229 299 3277 paucos
322 3226 435 3282 post
468 3230 543 3268 an
557 3231 651 3269 nos
675 3215 1003 3282 compositis,
1034 3231 1091 3269 re
1123 3216 1380 3268 maturius
1416 3219 1664 3271 conside-

129 3291 245 3344 rata,
268 3300 377 3337 eam
403 3285 585 3352 ipsam
612 3286 891 3339 teetionem
925 3285 1377 3349 reprehendisset,
1406 3302 1468 3340 ac
1501 3288 1661 3340 aliam

132 3364 316 3405 secutus
342 3356 499 3408 foret.

188 3421 252 3491 (2)
294 3421 654 3490 Sacriﬁcium.
700 3422 834 3478 "inc
885 3424 1170 3488 colligitur,
1222 3425 1358 3478 idem
1398 3424 1663 3479 interdum

134 3491 475 3563 esse‘Didymo
516 3493 714 3546 Θυσίαν
764 3512 828 3546 ac
861 3493 1135 3562 λατρείαν,
1185 3506 1411 3563 utroque
1461 3496 1668 3548 scilicet

137 3560 361 3680 ltitcabttlo
387 3566 776 3680 é7sacrilicium
800 3582 817 3614 ι
853 3566 921 3618 ab
949 3560 1013 3619 eo
1044 3560 1336 3633 designari.
1382 3563 1511 3619 Vide
1554 3574 1664 3620 not.

139 3646 166 3680 ο
200 3667 212 3680 .
240 3646 350 3680 nan.
463 3675 477 3680 _

138 3627 212 3689 5|,
240 3646 350 3696 pag.
387 3634 477 3687 67.

196 3702 261 3821 (:5)
286 3701 644 3773 Corrumpere.
679 3701 880 3765 Codex,
906 3701 1280 3774 λοιμήνασθαι.
1314 3703 1455 3772 Lego
1503 3702 1670 3774 λυμή-

254 3787 321 3821 ιιι.

142 3787 321 3822 nouat.

200 3840 262 3909 (4)
298 3839 576 3896 Fecerunt.
608 3840 890 3895 Mirabitur
919 3841 1145 3895 fortasse
1174 3843 1314 3909 quis,
1335 3858 1450 3897 eam
1481 3841 1669 3895 lectio-

145 3924 262 3981 nem.
299 3928 450 3979 quain
489 3914 757 3980 pleraeque
790 3912 979 3964 saltem
1028 3910 1266 3981 Vulgata:
1309 3913 1670 3967 translationis

145 3980 373 4035 editiones
410 3984 635 4043 habent,
664 3981 933 4049 suggillari
975 3996 1001 4033 a
1042 3980 1281 4051 Didynm,
1319 3984 1472 4051 quasi
1504 3985 1672 4034 conli-

144 4060 261 4120 ctam
289 4052 351 4102 ab
390 4051 683 4105 limreticis.
727 4054 797 4103 At
822 4051 1013 4103 licebat
1044 4052 1249 4120 Diuymi
1290 4062 1444 4106 actate
1473 4052 1521 4104 id
1551 4067 1673 4104 sen-

148 4117 349 4174 tireliac
390 4125 454 4173 de
506 4135 584 4181 re,
634 4126 774 4185 quod
822 4124 990 4190 magis
1028 4117 1311 4175 at'rideret.
1360 4122 1672 4175 Ambrosius

148 4201 449 4261 sanedatque
481 4192 816 4259 Augustinus
847 4192 896 4243 id
927 4194 1118 4258 ipsum,
1152 4195 1293 4261 quod
1328 4194 1411 4246 hic
1448 4207 1475 4243 a
1509 4190 1671 4261 Didy-

149 4271 221 4307 tno
239 4258 503 4322 dictatum,
538 4258 595 4312 et
629 4261 697 4313 ab
727 4261 1009 4313 Ambrosio
1043 4258 1274 4315 fortasse
1311 4263 1504 4315 lectum
1559 4258 1674 4312 l'o‘e-

152 4336 234 4399 rat,
285 4329 535 4399 sulfragio
582 4344 679 4383 suo
728 4340 908 4397 postea
954 4334 1412 4399 comprobarunt:
1447 4342 1672 4398 uterque

150 4397 267 4467 enim
306 4411 355 4452 et
388 4397 627 4467 Spiritus
664 4401 831 4454 sancti
876 4397 1209 4453 divinitatem
1266 4419 1332 4455 ex
1370 4401 1469 4454 hoc
1520 4397 1667 4452 Pauli

152 4464 247 4539 loco
287 4464 689 4535 demonstravit,
746 4481 800 4523 et
848 4470 1123 4525 lectionem
1170 4470 1348 4535 illam,
1400 4469 1669 4539 πνεύματι

150 4534 266 4609 Θεῷ,
304 4539 350 4592 id
388 4551 467 4593 est
528 4559 546 4591 ι
572 4542 761 4607 spiritu
808 4540 938 4603 Deo,
964 4559 983 4592 ι
1046 4552 1103 4593 ut
1144 4534 1384 4595 lictitiam
1419 4534 1668 4609 esplosit.

152 4608 430 4679 Ambrosius
478 4613 695 4679 quidem
744 4610 797 4663 in
847 4610 983 4664 libro
1040 4625 1076 4663 tt
1112 4610 1186 4665 De
1229 4610 1431 4678 Spiritu
1472 4608 1671 4673 sancto,

156 4690 253 4748 cap.
285 4678 336 4743 3,
364 4684 474 4733 lucc
500 4678 728 4745 scripsit
760 4699 774 4735 :
811 4699 828 4730 ι
861 4680 925 4734 Ει
956 4681 1206 4748 quoniam
1243 4690 1537 4734 creatorem
1564 4680 1677 4747 Spi-

154 4747 290 4819 ritum
327 4762 547 4803 noverat
577 4748 857 4819 (Paulus).
891 4747 1044 4803 docet
1078 4751 1251 4803 eidem
1290 4751 1627 4803 serviendum
1658 4765 1672 4801 :

160 4815 366 4887 «Videte
396 4835 561 4873 canes
587 4815 790 4883 videte,
817 4815 984 4873 malos
1013 4822 1309 4887 operarios,
1356 4820 1530 4872 videte
1554 4833 1676 4871 cou-

158 4884 377 4959 {isionem
407 4910 421 4943 :
450 4906 546 4944 nos
568 4892 709 4945 enim
735 4905 918 4943 sumus
944 4884 1301 4959 circutitcisio,
1325 4891 1414 4959 qui
1456 4887 1674 4959 Spiritui

161 4951 234 5007 llei
263 4960 533 5013 servimus.
565 4979 583 5011 ι
637 4959 787 5025 Quod
817 4960 860 5013 si
896 4960 1020 5029 quis
1064 4964 1129 5013 de
1175 4951 1509 5013 Latinorum-
1530 4957 1677 5029 cudi:

159 5036 259 5097 eum
298 5031 548 5083 varietate
600 5027 929 5090 contendiu
963 5046 1191 5095 quorum
1237 5030 1441 5097 aliquos
1489 5027 1676 5095 perlidi

164 5091 473 5163 lalsaverunt,
515 5099 729 5153 Graecos
758 5091 1006 5165 inspiciat
1051 5100 1284 5157 codices.
1326 5091 1389 5150 et
1433 5091 1679 5152 advertat

162 5166 264 5227 quia
293 5168 357 5220 ibi
385 5173 639 5238 scriptum
674 5182 757 5223 est
785 5188 798 5223 :
831 5172 892 5223 Οί
928 5167 1360 5239 ΠνεύματινΘεοῦ
1393 5165 1681 5239 λατρεύοντ

162 5242 419 5307 τεςςλιιιιοιι
454 5237 835 5307 interpretatur
858 5237 1123 5294 Latinus:
1155 5257 1174 5290 ι
1197 5238 1295 5306 Qui
1330 5237 1549 5306 Spiritui
1589 5237 1677 5291 Dei

166 5305 410 5378 servimus.
440 5328 459 5359 ι
520 5305 658 5378 Ergo
702 5326 822 5362 cum
868 5305 1403 5364 serviendnm’dica’t
1460 5307 1680 5377 Spiritui

168 5373 618 5448 idem‘Apostolus,
673 5381 761 5448 qui
817 5396 920 5433 non
968 5392 1251 5443 creaturae,
1311 5380 1403 5433 sed
1439 5373 1682 5432 creatori

169 5444 333 5497 usserit
364 5444 739 5512 servientium};
781 5452 1057 5503 evidenter
1095 5462 1279 5517 utique
1321 5458 1375 5502 et
1414 5451 1526 5518 ipse
1559 5464 1686 5502 san-

168 5523 287 5585 ctum
308 5519 527 5571 ostendit
548 5520 804 5586 Spiritum
837 5532 1153 5574 creatorem.
1182 5560 1195 5572 .
1218 5540 1263 5573 ,ι
1300 5520 1427 5574 Post
1460 5522 1686 5573 Ambro-

168 5593 282 5661 sium
313 5599 431 5639 vero
462 5591 872 5661 Augustinusiin
910 5591 1047 5643 libro
1082 5591 1298 5659 quidem
1334 5605 1388 5643 ttt
1424 5592 1491 5643 ad
1519 5587 1685 5661 Boni-

174 5647 354 5718 lacium,
384 5671 499 5725 cap.
525 5647 577 5724 7',
619 5675 767 5712 num.
797 5660 887 5722 22,
941 5662 1080 5715 hanc
1100 5647 1408 5715 'lectionutn
1456 5660 1687 5712 varieta-

174 5727 261 5771 κω
283 5738 689 5794 commemorat,
740 5732 872 5798 quin
926 5731 1085 5785 ullam
1158 5746 1224 5785 ex
1293 5731 1398 5786 illis
1457 5730 1684 5798 rejiciat.

1767 2402 1785 2434 ι
1816 2380 1946 2436 Nam
1979 2396 2044 2436 ex
2072 2398 2178 2452 quo
2224 2383 2340 2437 loco
2387 2382 2627 2453 (inquit)
2674 2382 2910 2451 suscepit
2949 2381 3065 2453 haec
3113 2380 3312 2453 dicere,

1762 2454 1841 2507 sic
1900 2451 2124 2506 exorsus
2187 2462 2317 2506 est:
2358 2471 2376 2504 ι
2402 2451 2614 2505 Videte
2640 2467 2877 2509 caues..
2907 2491 2921 2506 .
2998 2451 3104 2504 Nos
3170 2452 3312 2503 enim

1761 2536 1948 2575 sumus
1971 2523 2330 2584 circumcisio,
2359 2522 2446 2589 qui
2476 2522 2662 2589 spiritu
2701 2519 2809 2574 Deo
2848 2520 3107 2574 servimus
3132 2536 3179 2589 ;»
3210 2519 3314 2581 vel,

1762 2593 1900 2643 sicut
1930 2591 2171 2643 nonnulli
2193 2588 2404 2645 codices
2434 2590 2651 2652 habent,
2702 2607 2721 2640 ι
2744 2591 2835 2659 qui
2868 2589 3091 2659 Spiritui
3120 2588 3262 2659 Deo,
3291 2606 3308 2638 ι

1763 2660 1865 2721 vel,
1903 2678 1920 2711 ι
1948 2659 2170 2728 Spiritui
2199 2662 2287 2713 Dei
2320 2659 2603 2720 servimus.
2635 2668 2686 2713 et
2717 2657 3009 2728 gloriamur
3031 2659 3082 2712 in
3104 2657 3317 2713 Christo

1766 2748 1784 2777 ι
1836 2728 1983 2792 Jesu,
2025 2736 2078 2780 et
2124 2745 2224 2783 non
2260 2729 2309 2782 in
2343 2744 2507 2783 carne
2561 2730 2803 2784 lidentes.
2832 2748 2850 2781 ι
2894 2728 3088 2782 Verum
3123 2743 3240 2796 cap.
3283 2729 3314 2780 7

1760 2799 1880 2852 libri
1913 2816 1925 2851 I
1978 2796 2052 2850 De
2084 2796 2336 2852 Trinitate
2366 2798 2565 2865 aliquot
2591 2809 2716 2852 ante
2745 2814 2913 2852 annos
2943 2799 3057 2852 haec
3082 2797 3313 2866 scripse-

1762 2880 1843 2937 rat
1869 2884 2014 2921 mtm.
2046 2867 2150 2921 i5:
2182 2888 2200 2918 ι
2227 2868 2487 2922 Similiter
2521 2877 2577 2922 et
2618 2870 2682 2922 de
2722 2867 2920 2937 Spiritu
2968 2877 3154 2937 sancto
3199 2866 3313 2937 col-

1757 2936 1889 2991 lecta
1930 2949 2053 2991 sunt
2108 2938 2435 3001 testimonia,
2487 2937 2680 3006 quibus
2724 2935 2849 2992 ante
2885 2954 3002 2995 nos.
3035 2936 3145 3006 qui
3200 2935 3315 2990 haec

1757 3005 2557 3077 disputaveruntabundantius,
2594 3007 2673 3060 usi
2715 3017 2862 3071 sunt,
2905 3010 2994 3077 (an
3029 3005 3312 3077 Didymum

1687 3118 1729 3175 ο
1765 3092 1976 3175 ίιξιυαιιθ
2002 3076 2337 3175 masc"
2354 3077 2739 3175 Αυιυξιῖηιιεν)
3006 3077 3133 3175 Ἦῗὶ
3152 3076 3314 3175 "3.2%;

1763 3157 1818 3201 et
1863 3162 1969 3199 non
2012 3154 2295 3199 creatura.
2322 3183 2338 3200 .
2369 3189 2382 3203 .
2431 3145 2663 3201 Maxime
2700 3145 2828 3200 vero
2873 3146 2960 3199 illo
3018 3146 3133 3199 loco
3187 3146 3318 3200 satis

1766 3216 1953 3279 claret,
1987 3217 2126 3284 quod
2162 3215 2392 3285 Spiritus
2430 3228 2649 3271 sanctus
2689 3232 2791 3271 non
2824 3217 2895 3269 sit
2921 3226 3192 3275 creatura,
3226 3214 3317 3267 ubi

1761 3285 2015 3351 iubemur
2046 3301 2147 3337 non
2176 3286 2377 3340 servire
2417 3299 2702 3350 creaturae,
2749 3288 2841 3340 sed
2880 3285 3121 3340 Creatori
3158 3298 3173 3337 :
3215 3298 3318 3337 non

1769 3370 1833 3410 eo
1856 3357 2033 3415 modo,
2069 3371 2173 3422 quo
2197 3354 2449 3421 jubetnur
2476 3371 2570 3421 per
2595 3354 2912 3409 t-haritatem
2951 3357 3151 3409 servire
3186 3353 3320 3406 invi-

1766 3440 1904 3483 cem,
1936 3427 2178 3493 quodest
2209 3426 2393 3480 Gncce
2435 3424 2724 3487 δουλεύειν,
2772 3427 2864 3477 sed
2907 3438 2970 3477 eo
3007 3424 3183 3484 modo,
3214 3438 3321 3491 quo

1769 3492 1969 3547 tantum
1999 3495 2106 3548 Deo
2136 3496 2387 3555 servitur,
2422 3496 2562 3563 quod
2598 3506 2679 3549 εει
2711 3494 2894 3549 Graece
2921 3492 3199 3563 λατρεύειν
3220 3531 3235 3563 ._
3259 3532 3273 3545 .
3301 3529 3318 3544 .

1767 3563 1933 3619 Porro
1976 3565 2019 3618 si
2065 3564 2153 3617 tali
2204 3561 2464 3618 servitu-te
2505 3574 2764 3619 creatura:
2816 3561 3037 3616 servire»
3072 3561 3321 3629 prohibe-

1770 3648 1889 3688 tunr
1913 3673 1927 3687 .
1955 3670 1969 3685 .
1999 3670 2014 3685 .
2042 3673 2057 3688 .
2084 3673 2100 3696 ,
2148 3648 2252 3685 non
2284 3642 2367 3685 est
2397 3634 2581 3702 utique
2627 3643 2877 3687 creatura
2919 3632 3321 3702 Spiritusgsan-

1768 3712 1908 3769 ctus,
1933 3705 2018 3756 cui
2055 3705 2121 3755 ab
2148 3703 2397 3755 omnibus
2431 3700 2632 3756 sanctis
2669 3702 2790 3755 talis
2834 3703 3066 3756 servitus
3097 3700 3320 3752 exhibe-

1776 3781 1885 3834 tur,
1935 3772 2143 3824 dicente
2174 3771 2426 3837 Apostolo
2457 3789 2469 3824 :
2507 3792 2524 3822 r
2548 3771 2652 3825 Nos
2695 3774 2835 3825 enim
2872 3786 3056 3825 sumus
3092 3770 3322 3823 circum-

1776 3842 1927 3910 cisio,
1953 3841 2183 3910 Spiritui
2220 3840 2311 3892 Dei
2336 3842 2651 3903 servientes,
2678 3859 2696 3890 ι
2732 3843 2871 3910 quod
2939 3841 3099 3910 estin
3134 3838 3322 3910 Graeco

1770 3908 2377 3981 Aarpedovcsg._Plures
2403 3910 2545 3964 enim
2580 3908 2792 3981 codices
2829 3912 2988 3963 etiam
3022 3908 3191 3981 Latini
3245 3908 3323 3981 sic

1772 3977 1972 4032 habent
2017 3998 2030 4034 :
2082 3979 2222 4045 «Qui
2292 3978 2511 4047 Spiritui
2578 3979 2666 4034 Dei
2727 3984 2988 4035 servimus
3038 3996 3100 4029 ε»
3152 3977 3323 4032 Grzcci

1772 4059 1947 4101 autem
1978 4066 2183 4113 omnes,
2219 4062 2309 4101 aut
2348 4064 2480 4116 pene
2512 4066 2719 4104 omnes.
2763 4050 2819 4104 ln
2846 4048 3117 4105 nOnnnllis
3143 4058 3319 4101 autem

1772 4119 2164 4185 exemplaribus
2231 4118 2438 4174 Latinis
2503 4120 2798 4174 invenimus
2850 4137 2991 4183 non,
3057 4117 3320 4187 cSpiritui

1776 4189 2240 4258 υείνεετνίιιιιιςμ
2285 4192 2399 4253 sed,
2440 4208 2456 4239 ‹
2485 4192 2672 4258 spiritu
2713 4191 2817 4243 Deo
2846 4193 3126 4245 servimus.
3148 4186 3170 4238 i
3216 4186 3323 4240 Sed

1771 4258 1860 4326 qui
1886 4257 1936 4309 in
1970 4261 2068 4312 hoc
2093 4269 2294 4321 errant,
2324 4272 2377 4312 et
2410 4257 2715 4313 auctoritati
2749 4261 2977 4329 graviori
3004 4258 3321 4329 cederegde-

1774 4337 2033 4392 trectant,
2103 4331 2339 4396 nunquid
2399 4339 2453 4381 et
2506 4330 2630 4381 illud
2691 4327 2897 4383 varium
2952 4331 3001 4382 in
3051 4327 3324 4381 codicibus

1775 4397 2076 4467 reperiunt:
2098 4397 2357 4452 «Nescitis
2382 4398 2503 4467 quia
2526 4414 2748 4465 corpora
2778 4410 3001 4462 vestra,»
3027 4407 3081 4452 et
3108 4410 3322 4467 cetera.

1842 4465 2019 4591 (55%;:
2045 4478 2237 4521 autem.
2261 4465 2415 4523 Rom.
2454 4483 2566 4533 vnt,
2602 4469 2686 4521 ll.
2714 4467 2845 4523 Vide
2878 4480 3029 4523 notas
3063 4468 3131 4522 55
3151 4476 3201 4522 et
3235 4466 3324 4531 56,

1842 4553 1891 4591 tt.
1920 4561 1922 4565 ν
2024 4577 2038 4590 .

1774 4551 1891 4606 pag.
1920 4551 2038 4591 ἰδυ-

1782 4646 1795 4655 .
1845 4607 1920 4676 t6;
1956 4606 2401 4674 Sempiternaque.
2451 4610 2603 4663 Rom.
2636 4624 2674 4669 ι,
2704 4608 2793 4663 20.

1846 4676 1923 4746 (7)
1970 4676 2343 4748 lmminuattlr.
2385 4679 2527 4744 llaec,
2588 4682 2639 4733 ni
2694 4680 2869 4741 fallor,
2914 4677 3121 4748 Didymi
3176 4690 3329 4731 mens

1775 4757 1858 4800 est
1894 4764 1906 4799 :
1941 4748 2198 4800 Catholici
2250 4746 2505 4815 Spit-itum
2546 4757 2788 4803 sanctum
2838 4746 3156 4802 Deum—esse
3202 4762 3329 4816 pro-

1777 4819 1994 4889 bante;
2025 4817 2089 4870 iis
2110 4818 2400 4889 Scriptura:
2429 4820 2581 4889 lucis,
2614 4819 2665 4871 in
2685 4820 2875 4889 quibus
2902 4821 3011 4887 ipse
3038 4818 3333 4889 appellatur

1783 4902 1802 4935 ε
1831 4885 2060 4954 Spiritus
2100 4885 2331 4958 divinus.
2357 4906 2375 4938 ι
2408 4887 2563 4958 (Vide
2602 4885 2768 4956 segni.
2812 4887 2878 4941 56
2918 4885 2948 4941 ὰ
2986 4897 3039 4942 ει
3073 4890 3147 4956 b.)
3199 4887 3329 4939 Nam

1777 4960 1962 5009 eodem
1992 4956 2146 5008 modo
2185 4973 2202 5006 ι
2231 4956 2468 5010 divinum
2498 4977 2515 5009 ι
2557 4958 2752 5012 Paulus
2794 4968 2944 5011 vocat
2979 4958 3137 5010 etiam
3169 4959 3331 5010 Deum

1780 5024 2013 5089 Patrem,
2042 5026 2165 5077 dum
2189 5026 2303 5089 eius
2347 5045 2366 5077 ι
2396 5030 2726 5081 divinitatem
2760 5046 2777 5078 ι
2827 5030 3066 5081 nominat
3109 5031 3258 5079 lium.
3291 5042 3333 5092 ι,

1780 5094 1850 5149 20
1874 5112 1888 5159 ;
1924 5094 2156 5166 loquitur
2184 5098 2324 5148 enim
2351 5097 2420 5150 ibi
2447 5098 2512 5150 de
2543 5100 2649 5151 Deo
2675 5096 2853 5151 Patre.
2887 5097 3133 5152 Haeretici
3158 5100 3336 5166 itaque

1783 5176 1840 5217 ιιι
1869 5167 2021 5217 istam
2043 5165 2440 5218 Catholicorum
2472 5168 2732 5220 rationem
2770 5168 3123 5231 iniit-litarent,
3155 5170 3205 5220 in
3235 5165 3335 5221 hoc

1782 5234 1929 5287 Pauli
1986 5234 2105 5287 loco
2164 5249 2345 5288 vocem
2399 5234 2629 5309 θειότης,
2689 5239 2739 5290 id
2799 5249 2881 5292 est
2945 5255 2963 5288 ι
2998 5239 3332 5309 divinitas,»

1782 5313 2174 5378 expunxerunt,
2246 5319 2310 5359 ac
2351 5320 2447 5378 pro
2506 5322 2570 5361 ea
2617 5309 2948 5378 scripserunt
2995 5308 3337 5378 legeruntqne

1784 5373 1997 5449 θεότης,
2029 5374 2078 5427 id
2111 5384 2194 5449 est
2236 5392 2254 5425 ι
2278 5377 2520 5449 deitaig
2563 5378 2676 5449 Ipse
2717 5373 3207 5449 (atrienrADidy'mus,
3245 5373 3338 5429 aut

1784 5455 1929 5498 certe
1950 5445 2215 5519 librarius,
2248 5460 2368 5514 pag.
2406 5444 2474 5519 75
2507 5444 2633 5519 legit
2656 5446 2861 5519 θεότης.
2896 5444 3340 5519 Illud'milti_pra§j

1789 5525 1934 5588 terea
1965 5516 2015 5566 in
2045 5526 2275 5588 tuentem
2324 5516 2487 5588 venit,
2526 5514 2811 5588 Didymum'
2837 5522 3075 5588 fortasse
3102 5516 3169 5588 in_
3188 5514 3337 5588 Pauli

1786 5585 1963 5656 verbis
1999 5600 2023 5656 ι
2044 5584 2255 5656 virtutis
2278 5603 2296 5636 ι
2336 5586 2549 5656 nomine
2588 5584 2802 5653 Filium,
2837 5589 2926 5656 qui
2976 5587 3028 5639 in
3061 5584 3079 5638 l
3108 5585 3171 5636 ad
3211 5584 3335 5637 Cur.

1788 5668 1828 5717 ι,
1854 5652 1944 5720 24,
1975 5655 2170 5708 dicitur
2204 5672 2225 5705 ι
2250 5656 2423 5709 virtus
2443 5673 2462 5705 ι
2498 5654 2706 5721 Patris;
2734 5674 2753 5707 ι
2783 5652 3078 5710 divinitatis
3101 5672 3119 5704 ι
3161 5662 3340 5708 autem

1789 5723 2046 5781 vacabulo
2088 5742 2108 5777 ι
2136 5724 2373 5781 divinum
2403 5744 2422 5777 ι
2457 5726 2714 5794 Spiritum
2740 5727 3058 5797 intelligere.
