3732 6374
111 400 184 453 675

1044 388 1134 444 DE
1172 384 1548 444 TRlNlTATE
1590 384 1792 440 LIBER
1831 384 2219 442 SECUNDUS.

3147 390 3247 445 θη

108 515 375 575 ἀνθρώπειον
404 513 599 577 σκεῦος,
626 513 797 567 δεῖται
825 512 1088 585 πρότερον
1133 512 1228 566 τοῦ
1264 512 1373 566 ἀπὸ
1405 511 1592 574 ὓδατος

1766 516 1937 566 nerat.
1992 507 2125 562 Nam
2172 507 2410 578 Baptista
2458 522 2674 579 quoque
2738 508 2991 563 historice
3037 518 3092 563 ct
3133 525 3264 563 con-

108 606 363 679 καθαρσίου,
376 602 481 659 εἶτα
496 607 583 659 καὶ
603 604 694 658 τοῦ
714 606 1029 676 στερέμνιον
1054 605 1186 657 αὐτὸ
1206 604 1588 667 ἀποτελοῦντος

108 699 250 769 νοητοῦ
269 699 417 768 πυρὸς
440 700 485 761 (ό
504 697 604 768 γὰρ
624 697 755 760 Θεὸς
780 698 891 768 πῦρ
918 696 1355 767 καταναλίσκον),
1373 696 1466 751 καὶ
1495 695 1557 748 οὗ
1574 724 1589 735 ν

104 809 161 844 τω
187 790 259 843 τοῦ
284 789 638 859 ἀπσρτίζοντος
659 790 753 842 καὶ
779 788 1213 853 ἁνακαινίζοντος
1244 789 1397 857 ἁγίου
1422 788 1591 841 Πνεῦ-

106 896 245 949 ματος·
286 880 424 931 ὁπότε
457 875 588 930 οἶδεν
632 879 691 931 τό
724 896 781 931 τε
812 878 922 950 πῦρ
973 879 1034 931 τὸ
1070 877 1437 949 πνευματικὸν
1498 878 1590 931 καὶ

76 970 307 1041 ,ἁρδεύειν.
338 970 391 1022 τό
412 986 467 1022 τε
509 969 651 1041 ὕδωρ
704 972 798 1023 καὶ
853 971 1235 1041 ἁναχωνεύειν.
1292 968 1589 1035 Ἀπόδειξις

100 1061 323 1115 ﬁta-3:09.
355 1062 381 1112 6
401 1059 601 1123 Παῦλος
633 1062 855 1132 γράφων
886 1062 1192 1134 Κορινθίοις
1223 1061 1284 1115 τὸ
1319 1062 1588 1134 δεύτερον*

103 1170 118 1201 ι
143 1152 344 1219 Ἔχοντες
384 1150 436 1201 δὲ
485 1148 571 1202 τὸν
614 1151 885 1221 θησαυρὸν
934 1151 1122 1205 τοῦτον
1163 1152 1221 1204 ὲν
1252 1151 1592 1222 ὀστρακίνοις

99 1246 305 1298 minem.
343 1266 359 1297 ι
391 1245 473 1315 Τῷ
501 1245 557 1297 δέ
596 1262 659 1313 γε
694 1247 887 1297 εἰπεῖν·
920 1263 937 1294 ι
974 1242 1048 1296 Τὸ
1074 1242 1468 1312 γεγεννημένον
1525 1242 1591 1295 ὲκ

98 1334 167 1403 τῆς
191 1334 357 1404 σαρκὸς
387 1333 515 1404 σάρξ
544 1334 709 1385 ἐστιν’
746 1333 840 1386 καὶ
877 1331 936 1384 τὸ
977 1330 1372 1402 γεγεννημένον
1401 1333 1464 1383 ὲκ
1494 1329 1589 1383 τοῦ

97 1426 341 1493 Πνεύματος
358 1423 572 1494 Πνεῦμὰ
611 1424 776 1477 ἐστιν·
814 1443 832 1474 ι
875 1422 1110 1486 ἐδίδαξεν
1139 1423 1195 1473 ὲν
1224 1422 1483 1492 ὲπιτόμῳ,
1516 1422 1592 1485 ὼς

95 1519 113 1568 ὁ
152 1518 403 1588 ἄνθρωπος,
456 1518 483 1569 6
539 1516 913 1586 βαπτίσματος
962 1514 1035 1585 μὴ
1081 1512 1279 1583 τυχὼν,
1333 1512 1591 1582 σαρκικὸς

92 1608 215 1667 ἐστιν,
244 1610 368 1660 τοῦτ’
392 1607 529 1661 ἐστιν
553 1607 821 1676 ἀμέτοχος
858 1606 1032 1675 φωτὸς
1054 1605 1373 1675 ἐπουρανίου
1402 1603 1590 1671 (σαφὲς

92 1699 184 1769 γὰρ,
205 1699 265 1762 ὼς
292 1703 320 1769 ἠ
370 1700 500 1768 σὰρξ
524 1700 581 1751 ὲν
604 1699 714 1769 ὅσῳ
742 1699 805 1769 ζῇ
829 1698 965 1768 μετὰ
988 1699 1083 1768 τῆς
1107 1698 1242 1761 ἰδίας
1267 1698 1443 1768 ψυχῆς
1459 1702 1593 1751 νοεῖ-

91 1792 627 1861 ταιγόδὲβαπτισθεὶς
667 1792 1033 1858 πνευματικός
1085 1792 1256 1856 ἐστιν,
1302 1792 1425 1844 ἀντὶ
1470 1789 1584 1853 τοῦ,

92 1881 259 1950 pstor);
291 1879 421 1951 ζωῆς
450 1879 740 1934 ἀθανάτου.
781 1880 871 1951 Τῷ
911 1880 966 1933 δὲ
1006 1882 1195 1933 εἰπεῖν·
1254 1900 1271 1931 ι
1310 1880 1383 1934 Τὸ
1414 1880 1586 1934 Πνεῦ-
1617 1863 1659 1916 Β

91 1972 275 2039 μώκου
291 1971 417 2023 θέλει
436 1974 576 2047 πνεῖ·
592 1990 609 2020 ι
633 1971 692 2023 τὸ
712 1969 1054 2034 αὐτεξούσιον
1071 1970 1164 2023 καὶ
1184 1970 1483 2024 παντοδύνα
1491 1987 1589 2041 μον

88 2062 206 2114 αὐτοῦ
229 2062 466 2130 ἐκφαίνει.
495 2062 589 2132 Τῷ
616 2063 671 2115 δὲ
700 2064 896 2116 εἰπεῖν’
931 2081 950 2112 ι
988 2064 1101 2116 Καὶ
1136 2062 1234 2134 τὴν
1269 2064 1452 2135 φωνὴν
1493 2065 1592 2117 αὐ-

90 2152 152 2204 τοῦ
171 2154 368 2218 ἀκούεις’
422 2154 536 2207 ἀλλ’
568 2153 694 2226 [HG
723 2153 779 2226 α]
817 2155 918 2208 οὐκ
946 2151 1112 2220 οἶδας,
1139 2156 1301 2210 πόθεν
1350 2156 1588 2228 ἔρχεται,

89 2245 152 2295 καὶ
185 2245 269 2297 ποῦ
310 2246 519 2313 ὑπάγειο
562 2266 580 2296 ι
630 2245 780 2316 δηλοῖ
819 2244 895 2308 ὡς
939 2245 999 2298 οὐ
1029 2246 1322 2317 Νικοδήμῳ
1351 2247 1412 2299 τὸ
1439 2263 1593 2317 τηνι-

89 2334 215 2387 ait:
246 2335 492 2404 διελέγετο
529 2337 700 2407 μόνῳ,
760 2336 897 2391 ἀλλὰ
945 2338 1039 2391 καὶ
1092 2338 1301 2409 Ἀρείῳ,
1344 2338 1593 2409 Εὑνομίῳ

90 2443 126 2477 ιε
169 2429 241 2480 καὶ
267 2429 572 2499 Μακεδονίῳ
606 2429 978 2500 προενεκάλει,
1008 2431 1123 2494 τοῖς
1159 2430 1259 2499 τὴν
1285 2429 1466 2500 φωνὴν
1497 2428 1590 2483 τοῦ

87 2516 197 2583 ἁγίου
221 2519 509 2591 Πνεύματος
569 2521 659 2574 διὰ
705 2522 815 2575 τῶν
873 2522 1104 2593 Γραφῶν
1148 2520 1455 2586 ἀκούουσιν,
1499 2522 1593 2574 καὶ

86 2608 151 2660 ίόκ
170 2610 353 2674 εἰδόσιν,
389 2612 462 2675 ὡς
492 2612 739 2683 ἔρχεται.
774 2613 1030 2685 ὰνάρχως
1077 2612 1407 2684 ὲκπορευθὲν
1441 2613 1593 2684 παρὰ

86 2695 146 2747 τοῦ
171 2698 364 2770 Πατρός,
396 2701 452 2753 τὸ
478 2701 762 2773 πανταχοῦ
791 2704 878 2756 ἀεὶ
904 2703 1098 2775 παρὸν,
1130 2703 1222 2755 καὶ
1242 2704 1441 2772 ὑπάγει
1459 2704 1592 2775 πρὸς

83 2788 215 2853 αὐτὸν,
259 2791 326 2855 ὡς
380 2793 610 2865 Πνεῦμα
658 2793 823 2847 αὐτοῦ
886 2793 1186 2865 ἀχώριστον
1244 2797 1487 2866 ὑπάρχον
1522 2799 1588 2867 τῇ

83 2879 522 2957 θεότητιοὰρρήτως
558 2887 667 2959 γὰρ
689 2887 956 2958 προῆλθεν
996 2889 1060 2952 ἐξ
1091 2888 1256 2942 αὐτοῦ
1290 2890 1470 2958 φύσει,
1495 2890 1592 2942 καὶ

82 2973 378 3044 ἐπέστραπται
404 2978 544 3050 πρὸς
575 2979 756 3032 αὐτόν’
782 2980 877 3037 καὶ
907 2980 1129 3051 πρόοδον
1161 2981 1259 3051 μὲν
1292 2982 1389 3051 τὴν
1412 2984 1475 3035 ἐκ
1496 2982 1591 3035 τοῦ

80 3064 239 3135 Πατρὸς
260 3069 472 3139 ἔχει,ὡς
512 3071 589 3124 ἂν
634 3071 693 3135 ἐξ
735 3072 900 3125 αὐτοῦ
938 3075 1389 3144 ἐκπορευόμενον·
1425 3075 1593 3146 μόνην

77 3156 114 3208 δὲ
150 3161 227 3230 τὴν
252 3164 323 3225 εἰς
348 3162 436 3216 τὸν
475 3162 725 3234 Πατέρα,
764 3163 840 3227 ὡς
882 3164 949 3217 ἂν
973 3164 1031 3217 ἓν
1076 3165 1170 3217 καὶ
1198 3166 1391 3219 ταυτὸν
1416 3166 1591 3238 ὑπάρ-

78 3267 157 3316 ιον·
184 3253 469 3333 ἐπιστρέφει
512 3255 577 3307 δὲ
609 3256 742 3325 πρὸς
800 3255 892 3308 τὸν
937 3258 1272 3327 γεννήσαντα
1311 3258 1590 3329 προελθὸν,

74 3340 125 3403 ὡς
148 3343 199 3395 ἂν
216 3347 329 3414 μιᾶς
370 3348 460 3400 καὶ
485 3347 594 3415 τῆς
623 3348 791 3418 αὐτῆς
818 3347 878 3400 ὃν
901 3348 1110 3412 οὐσίας,
1137 3348 1232 3402 καὶ
1279 3350 1381 3420 τῆς
1404 3368 1594 3422 πατρι-

75 3435 146 3503 κῆς
190 3436 278 3501 ἔξω
317 3440 573 3507 γενέσθαι
620 3440 1007 3511 συνυπάρξεως
1050 3441 1127 3513 μὴ
1154 3442 1471 3513 δυνάμενον.
1504 3444 1594 3516 Τῷ

135 3529 295 3582 εἰπεῖν·
332 3550 351 3583 ι
386 3531 580 3594 Οῦτως
611 3532 758 3585 ἐστὶν
784 3535 893 3596 πᾶς
920 3535 949 3587 6
980 3536 1374 3605 γεγεννημένος
1410 3536 1473 3590 ἐκ
1500 3537 1592 3590 τοῦ

75 3617 345 3687 Πνεύματος·
400 3642 417 3675 ι
479 3622 746 3686 διδάσκει,
802 3623 879 3687 ὡς
925 3623 986 3677 τὸ
1046 3623 1270 3695 Πνεῦμα
1313 3625 1408 3679 τοῦ
1460 3626 1595 3681 Θεοῦ

76 3713 376 3779 πνευματικὸν
403 3715 592 3784 γεννᾷ,
623 3713 719 3766 καὶ
745 3714 962 3782 λέγεται
984 3715 1350 3785 πνευματικὸς
1383 3718 1447 3770 ἐκ
1494 3717 1595 3786 τῆς

238 3804 367 3856 καθὰ
400 3806 427 3857 6
458 3806 519 3871 ἐξ
556 3803 846 3876 ἀνθρώπου
873 3804 1085 3875 τεχθεὶς
1112 3806 1356 3860 καλεῖται
1380 3807 1594 3880 ἄνθρω-

75 3905 156 3953 πος.
188 3894 457 3964 Ἐπιφωνεῖ
482 3897 619 3966 γοῦν
660 3896 739 3966 τῷ
770 3897 995 3968 τοιούτῳ
1014 3900 1042 3951 6
1072 3898 1345 3969 Μελῳδόςσ
1387 3920 1405 3950 ‹
1443 3901 1596 3955 Ἀνα-

71 3984 417 4055 ιιεινισθήσεται
445 3986 523 4050 ὡς
560 3985 724 4040 ἀετοῦ
760 3988 794 4057 ἡ
841 3986 1031 4057 νεότης
1063 4004 1175 4039 σουο
1208 4005 1228 4039 a
1276 3988 1390 4051 καὶ,
1420 4007 1438 4038 ι
1477 3990 1599 4042 Μα-

69 4069 225 4139 κάριοι,
252 4069 321 4128 ὧν
344 4077 629 4149 ἀφέθησαν
652 4077 709 4130 αἱ
739 4077 981 4149 ἀνομίαι,
1013 4078 1107 4132 καὶ
1123 4074 1198 4133 ὧν
1220 4078 1600 4150 ὲπεκαλύερθη-

68 4174 141 4211 σαν
179 4167 227 4217 αἱ
255 4168 540 4239 ἁμαρτίαι.
580 4186 601 4220 ι
658 4168 768 4221 Καὶ
830 4168 1041 4233 Παῦλος
1103 4169 1159 4222 δὲ
1193 4170 1477 4237 συνιστῶν,
1518 4172 1601 4227 ὅτι

107 4404 208 4483 i3?)
255 4407 627 4464 Consentanee.
693 4409 825 4465 Cod.
890 4411 1178 4482 ἑπόμενος.
1261 4412 1405 4485 Lego
1464 4416 1594 4469 ἐπο-

66 4484 221 4539 μενως.

117 4543 208 4609 (53)
260 4547 374 4603 Ille.
441 4549 640 4605 Matth.
697 4565 779 4617 ιιι,
833 4552 921 4608 Η.
968 4550 1139 4607 Biblia
1187 4570 1201 4605 :

63 4616 244 4660 εκεῖνος-

86 4629 245 4676 κεινος.

116 4684 495 4767 (ξυῖὴιῇιεεη
551 4708 662 4745 vas.
716 4690 1194 4767 Locutio_biblica
1237 4693 1402 4767 ex__ll
1467 4693 1592 4767 Cor.

64 4757 188 4834 ini.
226 4757 401 4834 ureris
430 4761 485 4813 in
533 4777 664 4834 voce
710 4762 1039 4834 κεραμεοῦν,
1087 4773 1248 4834 atque
1298 4763 1598 4834 Hesychius

65 4822 597 4908 habentidztpaxtvo'v
664 4822 1259 4908 pro'6cirpdxi_vov.'.§t
1313 4834 1365 4887 in
1405 4822 1599 4908 Bibliis

61 4903 303 5011 ita
337 4916 557 4970 semper
585 4903 869 4968 scribitur,
901 4903 959 4957 ut
984 4920 1013 4957 a
1032 4903 1256 4957 librario
1276 4912 1465 4997 nostro
1496 4905 1599 4961 hoc

78 4976 103 5012 Π
131 4976 249 5022 loco.
1402 4994 1403 4997 ‘

116 5033 525 5110 (35)Roboretur
559 5055 623 5093 ac
648 5041 969 5110 perﬁciatur.
1002 5039 1414 5099 Sacramentum
1467 5059 1597 5099 con-

61 5099 343 5163 ﬁrmationis
372 5111 584 5164 indicat
620 5099 658 5162 δ’
676 5099 948 5181 baptismo
979 5113 1318 5167 distinctum.
1360 5114 1413 5168 In
1455 5115 1599 5169 Grae-

61 5186 299 5250 coautetn
321 5191 443 5250 est:
485 5199 502 5229 ι
544 5182 823 5235 robustum
861 5182 1195 5250 perficiatur.
1234 5202 1255 5234 ι
1289 5184 1406 5249 Quo
1439 5187 1599 5239 modo

64 5242 105 5292 in
127 5242 245 5299 libro
268 5247 340 5301 De
374 5248 521 5325 Spir.
543 5263 745 5317 sancto,
767 5242 913 5306 num.
937 5253 992 5320 6,
1022 5254 1098 5306 ait
1123 5253 1265 5309 idem
1293 5242 1595 5325 Didymus:

65 5328 80 5359 ι
114 5326 275 5395 sancta
297 5322 599 5395 perﬁcitur.
647 5339 665 5373 ι

118 5384 214 5459 QQ)
250 5384 390 5459 Ignis
425 5407 757 5444 consumens.
786 5391 944 5448 Deut.
975 5406 1049 5454 tv.
1075 5392 1168 5459 24,
1202 5403 1257 5449 et
1290 5408 1371 5455 ιχ,
1393 5393 1447 5447 5.

118 5406 214 5467 tgg;
250 5406 390 5510 [ﬁrm
425 5407 757 5444 consumens.
790 5406 944 5448 ueut.
975 5406 1049 5454 ιν,
1075 5406 1168 5459 24,
1202 5406 1257 5449 et
1290 5408 1371 5455 tx,
1393 5406 1447 5447 ὁ.

91 5457 244 5529 ,(ῡιλ
319 5458 555 5516 nbentea.
624 5462 665 5516 ll
712 5462 837 5517 Cor.
910 5476 986 5526 tv,
1041 5462 1092 5516 7.
1161 5463 1217 5519 In
1264 5463 1453 5518 Bibliis
1523 5462 1601 5519 le-

62 5524 436 5607 Εῖιῇιξῃέχομεν.
492 5531 693 5607 id_es_t,
751 5549 771 5583 ι
812 5524 1159 5607 habetitus,_t
1197 5549 1303 5607 pro
1354 5533 1591 5607 ἔχοντες.

120 5592 217 5673 (58)
241 5592 535 5673 Quatenus.
563 5592 717 5673 Ϋειξι
743 5604 1003 5673 quandiu.
1044 5622 1063 5654 ι
1086 5592 1277 5659 Codex
1322 5592 1598 5673 mé‘udose,

62 5657 312 5745 ivdsw'pfo
335 5670 551 5745 ξνδσῳ.
573 5657 930 5745 Sithiiijntodo
963 5657 1476 5745 Didymushadncap.

64 5743 189 5815 Vera.
213 5737 297 5801 29,
328 5738 450 5795 Jobi
457 5737 620 5862 1(pag.
670 5743 1017 5829 295‘catente
1046 5737 1101 5798 i'n
1124 5744 1316 5799 Jobnm
1354 5759 1384 5797 a
1414 5737 1599 5799 Niceta

65 5812 385 5862 contemnam)
414 5827 427 5862 :
507 5810 542 5862 ὰ
567 5810 901 5862 γὰοδένοοα..
925 5815 982 5862 ὲν
998 5814 1106 5862 ὅσω
1128 5816 1224 5862 μὲν
1250 5815 1486 5862 ἵσταται.
1507 5813 1599 5862 καὶ

65 5810 385 5879 concinnata:)
414 5827 427 5863 :
457 5810 542 5863 Τὰ
567 5810 672 5884 γὰρ
687 5812 901 5885 δένδρα,
925 5815 982 5869 ὲν
998 5814 1106 5887 ὅσῳ
1126 5816 1224 5887 μὲν
1250 5815 1486 5882 ἵσταται,
1507 5813 1601 5869 καὶ

1259 4552 1423 4618 αὐτός
1496 4570 1594 4626 pro

1624 4527 1670 4583 D

1692 610 1949 654 sentanee
1981 599 2093 671 (52)
2115 616 2235 654 cum
2263 601 2365 655 bac
2401 600 2690 663 locutione,
2730 619 2747 651 ι
2780 600 2851 653 Ex
2889 616 3026 668 aqua
3056 611 3109 653 et
3140 599 3261 663 Spi-

1692 690 1819 752 ritu,
1849 709 1869 742 ι
1911 689 1981 744 ait
2017 692 2081 744 de
2122 690 2383 746 Christo:
2421 709 2439 742 ι
2472 690 2563 744 llle
2598 690 2708 758 (55)
2749 705 2842 743 vos
2878 688 3173 757 lmptizabit
3207 691 3259 742 in

1690 781 1891 851 Spiritu
1918 792 2121 848 sancto,
2142 791 2196 835 et
2223 783 2363 851 igne.
2389 802 2407 833 ι
2429 782 2564 837 Cum
2597 785 2739 833 enim
2764 779 2923 833 ﬁctile
2942 781 3010 834 sit
3034 795 3128 833 vas
3148 778 3259 851 (54)

1690 873 2020 939 humanum,
2075 874 2193 927 ideo
2241 873 2474 941 primum
2526 873 2763 943 indiget,
2812 882 2872 925 ut
2920 887 3016 940 per
3067 886 3261 940 aquam

1691 964 2034 1032 puriﬁcetur,
2066 964 2261 1017 deinde
2298 974 2353 1017 nt
2382 978 2478 1032 per
2500 964 2797 1032 spiritalem
2822 964 3011 1030 ignem
3045 962 3265 1015 robore-

1693 1066 1798 1117 tur,
1848 1072 1912 1110 ac
1951 1055 2263 1125 perﬁciatur
2291 1055 2406 1125 (55)
2441 1056 2548 1123 (eSt
2567 1056 2709 1110 enim
2745 1057 2886 1110 Deus
2918 1054 3100 1123 tignis
3138 1069 3265 1107 cou-

1690 1160 1909 1200 sumens
1941 1164 1958 1196 ι
1998 1144 2149 1217 [56])
2179 1167 2191 1200 :
2222 1155 2381 1214 atque
2412 1144 2486 1199 ita
2518 1144 2721 1214 Spiritu
2748 1152 2936 1199 sancto
2983 1144 3202 1212 indiget,
3234 1158 3264 1195 ιι

1690 1252 1796 1304 quo
1830 1236 2127 1305 perfectum
2177 1236 2270 1290 liat
2322 1245 2375 1289 et
2414 1246 2707 1291 renovetur
2736 1252 2751 1289 ε
2784 1235 2934 1290 novit
2968 1235 3117 1289 enim
3152 1236 3264 1303 spi-

1690 1328 1865 1383 ritalis
1920 1329 2057 1397 ignis
2108 1327 2270 1381 etiam
2322 1328 2567 1399 irrigare,
2614 1328 2765 1382 novit
2814 1326 3078 1395 spiritalis
3126 1341 3264 1394 aqua

1689 1420 1851 1473 etiam
1884 1417 2202 1472 reconﬂare.
2246 1418 2299 1470 id
2340 1434 2501 1484 porro
2531 1420 2866 1473 demonstrat
2901 1419 3117 1479 Paulus,
3145 1433 3265 1471 cum

1691 1511 1743 1564 in
1795 1511 2030 1565 secunda
2079 1510 2145 1563 nd
2190 1510 2498 1565 Corinthios
2536 1510 2763 1564 scribit:
2802 1529 2821 1561 ι
2853 1509 3119 1564 [labentes
3154 1508 3267 1579 (57)

1691 1614 1872 1656 autem
1910 1605 2225 1656 thesaurum
2281 1604 2425 1657 hunc
2480 1604 2531 1657 in
2566 1603 2708 1656 vasis
2756 1603 3031 1656 ﬁctilibus.
3068 1620 3086 1653 ι
3133 1601 3266 1656 Cum

1690 1709 1820 1748 vero
1866 1694 1943 1747 ait
1981 1693 2252 1756 Christus,
2318 1712 2337 1745 ι
2368 1693 2521 1760 Quod
2564 1694 2797 1763 genitum
2844 1703 2927 1747 est
2964 1709 3030 1746 ex
3082 1708 3267 1754 carne,

1691 1801 1821 1840 caro
1866 1795 1971 1852 εει,
2003 1793 2059 1839 et
2085 1787 2227 1854 quod
2260 1787 2500 1852 genitum
2534 1796 2620 1839 est
2659 1800 2725 1839 ex
2774 1784 2999 1852 Spiritu,
3035 1783 3271 1853 Spiritus

1690 1887 1794 1942 est,
1826 1896 1845 1930 ι
1897 1878 2136 1933 breviter
2177 1877 2378 1943 docuit,
2431 1890 2554 1931 eum
2606 1876 2905 1941 hominem,
2954 1876 3044 1945 qui
3095 1877 3273 1945 bapti-

1689 1988 1863 2029 smum
1908 1988 2014 2027 non
2061 1973 2136 2028 sit
2181 1982 2528 2037 consecutus,
2565 1972 2837 2026 carnalem
2885 1987 3025 2034 esse,
3076 1973 3128 2026 id
3164 1981 3267 2035 est,

1692 2066 1935 2121 caelestis
1981 2065 2120 2120 lucis
2156 2067 2471 2135 participem
2505 2081 2609 2119 non
2653 2066 2919 2120 exsistere
2958 2065 3107 2137 (nam
3151 2079 3271 2133 per-

1692 2157 1938 2228 spicuum
1974 2167 2080 2222 est,
2108 2172 2349 2222 carnem,
2392 2166 2659 2226 quatenus
2687 2156 2799 2223 (38)
2828 2157 2957 2210 vivit
2990 2172 3111 2211 cum
3148 2171 3272 2225 pro-

1690 2249 1805 2320 pria
1841 2249 2045 2312 anima,
2074 2249 2164 2304 hic
2195 2249 2263 2303 ab
2290 2264 2355 2304 eo
2395 2248 2588 2319 accipi)
2630 2267 2643 2303 :
2682 2249 2772 2317 qni
2804 2260 2984 2303 autem
3027 2249 3272 2317 baptiza-

1697 2352 1784 2395 tus
1823 2344 1946 2406 l'uit,
1984 2341 2286 2410 spiritalem
2328 2357 2468 2407 esse,
2523 2344 2621 2395 hoc
2656 2350 2743 2395 est
2789 2340 3106 2411 participem
3148 2344 3273 2392 vitae

1694 2434 2032 2489 immortalis.
2064 2432 2165 2488 Ubi
2191 2448 2319 2487 vero
2344 2433 2539 2502 inquit,
2572 2451 2590 2482 ι
2620 2432 2854 2501 Spiritus
2879 2433 2967 2486 tibi
2992 2432 3108 2485 vult
3156 2432 3274 2499 spi-

1694 2535 1798 2588 rat,
1826 2544 1844 2577 ι
1872 2525 2107 2578 ostendit
2132 2525 2276 2578 hunc
2298 2524 2513 2594 propria
2537 2532 2802 2591 potestate
2823 2523 3105 2591 praeditum
3127 2538 3271 2585 esse,

1692 2632 1854 2688 atque
1882 2618 2330 2686 omnipotentem.
2370 2615 2622 2684 lnquiens
2667 2625 2873 2678 autem,
2929 2636 2948 2666 ι
2981 2616 3048 2668 Et
3085 2630 3271 2669 vocem

1691 2711 1809 2779 ejus
1854 2709 2030 2775 audis,
2069 2710 2163 2763 sed
2222 2709 2401 2763 nescis
2439 2710 2581 2762 unde
2609 2708 2778 2773 venit,
2810 2717 2866 2762 et
2910 2723 3016 2777 quo
3051 2709 3216 2771 vadit,
3246 2722 3269 2762 ι

1694 2804 1895 2858 indicat
1940 2816 2000 2856 se
2044 2816 2153 2855 non
2187 2800 2363 2854 solum
2410 2799 2762 2855 Nicodemum
2810 2801 2882 2854 ibi
2926 2800 3146 2870 alloqui,
3178 2801 3273 2854 sed

1697 2904 1753 2950 et
1792 2894 2003 2957 Arium,
2038 2900 2089 2947 et
2120 2892 2469 2953 Eunomium,
2499 2900 2553 2943 et
2576 2890 2946 2945 Macedoninm
2982 2891 3279 2959 anticipate

1695 2985 1968 3047 incusare,
2006 2984 2099 3052 qui
2136 2983 2372 3053 Spiritus
2413 2982 2589 3037 sancti
2626 2997 2811 3037 vocem
2840 2998 2936 3051 per
2961 2983 3275 3052 Scriptura:

1693 3077 1946 3140 audiunt,
1974 3091 2036 3130 ac
2066 3078 2342 3141 nesciunt,
2374 3078 2515 3143 quod
2542 3076 2655 3143 ipse
2678 3074 2876 3142 ubique
2899 3089 3117 3144 semper
3146 3091 3279 3144 pras-

1618 3199 1660 3256 ο
1696 3183 1820 3222 sens
1855 3169 2023 3231 venit,
2051 3168 2168 3221 sine
2204 3168 2358 3220 initio
2389 3166 2690 3233 procedens
2735 3181 2764 3218 a
2808 3164 2989 3225 Patre,
3041 3176 3093 3220 et
3126 3167 3277 3220 vadit

1698 3261 1763 3314 ad
1794 3274 1938 3325 eum,
1973 3268 2159 3329 utpote
2188 3257 2426 3326 Spiritus
2457 3257 2641 3325 ipsius,
2678 3266 2735 3310 et
2759 3258 2960 3313 deitate
3002 3258 3069 3311 ab
3094 3272 3158 3311 eo
3191 3259 3275 3312 in-

1700 3351 2020 3421 separabilis
2066 3351 2336 3405 exsisteus
2376 3347 2761 3404 :inel'fabiliter
2812 3348 2957 3404 enim
3010 3351 3278 3418 processit

1701 3454 1891 3495 natura
1919 3441 2032 3512 (59)
2059 3455 2125 3494 ex
2168 3442 2306 3509 ipso,
2332 3439 2494 3509 252
2521 3448 2577 3494 et
2605 3454 2855 3494 reversus
2882 3450 2966 3494 est
2995 3441 3061 3493 ad
3098 3457 3220 3494 eum
3249 3460 3265 3496 :

1696 3544 1747 3587 et
1791 3548 2135 3603 progressum
2180 3531 2396 3601 quidem
2445 3546 2511 3585 ex
2550 3530 2709 3587 Patre
2750 3531 2933 3597 habet,
2979 3542 3163 3600 utpote
3208 3549 3275 3587 ex

1698 3626 1814 3694 ipso
1865 3626 2200 3693 procedens;
2258 3623 2427 3677 solam
2461 3622 2575 3693 (40)
2605 3635 2784 3678 autem
2841 3623 3274 3693 progressionem

1700 3718 1751 3770 in
1797 3717 2011 3771 Patrem
2060 3716 2247 3778 habet,
2301 3727 2488 3781 utpote
2527 3718 2616 3787 qui
2666 3732 2831 3771 unum
2880 3724 2937 3770 et
2978 3716 3119 3770 idem
3151 3731 3273 3770 cum

1699 3811 1815 3880 ipso
1860 3818 1945 3864 est
1988 3808 2325 3864 :revertitur
2374 3820 2552 3864 autem
2600 3809 2666 3861 ad
2710 3808 3020 3864 Genitorem
3061 3808 3174 3879 (41)
3223 3810 3274 3861 in

1700 3901 2064 3971 procedendo,
2116 3909 2299 3968 utpote
2348 3902 2438 3968 qui
2487 3910 2541 3955 et
2588 3912 2673 3954 est
2718 3901 2880 3955 unius
2926 3901 3278 3968 ejusdemque

1703 4010 1825 4049 cum
1873 3992 1963 4045 illo
2014 3993 2285 4055 essentiaa,
2320 4006 2495 4059 neque
2525 4006 2649 4046 esse
2682 4000 2860 4062 potest
2891 4005 3048 4047 eXtra
3098 3990 3277 4046 Patris

1705 4083 2167 4141 coexsistentiam.
2222 4083 2459 4137 Dicendo
2503 4093 2708 4148 autem,
2758 4101 2777 4134 ι
2809 4082 2902 4138 Sic
2946 4090 3032 4137 est
3077 4085 3273 4149 omnis,

1705 4175 1795 4245 qui
1821 4174 2031 4243 genitus
2060 4180 2143 4227 est
2165 4187 2233 4227 ex
2265 4172 2489 4239 Spiritu,
2518 4190 2537 4223 ι
2574 4169 2731 4225 docet
2752 4186 2781 4224 a
2808 4170 3013 4241 Spiritu
3039 4170 3132 4225 Dei
3167 4170 3278 4239 spi-

1700 4414 1857 4469 σκιὰν
1886 4417 2047 4468 ποιεί·
2076 4411 2461 4484 ἀποτμηθέντα
2478 4410 2772 4484 δὲ,οὐᾼκέτι·
2805 4410 2855 4463 id
2888 4418 3030 4484 est,_t
3058 4409 3279 4464 arltores

1700 4486 1845 4540 enim
1874 4487 2112 4554 quandiu
2141 4480 2311 4548 stant,
2346 4484 2595 4537 umbram
2623 4482 2863 4545 faciunt;
2898 4480 3094 4533 excisa:
3128 4496 3231 4532 ναίιι
3255 4518 3275 4547 ,

1701 4571 2063 4625 nequaquam.
2110 4573 2129 4607 ι

1697 4618 2158 4750 21ξόθγιθαιιιηι.
2184 4623 2314 4691 Seu,
2340 4642 2359 4676 ι
2402 4638 2551 4678 vere.
2588 4640 2608 4673 ι
2663 4620 2796 4678 Vide
2838 4628 2955 4674 not.
3016 4618 3108 4683 64,
3150 4634 3270 4688 pag.

1771 4766 1899 4839 (40)
1912 4764 2115 4839 Solam,
2142 4773 2247 4820 etc.
2280 4764 2358 4819 Ne
2395 4764 2593 4839 in[erat
2621 4763 2749 4839 hinc
2777 4760 3154 4839 schis_malicu_s
3184 4759 3278 4813 ali-

1699 4830 1841 4903 quis,
1865 4830 2133 4905 "Spiritum
2156 4844 2427 4899 sanctum,
2455 4835 2662 4905 Didymi
2699 4831 2991 4905 sententia,
3020 4846 3083 4883 ex
3120 4830 3276 4905 Patre

1702 4900 2077 4959 tantummodo
2129 4906 2440 4973 procedere,
2481 4900 2625 4973 quod
2686 4904 2733 4957 ei
2791 4901 3003 4973 tribuat
3034 4920 3054 4953 ι
3104 4900 3273 4955 solam

1700 4970 2143 5056 progressionem
2166 4977 2218 5028 in
2253 4970 2514 5056 Patremi
2559 4993 2579 5026 ι
2629 4988 2753 5026 nam
2789 4972 2924 5056 ratio
2955 4970 3066 5035 illa,
3109 4985 3272 5052 quam

1701 5041 2015 5115 subiungit,
2056 5063 2077 5097 ι
2126 5055 2309 5111 utpote
2361 5046 2451 5114 qui
2507 5058 2671 5115 unum
2714 5052 2781 5115 et
2825 5041 2964 5095 idem
3003 5042 3274 5115 cum_ip_s_o

1701 5110 1818 5181 est;
1848 5135 1865 5167 ι
1900 5110 2205 5184 huiusmodi
2264 5110 2479 5169 sensum
2533 5112 2796 5184 excludit,
2855 5126 2978 5165 cum
3020 5112 3089 5184 de
3138 5110 3274 5165 Filio

1701 5201 1917 5256 quoque
1938 5182 2055 5240 eam
2103 5184 2284 5239 valere
2325 5195 2531 5239 certum
2570 5184 2660 5256 sit.
2694 5182 2816 5256 ld_eo
2842 5196 2972 5249 ergo
2995 5183 3274 5256 theologus

1704 5250 1889 5310 uoster
1916 5274 1934 5306 ι
1972 5256 2140 5310 solam
2172 5256 2609 5325 progressionem
2640 5252 2693 5305 in
2737 5252 2950 5325 Patrem
2990 5269 3009 5325 ρ
3041 5250 3273 5322 Spiritui

1702 5336 1891 5382 sancto
1921 5326 2130 5390 tribuit,
2174 5322 2234 5380 ut
2278 5322 2394 5391 ejus
2434 5344 2453 5376 ‹
2500 5325 2829 5379 creationem
2867 5340 2885 5372 ι
2927 5322 3212 5377 inlicietnr.
3249 5340 3268 5372 ι

1762 5396 1888 5465 ’(41)
1926 5397 2009 5449 Ad
2050 5395 2353 5468 genitorem.
2410 5395 2466 5449 In
2502 5395 2718 5468 AGI‘mCQ.
2754 5392 2898 5468 «pb;
2942 5392 3034 5445 τὸν
3066 5394 3273 5468 fama-

1704 5463 1895 5530 σαντα,
1927 5468 1978 5520 id
2013 5463 2095 5521 est
2131 5484 2151 5518 ι
2186 5468 2253 5524 ad
2282 5465 2733 5537 enmquigenuit,
2773 5482 2793 5514 ι
2821 5463 2924 5537 vel,
2956 5482 2973 5513 ι
3003 5463 3078 5537 _ad
3108 5478 3274 5537 gene-

1703 5548 1933 5590 rantem.
1983 5557 2002 5591 »
2055 5538 2223 5607 Miror
2279 5532 2456 5607 autem
2512 5532 2797 5607 Didymum
2850 5532 2961 5607 hac
3001 5534 3271 5607 locutione

1704 5608 1781 5660 uti
1805 5618 1914 5660 tam
1936 5606 2264 5677 impropria.
2297 5605 2424 5671 Sed,
2472 5606 2575 5662 nisi
2597 5601 2849 5677 mendum
2872 5603 3107 5677 aliquod
3142 5601 3274 5677 sub:

1704 5678 1796 5741 sit,
1827 5691 1888 5731 ea
1910 5679 1989 5732 sic
2010 5669 2194 5747 procul
2225 5677 2386 5747 dubio
2414 5669 2722 5747 accipienda
2747 5682 2852 5747 est.
2887 5682 2945 5727 ut
2974 5669 3105 5727 nihil
3124 5669 3275 5747 aliud

1704 5738 1913 5811 valeat,
1946 5738 2106 5819 quam
2144 5746 2277 5819 πρὸς
2328 5746 2422 5801 τὸν
2483 5738 2721 5817 Πατέρα,
2778 5742 2834 5798 id
2863 5754 2968 5812 est,
3011 5760 3032 5796 t
3072 5741 3137 5796 ad
3167 5738 3274 5795 Pa-

1706 5825 1863 5874 trem.
1900 5836 1927 5870 ι
