3732 6348
425 400 531 456 675

1655 387 1890 445 DIDYMI
1927 384 2394 444 ALEXANDRINI

3574 383 3666 437 673

424 514 635 571 ritalem
678 511 792 584 (42)
818 511 1085 582 generari,
1141 519 1196 566 et
1234 507 1531 579 spiritalem
1571 507 1676 562 dici
1727 506 1994 561 hominem

2160 503 2221 568 ύς
2251 521 2311 556 τε
2344 500 2748 573 φωτιζομένους
2785 499 2847 554 τὸ
2883 498 3110 571 Πνεῦμα
3140 501 3433 571 άναγεννᾷ,
3460 501 3555 554 καὶ
3578 500 3665 556 τὴν

423 621 491 661 ex
533 604 758 667 habitu;
809 604 950 657 sicut
980 602 1068 669 qui
1105 611 1264 655 natus
1290 606 1463 654 estex
1506 597 1743 661 homine,
1776 606 1997 651 vocatur

424 696 605 748 homo.
637 691 916 746 Acclamat
946 691 1127 760 itaque
1171 687 1473 756 huiusmodi
1519 688 1722 741 homini
1767 686 1996 755 spiritali

424 784 664 839 Melodus
715 784 965 853 inquiens
1012 800 1025 837 :
1066 801 1084 833 ι
1118 781 1486 836 Renovabitur
1532 778 1643 852 (45)
1700 790 1758 834 ut
1803 779 1995 849 aquilae

420 875 674 943 juventus
721 883 850 939 tua;
887 894 905 927 ›
955 884 1009 929 et
1042 894 1055 930 :
1094 892 1114 926 ι
1142 873 1288 927 Beati
1323 871 1435 941 (44)
1483 886 1712 941 quorum
1759 871 1996 924 remissa:

423 974 551 1019 sunt
581 965 922 1035 iniquitates,
949 975 1003 1019 et
1028 980 1255 1035 quorum
1286 972 1425 1017 tecta
1457 972 1579 1016 sunt
1605 973 1843 1031 peccata.
1875 981 1894 1015 ι
1927 961 1997 1016 At

423 1056 624 1110 Paulus
659 1072 874 1127 quoque
916 1056 1181 1127 Spiritum
1218 1064 1272 1111 et
1301 1054 1631 1109 illuminatos
1665 1052 1779 1123 (seu
1822 1053 1998 1122 bapti-

422 1148 596 1219 Zatos)
655 1163 998 1219 regenerare,
1041 1156 1094 1202 et
1130 1148 1224 1202 Dei
1260 1147 1763 1219 denominationem‘
1789 1161 1857 1200 ex
1900 1160 1996 1200 na-

424 1249 541 1295 tura
578 1210 779 1295 habere
821 1210 1129 1306 conﬁrmat,
1162 1240 1286 1294 dum
1329 1239 1520 1295 scribit
1561 1239 1627 1291 ad
1661 1210 1839 1292 Titum
1876 1239 1997 1307 qui-

425 1331 572 1395 dem,
604 1332 743 1385 sicut
770 1333 1014 1402 superius
1047 1331 1159 1402 (45)
1190 1331 1393 1384 dictum
1426 1340 1510 1385 est
1538 1349 1550 1383 :
1595 1349 1612 1382 ι
1647 1329 1995 1399 Regenerans

423 1436 522 1475 nos
568 1436 663 1490 per
706 1421 981 1475 lavacrum
1034 1420 1485 1490 regenerationis,
1527 1430 1583 1474 et
1633 1419 1996 1474 renovationis

426 1512 662 1581 Spiritus
684 1514 878 1567 sancti.
909 1531 925 1563 ι
955 1512 1035 1566 Ad
1064 1512 1337 1568 Romanos
1362 1526 1522 1566 vero:
1549 1529 1567 1562 ι
1595 1511 1651 1565 Si
1683 1520 1861 1563 autem
1883 1508 1993 1580 (46)

424 1604 626 1673 Spiritu
672 1620 836 1674 Opera
887 1606 1131 1675 corporis
1167 1605 1277 1676 (47)
1310 1603 1683 1667 mortificatis,
1741 1603 1936 1657 vivetis
1973 1618 1986 1654 :

422 1696 729 1765 quicunque
797 1696 941 1750 enim
999 1695 1202 1765 Spiritu
1256 1697 1347 1750 Dei
1412 1705 1687 1764 aguntur,
1766 1695 1821 1748 lii
1899 1693 1992 1747 lilii

425 1786 519 1839 Dei
568 1796 695 1840 sunt
726 1803 740 1839 :
777 1804 881 1841 non
916 1788 1061 1841 enim
1106 1787 1394 1856 accepistis
1428 1786 1677 1854 spiritum
1712 1785 1993 1839 servitutis

2097 595 2191 647 τοῦ
2237 593 2371 647 Θεοῦ
2434 591 2804 665 προσηγορίαν
2852 590 3011 659 φύσει
3067 591 3351 662 κέκτηται,
3419 589 3664 661 ἔγραψεν,

2098 687 2233 758 πρὸς
2253 686 2350 756 μὲν
2382 685 2556 747 Τῖτον,
2588 681 2769 746 καθὼς
2800 682 3059 754 ἀνωτέρω
3094 682 3308 753 ἐλέχθη·
3348 700 3367 733 ι
3421 683 3666 747 Ἀναγεν-

2097 778 2266 847 νήσας
2295 777 2443 846 ἡμᾶς
2479 774 2567 829 διὰ
2588 773 2812 846 λουτροῦ
2856 772 3293 842 παλιγγενεσίας.
3328 772 3425 824 καὶ
3458 772 3665 824 ἀνακαι-

2097 869 2290 930 νίσεως
2329 866 2641 935 Πνεύματος
2671 864 2846 933 άγίου·
2879 883 2897 915 ι
2932 864 3066 933 πρὸς
3090 862 3147 914 δέ
3205 860 3531 931 Ῥωμαίους·
3568 878 3586 908 ι
3612 860 3665 911 Εἰ

2095 957 2152 1010 δὲ
2181 954 2459 1025 Πνεῦματι
2510 954 2607 1017 τὰς
2658 953 2885 1024 πράξεις
2923 952 3017 1005 τοῦ
3073 950 3323 1021 σώματος
3356 949 3663 1008 θανατοῦτε,

2096 1048 2347 1119 ζήσεσθε·
2376 1049 2490 1101 ὅσοι
2523 1047 2631 1118 γάρ
2648 1047 2927 1117 Πνεύματι
2964 1044 3097 1097 Θεοῦ
3121 1044 3364 1112 ἄγονται,
3390 1036 3540 1095 οὗτοι
3572 1043 3667 1092 υἱοὶ

2095 1140 2231 1194 Θεοῦ
2258 1142 2417 1195 εἰσιν.
2450 1139 2524 1192 Οὐ
2573 1138 2680 1211 γὰρ
2715 1138 2936 1191 ἐλάϐετε
2983 1135 3207 1205 Πνεῦμα
3238 1134 3489 1197 δουλείας
3516 1132 3665 1185 πάλιν

2096 1234 2175 1295 είς
2223 1233 2403 1301 φόϐον·
2450 1232 2564 1285 ἀλλ’
2599 1232 2822 1284 ἐλάϐετε
2863 1230 3089 1301 Πνεῦμα
3119 1226 3243 1301 [116
3272 1226 3327 1298 ιι]
3380 1225 3665 1287 υἱοθεσίας,

2096 1328 2153 1379 ἐν
2179 1318 2222 1393 ᾧ
2249 1324 2543 1395 κράζομεν·
2614 1323 2781 1376 Ἀϐϐά
2836 1324 2865 1375 ὁ
2905 1324 3115 1395 Πατήρ.
3158 1320 3300 1373 Αὐτὸ
3342 1319 3405 1372 τὸ
3453 1317 3666 1385 Πνεῦμα

2096 1415 2590 1489 συμμαρτυρείτῷ
2645 1415 2912 1486 πνεύματι
2963 1416 3140 1485 ἡμῶν,
3194 1416 3274 1467 ὅτι
3318 1413 3485 1481 ἐσμὲν
3510 1412 3668 1464 τέκνα

2095 1511 2251 1564 Θεοῦ·
2282 1511 2330 1563 εί
2357 1510 2414 1562 δὲ
2455 1509 2641 1571 τέκνα,
2675 1510 2768 1562 καὶ⁵
2811 1507 3153 1577 κληρονόμοι,
3194 1504 3521 1575 κληρονόμοι
3575 1503 3669 1573 μὲν

2098 1599 2254 1663 Θεοῦ,
2312 1598 2739 1669 συγκληρονόμοι
2783 1598 2840 1650 δὲ
2884 1595 3139 1667 Χριστοῦ·
3191 1614 3210 1647 ι
3248 1595 3382 1666 πρὸς
3414 1595 3474 1648 δέ
3506 1595 3667 1663 Τιμόι

2096 1690 2215 1743 θεον
2247 1692 2304 1743 ἐν
2329 1693 2395 1761 τῇ
2420 1690 2646 1761 δευτέρᾳ
2679 1688 2985 1759 Ἐπιστολῇ·
3018 1707 3036 1739 ι
3065 1689 3140 1740 Οὐ
3173 1687 3281 1758 γὰρ
3318 1688 3519 1741 ἔδωκεν
3542 1690 3667 1757 qua

2094 1783 2124 1833 ὁ
2164 1782 2294 1844 Θεὸς
2331 1780 2554 1852 Πνεῦμα
2584 1781 2847 1844 δουλείας,
2880 1780 3015 1833 ἀλλὰ
3052 1779 3355 1850 δυνάμεως,
3397 1781 3495 1831 καὶ
3531 1780 3665 1846 ἀγά-

394 1877 626 1951 ,ἰιει-ιιηι
664 1878 715 1930 in
753 1878 963 1941 timore,
995 1878 1089 1930 sed
1120 1877 1404 1946 accepistis
1445 1875 1704 1945 Spiritum
1745 1876 1989 1945 adaptio-

2158 1889 2222 1943 ις,
2265 1873 2359 1926 καὶ
2399 1870 2796 1943 σωφρονισμοῦ.
2828 1890 2846 1922 ι
2883 1872 3006 1924 Ὅτι
3043 1870 3150 1943 γὰρ
3185 1871 3312 1941 περ)⁸
3363 1871 3460 1924 τοῦ
3519 1873 3665 1939 ἁγίου

425 1969 509 2022 nis
558 1969 611 2023 in
668 1968 833 2035 lilios,
890 1970 944 2023 in
988 1985 1094 2039 quo
1159 1969 1499 2023 clamamus:
1531 1968 1685 2022 Abba
1741 1967 1994 2039 (Pater).

424 2056 545 2126 Ipse
578 2057 691 2128 (48)
725 2056 957 2128 Spiritus
1016 2058 1380 2112 testiinonium
1424 2058 1600 2111 reddit
1645 2058 1854 2125 spiritui
1897 2074 1995 2111 uo-

425 2157 561 2212 stro,
613 2149 755 2216 quod
804 2164 989 2203 sumus
1030 2148 1121 2202 lilii
1172 2149 1261 2202 Dei
1296 2165 1311 2202 :
1344 2148 1389 2203 si
1451 2158 1628 2201 autem
1671 2149 1787 2214 lilii,
1832 2150 1992 2203 etiam

428 2238 702 2303 haeredes;
753 2238 996 2293 hatredes
1042 2239 1258 2308 quidem
1308 2238 1424 2303 Dei,
1464 2239 1775 2292 coheredes
1816 2248 1994 2293 autem

425 2330 651 2385 Christi.
682 2347 703 2382 ι
736 2330 817 2383 Ad
842 2327 1183 2408 Timotheum
1216 2344 1344 2385 vero
1375 2331 1427 2383 in
1459 2331 1694 2385 secunda
1719 2329 1952 2399 hpistola
1978 2348 1993 2384 :

430 2441 451 2474 ι
480 2421 600 2476 Νοη
646 2423 791 2476 enim
819 2422 930 2491 (49)
963 2412 1110 2476 dedit
1149 2423 1302 2477 nobis
1350 2421 1492 2479 Deus
1538 2423 1799 2493 Spiritum
1829 2421 1999 2477 servi-

427 2515 557 2568 tutis
589 2513 723 2585 (50),
775 2514 866 2568 sed
914 2509 1187 2583 potentias,
1229 2524 1281 2570 et
1315 2517 1623 2581 charitatis,
1658 2524 1714 2570 et
1744 2515 1999 2569 emenda-

426 2607 610 2661 tionis.
643 2626 661 2657 ι
694 2606 846 2674 Quod
878 2608 1019 2660 cnim
1052 2606 1211 2677 253
1242 2606 1308 2662 de
1348 2608 1550 2677 Spiritu
1589 2616 1779 2662 sancto
1808 2607 1997 2676 loqua-

428 2708 538 2761 tur,
566 2714 631 2752 ex
668 2712 732 2752 eo
765 2699 925 2751 etiam
961 2710 1108 2766 patet
1137 2699 1277 2767 quod
1304 2698 1449 2753 dicat
1478 2716 1493 2754 :
1531 2716 1551 2750 ι
1582 2697 1695 2752 Non
1731 2699 1873 2752 enim
1905 2711 1997 2751 ac-

427 2788 650 2857 cepistis
677 2787 936 2857 Spiritum
973 2788 1252 2842 servitutis
1284 2790 1479 2843 iterum
1531 2788 1586 2842 in
1639 2789 1867 2853 timore;
1902 2788 1996 2841 sed

429 2878 719 2949 accepistis
781 2878 1043 2947 Spiritum
1105 2879 1413 2948 adoptionis
1460 2879 1513 2933 in
1579 2878 1816 2933 ίὶΙίοεε»
1874 2893 1996 2933 cum

432 2976 578 3030 enim
623 2973 733 3042 iam
792 2974 1040 3043 spiritum
1093 2983 1338 3027 nostrum
1382 2971 1606 3025 omnino
1655 2968 1996 3036 haberemus,

430 3068 740 3137 accepimus
782 3068 947 3121 etiam
998 3065 1259 3134 Spiritum
1306 3062 1422 3118 Dei.
1474 3059 1815 3115 Manifestum
1870 3075 1999 3115 vero

438 3160 543 3212 hoc
578 3157 738 3211 etiam
771 3171 839 3211 ex
866 3170 931 3210 eo
962 3166 1065 3220 est,
1094 3154 1237 3223 quod
1281 3151 1639 3221 subjunxerit,
1670 3151 1844 3222 ipsum
1879 3151 1999 3221 Spi-

2098 1964 2407 2035 Πνεύματος
2441 1964 2763 2032 διαλέγεται.
2821 1963 3040 2035 εῦδηλον
3094 1965 3190 2021 καὶ
3235 1966 3300 2018 ἐκ
3346 1964 3443 2017 τοῦ
3480 1968 3664 2017 εἰπεῖν·

2102 2078 2121 2112 ι
2155 2059 2228 2111 Οὐ
2255 2058 2362 2128 γὰρ
2392 2056 2610 2110 ἐλάϐετε
2663 2054 2887 2127 Πνεῦμα
2913 2057 3153 2119 δουλείας
3187 2057 3349 2111 πάλιν
3370 2060 3454 2120 είς
3491 2057 3667 2126 φὸϐον.

2095 2148 2210 2203 ἀλλ’
2235 2149 2452 2202 ἐλάϐετε
2486 2148 2711 2218 Πνεῦμα
2754 2148 3047 2212 υἱοθεσίας.
3091 2168 3110 2201 ι
3150 2150 3409 2220 Ἔχοντες
3443 2150 3553 2219 γὰρ
3578 2150 3670 2219 ἠδη

2096 2237 2314 2301 πάντως
2335 2238 2396 2290 τὸ
2429 2237 2717 2309 ἡμέτερον,
2737 2237 3000 2307 ἐλάϐομεν
3041 2238 3134 2291 καὶ
3164 2240 3225 2290 τὸ
3251 2238 3347 2290 τοῦ
3378 2238 3537 2291 Θεοῦ.
3573 2239 3670 2289 Σα-

2096 2329 2195 2398 φὲς
2251 2329 2307 2382 δὲ
2334 2327 2491 2382 τοῦτο
2526 2328 2619 2381 καὶ
2654 2328 2762 2381 ἀπὸ
2797 2327 2889 2382 τοῦ
2917 2330 3237 2396 ἐπαγαγεῖν,
3274 2329 3352 2392 ὡς
3380 2349 3400 2380 ι
3434 2330 3578 2382 Αὐτὸ
3617 2329 3670 2381 τὲ

2096 2418 2322 2491 Πνεῦμα
2372 2424 2759 2493 συμμαρτυρεί
2809 2420 2887 2490 τῷ
2941 2420 3210 2491 πνεύματι
3261 2422 3446 2492 ἡμῶν.
3488 2441 3508 2474 ι
3537 2424 3669 2491 "Ope

2095 2509 2210 2577 οὖν,
2239 2511 2355 2575 πῶς
2406 2512 2723 2583 παραδόξως
2766 2512 3041 2582 Δεσπότην
3072 2514 3401 2581 ἀπαγγέλλει
3434 2514 3496 2566 τὸ
3526 2513 3669 2581 irim

2098 2604 2339 2675 Πνεῦμα.
2393 2606 2451 2658 'U
2483 2606 2591 2677 γὰρ
2625 2606 2698 2677 μὴ
2728 2605 2802 2659 ὢν
2837 2605 3022 2669 δοῦλος
3076 2606 3359 2677 ἐλεύθερός
3385 2608 3557 2659 ἐστιν·
3586 2607 3671 2660 ιιιιίί

2096 2700 2126 2751 ὁ
2149 2697 2447 2769 ἐλευθερῶν
2487 2699 2753 2771 δεσπότης
2781 2699 3135 2771 καθέστηκεν·
3160 2699 3334 2763 οὐδεὶς
3364 2700 3498 2770 γὰρ,
3528 2701 3558 2752 ὅ
3586 2702 3673 2751 αῦ-

2096 2788 2187 2851 τὸς
2219 2789 2318 2841 οὐκ
2345 2787 2482 2857 ἔχει,
2516 2789 2661 2859 ἄλλῳ
2696 2788 2946 2860 παρέχει.
2976 2790 3086 2843 Καὶ
3124 2792 3152 2842 ὁ
3179 2792 3259 2850 είς
3289 2789 3567 2843 υἱοθεσίαν
3591 2790 3674 2841 καὶ

2098 2879 2458 2951 κληρονομίαν
2508 2880 2655 2948 ἄγων
2706 2880 2835 2942 Θεός
2902 2881 3080 2944 ἐστιν,
3135 2880 3420 2934 κοινωνίαν
3495 2881 3673 2933 οὐσίας

2098 2972 2195 3025 καὶ
2246 2971 2562 3035 δεσποτείας
2599 2971 2737 3042 ἔχων
2770 2972 2902 3043 πρὸς
2942 2974 3166 3036 ἐκεῖνον,
3198 2967 3408 3035 οὗτινος
3434 2973 3537 3041 τῆς
3568 2974 3652 3024 uio

2099 3063 2285 3127 θεσίας
2336 3064 2430 3117 καὶ
2468 3063 2832 3136 κληρονομίας
2883 3065 3040 3130 ἀξιοῖ.
3075 3064 3428 3135 κληρονόμον
3457 3065 3513 3117 δὲ
3542 3068 3677 3136 γρά-

2105 3170 2213 3222 φει,
2254 3153 2486 3223 Χριστὸν
2544 3154 2663 3224 μὲν,
2704 3154 2778 3217 ὡς
2804 3154 2965 3223 φύσει
3000 3154 3143 3208 Υίόν
3173 3156 3318 3225 ἡμᾶς
3342 3156 3419 3216 δὲ,
3445 3155 3523 3217 ὡς
3549 3157 3676 3223 ἀγα-

433 3249 598 3302 ritum
652 3249 1018 3302 testimonium
1075 3246 1299 3300 reddere
1360 3244 1572 3312 spiritui
1630 3253 1837 3298 nostro.
1894 3242 1999 3297 Sed

2158 3246 2287 3317 ἱτητι
2330 3245 2493 3299 αὐτοῦ
2525 3246 2625 3316 τῆς
2669 3245 3032 3316 κληρονομίας
3054 3245 3422 3316 ἀξιουμένους·
3448 3248 3669 3317 συγκληε

432 3341 555 3396 vide
623 3341 895 3411 quomodo
957 3349 1151 3411 praeter
1215 3337 1671 3408 exspectationem
1740 3335 1997 3405 Spiritum

432 3443 679 3488 sanctum
708 3432 990 3488 Dominum
1042 3446 1163 3488 esse
1212 3430 1546 3485 annuntiat:
1580 3443 1703 3482 nam
1756 3427 1846 3496 qui
1892 3440 1999 3482 non

434 3531 519 3577 est
544 3536 754 3589 servus,
786 3530 869 3577 est
902 3521 1072 3586 liber;
1116 3531 1169 3575 et
1201 3521 1291 3589 qui
1339 3519 1555 3582 liberat,
1595 3519 1854 3574 Dominus
1886 3526 2001 3583 est;

434 3629 597 3669 nemo
623 3613 764 3667 enim
805 3611 1008 3682 praabet
1040 3613 1196 3667 alteri
1243 3611 1384 3682 quod
1420 3611 1538 3682 ipse
1580 3625 1685 3665 non
1721 3609 1912 3673 habet;
1948 3617 2003 3663 et

434 3706 527 3775 qui
558 3705 624 3760 ad
657 3706 995 3774 adoptionem
1026 3703 1139 3776 (5|)
1172 3704 1222 3757 in
1257 3703 1417 3765 ﬁlios,
1449 3712 1499 3757 et
1533 3702 1599 3756 ad
1631 3686 2019 3755 haereditatem

2107 3337 2364 3408 ρονόμους
2395 3338 2451 3391 δὲ
2484 3336 2743 3407 Χριστοῦ,
2781 3337 2871 3390 διὰ
2921 3336 3017 3408 τὴν
3045 3337 3366 3391 άνέκλεκτον
3412 3338 3659 3407 savage

2106 3446 2271 3499 πησιν
2295 3428 2481 3481 αὑτοῦ.
2506 3428 2713 3500 Κράζει
2738 3429 2796 3482 δέ
2819 3432 2876 3482 ἐν
2909 3431 3039 3500 ἡμῖν
3062 3430 3181 3483 ἀντὶ
3196 3428 3372 3499 ἡμῶν·
3398 3448 3417 3479 ι
3445 3430 3636 3482 ’Λεϐάο
3660 3450 3679 3477 ι

2111 3520 2141 3573 δ
2198 3521 2345 3573 ἐστιν
2408 3523 2617 3593 Πατήρ·
2685 3523 2978 3592 ἐπειδήπερ
3046 3523 3205 3591 ἡμεῖς
3290 3519 3414 3573 οὔτε
3472 3524 3678 3589 γνήσιος

2103 3611 2230 3678 υἱοὶ,
2285 3612 2359 3676 ὡς
2384 3614 2515 3667 αὐτὸ
2540 3616 2762 3685 γνήσιον
2813 3613 3067 3684 Πνεῦμα.
3090 3614 3183 3668 καὶ
3224 3612 3399 3675 άλλως
3430 3615 3680 3684 ἀπαρρη-

2104 3703 2311 3757 σίαστοι
2340 3704 2474 3776 πρὸς
2505 3705 2759 3775 τοιαύτην
2786 3706 2967 3774 φωνήν

433 3796 602 3862 ducit,
631 3794 769 3850 Deus
798 3804 899 3858 est,
949 3796 1382 3850 communionem
1414 3792 1665 3850 essentia
1709 3801 1765 3849 et
1794 3791 2177 3850 dominationis
2232 3811 2354 3850 cum
2422 3797 2515 3851 illo
2557 3798 2782 3862 habens,
2846 3798 2998 3865 cujus
3062 3795 3349 3864 adoptione
3417 3807 3469 3850 et
3509 3796 3671 3850 luere

433 3888 602 3945 ditate
639 3891 825 3961 dignus
860 3890 1007 3945 facit.
1047 3889 1299 3945 Haeredes
1326 3898 1503 3944 autem
1531 3889 1681 3955 dicit,
1748 3886 2024 3944 Christum
2064 3890 2303 3959 quidem,
2348 3903 2533 3960 utpote
2580 3905 2772 3947 natura
2847 3894 3079 3957 Filium;
3137 3908 3234 3946 nos
3268 3907 3418 3955 vero,
3472 3904 3679 3960 utpote,

434 3980 604 4053 ipsius
650 3982 997 4053 benignitate,
1043 3981 1374 4035 hereditatis
1407 3980 1599 4050 dignos
1648 3979 1853 4047 factos;
1899 3981 2207 4034 coheredes
2238 3992 2415 4037 autem
2480 3983 2702 4049 Christi,
2738 3994 2956 4053 prapter
3020 3982 3341 4037 incil‘abilem
3404 3982 3526 4050 ejus
3598 3984 3654 4037 In

435 4076 830 4130 carnationem.
894 4075 1103 4130 Clamat
1152 4089 1283 4129 vero
1334 4075 1386 4129 in
1452 4075 1607 4130 nobis
1650 4090 1749 4145 pro
1798 4075 1994 4129 nobis:
2035 4075 2209 4144 Abba,
2255 4079 2305 4133 id
2353 4090 2458 4145 est,
2512 4081 2712 4145 Pater;
2746 4081 2869 4150 quia
2919 4094 3017 4134 nos
3061 4091 3234 4146 neque
3296 4077 3516 4145 genuini
3592 4075 3682 4131 lilii

436 4183 647 4233 sumus,
687 4178 743 4221 ut
784 4169 895 4236 ipse
921 4176 1004 4222 est
1028 4167 1294 4237 genuinus
1324 4166 1585 4237 Spiritus,
1615 4182 1715 4223 nec
1736 4176 1995 4239 praeterea
2035 4166 2153 4223 sine
2188 4170 2368 4239 aliquo
2397 4180 2541 4226 metu
2570 4186 2688 4227 eam
2725 4187 2909 4227 vocem
2938 4169 3180 4241 proferre
3204 4170 3465 4223 audemus
3496 4186 3513 4223 :

438 4258 570 4324 Quis
601 4262 733 4313 enim
765 4276 940 4312 coram
977 4274 1163 4326 magno
1198 4257 1301 4311 Deo
1331 4259 1523 4325 venire,

511 4333 611 4383 Aut
654 4332 813 4381 ullum
854 4331 1056 4382 verbum
1098 4328 1271 4382 dicere
1296 4328 1410 4400 (5‘2)
1442 4338 1615 4401 queui,
1662 4344 1779 4401 cum
1808 4340 1998 4401 natura

1534 4398 1791 4469 [mortalis
1820 4399 1884 4451 sil
1902 4399 1928 4451 7

507 4618 639 4691 (42)
659 4618 992 4691 Spiritolem.‘
1008 4616 1181 4691 Simili
1207 4617 1364 4691 modo
1390 4616 1458 4691 in_
1481 4616 1619 4691 libro
1649 4617 1724 4672 De
1753 4615 1892 4691 Spir.
1919 4615 2001 4681 8.,

437 4686 649 4745 nuiu.'5
672 4686 707 4742 ε’
738 4708 756 4741 ι
790 4690 879 4742 Sic
901 4696 951 4741 el
981 4688 1027 4741 is
1055 4687 1401 4758 (inquit),qui
1427 4686 1658 4758 Spiritus
1684 4690 1854 4742 sancti
1882 4705 2005 4758 par-

439 4762 609 4829 ticeps
647 4759 892 4821 ellicitur,
918 4772 1013 4826 per
1041 4756 1477 4829 caminunionem
1497 4757 1615 4827 ejus
1649 4760 1709 4811 lit
1748 4756 2004 4829 spiritua-

443 4830 508 4884 lis
532 4824 753 4898 pariter,
793 4836 849 4879 et
877 4824 1116 4898 sanctus.
1154 4844 1171 4898 ξ
1206 4824 1336 4879 Vide
1353 4824 1601 4898 notasad
1621 4842 1789 4898 segm.
1823 4828 1923 4882 127
1946 4834 1997 4883 b.

509 4895 620 4968 (45)
659 4896 1029 4968 Ijenouagimr.
1055 4895 1194 4949 Psal.
1224 4910 1318 4962 cu,
1349 4896 1403 4952 5.

660 4965 836 5038 Beati.
863 4964 1003 5038 Psal.
1027 4968 1263 5038 31x54.

511 5034 623 5159 (45)
652 5036 924 5121 Superius.
952 5036 1132 5105 Segm.
1168 5036 1234 5089 69
1262 5035 1290 5087 ὸ
1332 5045 1385 5091 et
1422 5036 1492 5092 52
1525 5053 1576 5091 a.
1613 5034 1745 5091 Vide
1776 5046 1888 5118 not.
1913 5036 2001 5101 77,

511 5124 559 5159 ιι.
632 5106 718 5159 56.
744 5106 876 5159 Cod.
906 5107 1088 5159 habet.
1128 5105 1305 5159 Τῖτον.
1350 5122 1474 5159 cum
1509 5116 1732 5159 accentu
1763 5122 2001 5159 circum-

475 5122 559 5175 ag.
596 5105 718 5161 156.
744 5105 876 5161 Cod.
906 5107 1088 5170 habet,
1128 5105 1305 5172 Τῖτον,
1350 5122 1474 5161 cum
1509 5116 1732 5162 accentu
1763 5108 2001 5161 circum-

475 5192 595 5232 οπο.

511 5246 623 5317 (46)
654 5244 717 5317 Si
735 5255 924 5299 autent.
948 5244 1105 5300 Rom.
1136 5260 1252 5317 viti,
1283 5246 1464 5300 15-17.

510 5282 624 5387 iiii
654 5282 1161 5387 νὸῆἷέἇ”’ἑᾶἓέἒέἓεῖ
1175 5282 1436 5387 "Vulg-ii;
1453 5284 1469 5387 ἶ
1485 5316 1767 5371 translatio
1813 5316 2000 5371 eodem

439 5384 613 5441 seusu'
644 5402 659 5438 :
694 5403 713 5437 ι
748 5384 887 5439 facta
918 5386 1117 5439 carnis.
1162 5404 1180 5436 ι
1232 5384 1403 5451 Quam
1457 5385 1742 5441 lectionem
1809 5388 2003 5439 habent

440 5458 602 5510 etiam
628 5456 680 5509 in
719 5455 944 5524 theologi
982 5455 1149 5525 nostri
1174 5456 1311 5511 libro
1341 5454 1417 5509 De
1437 5456 1579 5525 Spir.
1615 5456 1700 5515 8.,
1730 5472 1874 5509 num.
1909 5456 1999 5520 '59,

443 5528 585 5578 edita
616 5523 1064 5594 exemplaria.th
1119 5526 1286 5578 codex
1320 5523 1502 5580 noster
1537 5541 1638 5579 ms.
1671 5528 1742 5579 ibi
1778 5528 1855 5579 sic
1910 5530 2004 5579 ha-

444 5598 532 5653 het
562 5610 578 5646 :
614 5613 633 5646 ι
670 5596 723 5648 Si
756 5592 931 5648 autem
968 5592 1169 5664 Spiritu
1195 5611 1357 5665 opera
1379 5596 1559 5650 carnis
1580 5596 1999 5660 viviticaveritis,

454 5667 634 5719 rivetis
671 5682 686 5719 :
721 5665 1027 5736 quicunque
1064 5667 1207 5720 enim
1257 5668 1460 5735 Spiritu
1500 5667 1589 5720 Dei
1625 5668 1919 5729 ducuntur,
1950 5668 2002 5719 hi

446 5737 539 5790 lilii
568 5736 660 5789 Dei
680 5746 825 5791 sunt.
869 5753 888 5786 ι
916 5736 1014 5793 Uhi
1050 5752 1166 5805 pro,
1186 5754 1204 5787 ι
1245 5737 1690 5800 vivilicaveritis,»
1720 5737 2001 5805 legendum

450 5807 677 5872 videtur,
718 5822 737 5858 ι
777 5806 1246 5871 mortilicaveritis,
1290 5825 1307 5856 ι
1345 5808 1445 5860 etsi
1496 5806 1609 5873 ejus
1654 5805 1858 5861 codicis
1906 5822 2001 5861 ex-

2104 4258 2207 4327 Τίς
2234 4261 2346 4330 γάρ
2368 4279 2475 4315 κεν
2504 4263 2789 4333 μεγάλοιο
2821 4260 3121 4333 Θεοῦλκαϊ
3151 4260 3430 4333 cia-artior
3455 4259 3647 4314 ἔλθοι·

2175 4328 2250 4385 ’Ἠ
2271 4328 2425 4386 εἴποι
2448 4328 2517 4386 τί
2547 4328 2694 4399 ἕὲτος
2725 4333 2940 4401 θνητὸς
2967 4328 3081 4384 ἐὼν
3109 4329 3353 4400 γενεήνὶ

2108 4617 2338 4686 scriptor
2363 4633 2510 4672 num.
2543 4617 2705 4672 etiam
2762 4616 2833 4670 42
2858 4614 3097 4686 ejusdem
3130 4614 3248 4686 libri
3292 4629 3483 4667 rursus
3538 4619 3680 4669 scri-

2105 4684 2291 4757 pserit,
2324 4706 2343 4739 ι
2392 4688 2818 4751 vivilicaveritis;
2855 4684 3031 4741 i'cum
3072 4685 3143 4757 ibi
3188 4684 3267 4738 sic
3321 4690 3677 4757 exaraverit:

2110 4755 2129 4808 ι
2168 4756 2225 4812 Si
2259 4758 2378 4826 quis
2408 4770 2584 4811 autem
2618 4758 3012 4811 transcenderit
3036 4755 3199 4826 vitam
3236 4755 3438 4815 carnis,
3466 4768 3522 4808 et
3555 4756 3681 4824 Spi-

2104 4828 2210 4882 ritu
2235 4824 2396 4897 opera
2429 4828 2545 4893 ejus
2577 4827 2953 4897 viviﬁcaverit,
2987 4827 3129 4879 vivet
3155 4824 3311 4897 beata
3337 4834 3679 4897 (aeternaque

2104 4895 2285 4952 vita...
2318 4916 2338 4948 ι
2369 4896 2518 4963 Quod
2546 4898 2588 4949 si
2607 4895 2811 4964 Spiritu
2840 4911 3002 4966 opera
3032 4897 3215 4966 carnis
3245 4895 3677 4955 viviﬁcai-eritis,

2104 4967 2315 5021 vivetis.
2363 4986 2381 5018 ι
2419 4968 2523 5021 Sed
2555 4968 2783 5032 melius,
2805 4964 3102 5034 utiopiuur,
3134 4964 3274 5019 edita
3297 4966 3670 5033 exemplaria:

2103 5052 2223 5105 qua:
2254 5037 2423 5090 lector
2445 5037 2707 5099 consulet,
2743 5038 2785 5090 si
2815 5036 3049 5090 libuerit.

2177 5105 2289 5176 (48)
2316 5105 2454 5169 Ipse.
2487 5105 2637 5174 Vulg.
2669 5108 2767 5176 int.
2804 5106 2995 5158 habet:
3030 5123 3049 5156 ι
3093 5104 3206 5176 Ipse
3229 5103 3407 5176 enim.
3448 5122 3467 5153 ι
3503 5103 3675 5174 Didy-

2104 5191 2225 5229 mus
2239 5174 2428 5231 veroin
2448 5176 2539 5229 lib.
2561 5176 2636 5228 De
2654 5175 2797 5243 Spir.
2810 5184 3010 5240 sancto,
3026 5191 3173 5229 num.
3189 5174 3276 5235 55,
3299 5188 3487 5226 vocem
3507 5176 3677 5237 illam,

2111 5261 2129 5295 ι
2161 5247 2327 5307 enim,
2366 5264 2384 5297 ι
2420 5247 2641 5299 omittit.
2677 5248 2746 5299 At
2792 5260 2909 5299 eam
2948 5246 3108 5298 habet
3162 5245 3354 5298 ibidem
3389 5259 3542 5296 num.
3582 5245 3677 5301 '59.

2106 5314 2208 5369 nisi
2242 5332 2268 5366 ιι
2309 5316 2545 5369 librariis
2574 5317 2746 5368 addita
2808 5314 2907 5367 luit
2938 5329 3002 5368 ex
3040 5313 3246 5368 Latinis
3272 5312 3485 5367 Bibliis.

2176 5384 2287 5452 (49)
2320 5383 2442 5437 Non
2471 5390 2628 5438 enim.
2664 5386 2705 5437 ll
2735 5383 2876 5438 Tim.
2901 5398 2942 5444 ι,
2973 5384 3003 5436 7

2175 5454 2287 5524 (50)
2320 5456 2614 5509 Servitutis.
2648 5454 2814 5508 Biblia
2845 5473 2857 5507 :
2885 5452 3108 5524 δειλίας,
3142 5454 3191 5509 id
3215 5461 3297 5509 est
3336 5471 3356 5504 ι
3400 5454 3674 5515 timoris,»

2105 5523 2202 5595 pro
2228 5525 2489 5587 δουλείας.
2516 5526 2646 5580 Vide
2680 5541 2850 5595 segm.
2880 5523 3025 5595 551).

2177 5595 2288 5665 (51)
2314 5597 2414 5660 Qui
2461 5597 2529 5649 ad
2556 5591 2903 5663 adeptionem.
2947 5594 3001 5647 ln
3043 5594 3423 5665 libroquoque
3452 5591 3527 5645 De
3570 5591 3672 5660 Sp.

2109 5663 2191 5730 S.,
2226 5663 2372 5719 uuln.
2409 5664 2471 5717 41
2493 5675 2548 5719 et
2576 5666 2663 5729 42,
2705 5665 2895 5719 similia
2931 5666 3151 5733 dictavit
3182 5663 3456 5733 Didymus.

2108 5734 2289 5858 ἓνεὴ)
2327 5734 2543 5791 Verbum
2589 5738 2777 5791 dicere.
2815 5734 2945 5789 Vide
2994 5731 3209 5787 Homer.
3248 5731 3410 5786 Iliad.
3451 5733 3542 5787 lib.
3578 5748 3673 5795 xx,

2150 5825 2179 5858 -)
2222 5844 2235 5858 ο

2150 5807 2235 5859 50.
