3676 6348
100 378 195 433 67⁸2

1112 375 1200 432 DE
1236 375 1613 434 TRINITATE
1652 378 1853 436 LIBER
1893 378 2280 440 SECUNDUS.

3222 390 3328 448 678

98 494 319 568 Dp‘igﬁé
364 492 613 557 Γαλάτας
653 493 784 565 περὶ
840 492 950 545 τῶν
1002 492 1402 564 βαπτισθέντων
1449 495 1572 568 [M7

1795 515 1821 551 n
1865 499 2102 569 Epistola
2148 517 2276 556 vero
2324 500 2391 555 ad
2424 499 2644 557 Galatas
2692 503 2758 558 de
2806 504 2873 559 iis
2937 505 3029 576 qni
3076 507 3331 576 baptizati

96 588 275 658 φησίν
336 606 355 639 ι
394 588 507 640 Οὐκ
556 586 639 639 ἔτι
675 584 727 638 εἷ
773 585 975 648 δοῦλος,
1008 586 1142 638 ἀλλὰ
1188 587 1320 651 υίός’
1357 590 1404 641 εί
1433 590 1491 642 δὲ
1526 588 1658 654 υἱὸς,

96 682 183 733 καὶ
217 678 555 748 κληρονόμος
596 676 730 730 Θεοῦ
762 676 848 729 διὰ
881 677 1136 748 Χριστοῦ.
1178 696 1197 730 ι
1241 679 1547 750 Κορινθίοις
1605 679 1662 733 δὲ

94 774 157 824 τὰ
187 773 277 824 ἶσα
322 769 647 823 ἐπιστέλλει’
686 787 704 819 ι
759 769 915 822 Ἀλλὰ
951 768 1339 833 ἀπελούσασθε,
1366 770 1478 823 ἀλλ’
1506 771 1663 842 ἡγιά-

96 867 272 937 σθητε,
334 866 448 919 ἀλλ’
479 864 829 935 ἐδικαιώθητε
860 867 916 917 ἐν
944 864 1023 935 τῷ
1074 864 1296 935 ὀνόματι
1321 865 1414 918 τοῦ
1456 867 1659 936 Κυρίου

94 959 240 1029 ἡμῶν
282 956 459 1027 Ἰησοῦ
498 955 756 1027 Χριστοῦ,
797 956 888 1009 καὶ
924 957 980 1007 ἐν
1002 955 1079 1026 τῷ
1114 956 1387 1027 Πνεὺματι
1411 956 1504 1010 τοῦ
1526 958 1660 1012 Θεοῦ

94 1052 260 1120 ἡμῶν.
308 1070 329 1101 ι
377 1051 567 1121 ’Ᾱθρει
618 1046 711 1102 οὖν
746 1049 839 1101 καὶ
869 1051 932 1101 ἐκ
964 1049 1070 1101 τῶν
1105 1048 1283 1120 ῥητῶν
1322 1049 1547 1114 τούτων,
1585 1051 1662 1114 ὡς

94 1150 123 1215 ἡ
148 1144 547 1216 ἀπολύτρωσις,
570 1144 664 1195 καὶ
697 1144 725 1194 ό
746 1142 1035 1211 ἁγιασμὸς,
1073 1142 1165 1195 καὶ
1198 1143 1230 1210 ἡ
1257 1142 1535 1206 δικαίωσις
1561 1144 1660 1196 οὐκ

93 1240 209 1291 ἄνευ
242 1236 340 1290 τοῦ
368 1236 631 1306 ὀνόματος
652 1233 745 1286 τοῦ
775 1233 953 1287 θεῖκοῦ
996 1232 1310 1303 Πνεὺματος
1339 1234 1654 1305 παρέχεται.

94 1327 192 1379 Καὶ
212 1326 377 1378 πάλιν
412 1328 470 1378 ἐν
498 1328 614 1387 ταῖς
645 1323 908 1390 Πράξεσιν
942 1322 1241 1393 ἠρώτησεν,
1298 1324 1479 1394 φησιν,
1506 1322 1659 1386 τινὰς

97 1418 351 1488 μαθητὰς,
380 1415 567 1469 εἰπών·
607 1433 625 1466 ι
667 1416 727 1467 Εἰ
773 1414 993 1484 Πνεῦμα
1020 1414 1170 1481 ἆγιον
1199 1414 1419 1467 ἐλάϐετε
1449 1415 1657 1468 πιστεὺ·

96 1526 308 1572 σαντες
356 1529 374 1558 ι
439 1506 558 1558 Τῶν
607 1506 664 1559 δέ
724 1505 1395 1575 άτιοκριναμέγων,‹Ἀλλ⁹
1427 1506 1548 1559 οὑδὲ
1609 1508 1657 1559 εί

93 1600 302 1670 Πνεῦμα
318 1599 475 1667 ana;
502 1600 670 1661 ἐστιν,
706 1595 1033 1665 ἠκούσαμεν·
1069 1614 1087 1646 ›
1123 1596 1246 1665 ἔφη·
1277 1615 1295 1647 ι
1341 1597 1433 1659 Εἰς
1462 1597 1514 1648 τί
1564 1593 1658 1650 οῦν

86 1691 446 1760 ἐϐαπτίσθητε
472 1706 486 1753 ;
522 1708 540 1738 ι
590 1688 665 1749 ὡς
690 1687 840 1739 οὑδέν
867 1685 1051 1755 ὄφελος
1089 1687 1398 1756 ἐσχηκότων
1426 1688 1534 1739 ἀπὸ
1562 1687 1653 1740 τοῦ

86 1784 156 1853 μὴ
186 1784 281 1835 καὶ
340 1783 422 1843 εἱς
453 1779 515 1832 τὺ
572 1778 724 1846 ἅγιον
758 1776 977 1846 Πνεῦμα
1024 1775 1082 1840 ἐξ
1118 1777 1229 1829 ἴσου
1258 1777 1540 1830 πιστεῦσαι
1564 1779 1656 1830 καὶ

1767 602 1893 645 sunt
1947 594 2118 662 inquit
2152 611 2164 647 :
2205 612 2223 645 ι
2253 594 2367 649 Νοη
2398 595 2508 664 jam
2540 594 2650 666 (55)
2694 612 2751 651 es
2779 612 2985 663 servus,
3026 602 3119 654 sed
3149 601 3328 657 filius:

1766 682 1812 737 si
1857 695 2032 737 autem
2075 685 2235 748 filius,
2274 687 2436 740 etiam
2479 688 2654 743 hmres
2700 688 2791 743 Dei
2839 706 2934 759 per
2964 690 3268 759 Christum;
3307 712 3329 747 δ

1770 781 1824 825 et
1853 770 2150 828 Corinthiis
2173 773 2350 829 aﬂinia
2381 777 2570 831 scribit
2602 796 2616 831 :
2654 795 2671 827 ι
2704 779 2808 831 Sed
2838 779 3002 832 abluti
3034 779 3147 850 (54)
3179 786 3328 844 estis,

1765 863 1856 915 sed
1886 863 2211 917 sanctificati
2247 865 2400 927 estis,
2436 866 2529 920 sed
2553 866 2837 934 justilicati
2870 868 2999 921 estis
3031 868 3080 921 in
3112 870 3330 922 nomine

1762 953 1972 1008 Itomini
2020 957 2187 1010 nostri
2234 954 2361 1011 Jesu
2394 958 2616 1024 Christi,
2666 969 2718 1013 et
2751 961 2804 1013 in
2842 959 3046 1029 Spiritu
3095 962 3186 1015 Dei
3234 979 3327 1014 nu-

1762 1046 1881 1099 stri.
1916 1064 1933 1096 ι
1966 1046 2414 1120 Observa'porro,
2443 1051 2566 1103 illud
2602 1067 2664 1105 ex
2696 1051 2781 1106 his
2806 1054 2971 1106 etiam
3004 1056 3182 1107 verbis
3210 1053 3325 1107 col-

1762 1134 1872 1205 ligi,
1913 1138 2355 1207 redemptionem,
2411 1151 2460 1195 et
2514 1143 3017 1206 sanetiiicationem,
3059 1143 3328 1211 etjnstiﬁ-

1761 1226 2023 1281 cntionem
2058 1244 2162 1282 non
2197 1231 2313 1284 sine
2348 1233 2565 1287 nomine
2597 1234 2760 1286 divini
2809 1232 3043 1302 Spiritus
3076 1235 3323 1304 praeberi.

1761 1312 1825 1365 Et
1858 1329 2047 1370 rursus
2097 1318 2148 1372 in
2197 1320 2348 1373 Actis
2397 1321 2764 1390 interrogavit,
2817 1322 3011 1390 inquit,
3061 1325 3323 1392 quosdam

1760 1404 2094 1474 discipulos:
2136 1427 2154 1459 ι
2191 1408 2245 1463 Si
2301 1411 2557 1483 Spiritum
2606 1412 2716 1483 (55)
2751 1425 2995 1467 sanctum
3039 1416 3324 1479 aecepistis

1757 1499 2079 1553 credentes?
2109 1519 2127 1551 ι
2160 1500 2292 1554 Cum
2328 1518 2454 1556 vero
2479 1503 2552 1556 illi
2586 1506 3009 1573 respondissent,
3046 1524 3064 1556 ι
3097 1506 3201 1560 Sed
3231 1523 3325 1561 ne-

1757 1600 1860 1654 que
1910 1589 1952 1643 si
2012 1590 2250 1659 Spiritus
2291 1604 2510 1648 sanctus
2563 1606 2667 1659 est,
2712 1598 3032 1661 audivimus,
3076 1619 3094 1650 ι
3144 1601 3320 1654 dixit:

1763 1696 1781 1728 ι
1816 1677 1869 1731 ln
1902 1696 2011 1748 quo
2057 1699 2182 1751 ergo
2211 1685 2465 1752 bnptizuti
2521 1689 2731 1741 estis?)
2772 1691 2893 1757 quia
2945 1692 3152 1744 scilicet
3193 1691 3324 1745 nihil

1759 1766 1886 1835 ipsis
1916 1774 2187 1838 proderat,
2228 1775 2329 1828 nisi
2375 1776 2619 1830 etiamin
2663 1777 2922 1847 Spiritum
2967 1792 3209 1835 sanctum
3256 1797 3322 1835 ex

84 1875 470 1945 βαπτισθῆναι,
507 1872 581 1934 ὡς
605 1871 927 1924 ἐπίστευσαν
956 1870 1039 1930 ,είς
1065 1869 1155 1920 τὸν
1200 1868 1417 1937 Πατέρα
1454 1870 1572 1921 καὶι

1795 1874 1909 1927 rquo
1942 1864 2245 1924 crederent,
2271 1875 2323 1918 et
2358 1868 2786 1935 baptizarentur,
2818 1869 2957 1923 sicut
2982 1870 3323 1924 crediderant

80 1968 223 2020 Υίόν.
250 1966 362 2017 Καὶ
386 1964 468 2017 ἔτι
495 1961 921 2030 ἀπαγγέλλουσιν
944 1962 999 2013 αἱ
1030 1960 1263 2031 Πράξεις
1292 1961 1564 2029 ἀνωφελὲς
1595 1962 1654 2014 τὸ

78 2058 382 2127 βάπτισμα,
412 2052 535 2122 δίχα
565 2052 663 2121 τῆς
689 2049 781 2103 τοῦ
814 2049 992 2102 θεῖκοῦ
1044 2049 1359 2119 Πνεύματος
1382 2051 1655 2120 ἐπιφοιτή-

79 2163 232 2208 σεως,
266 2144 363 2197 καὶ
392 2141 487 2195 τοῦ
510 2139 781 2209 άγιασμοῦ
830 2137 1015 2201 αὑτοῦ,
1056 2141 1112 2191 ἐν
1159 2138 1446 2202 συλλαϐαῖς
1470 2138 1652 2191 τοιαύ-

74 2253 211 2297 ταις·
246 2252 266 2284 ι
309 2231 669 2293 Ἀκούσαντες
697 2230 753 2282 δὲ
788 2230 836 2281 οἱ
862 2226 1319 2298 ἐν’]εροσολύμοις
1343 2228 1649 2293 ἀπόστολοι,

74 2330 147 2381 δτι
171 2327 417 2379 δέδεκται
443 2326 476 2395 ἡ
510 2323 787 2393 Σαμάρεια
818 2322 906 2375 τὸν
928 2320 1080 2389 λόγον
1104 2321 1195 2373 τοῦ
1219 2319 1373 2384 Θεοῦ,
1400 2320 1645 2373 ἀπέστει-

72 2424 163 2475 Iuv
189 2421 329 2490 πρὸς
362 2419 557 2480 αὐτοὺς
587 2417 788 2486 Πέτρον
816 2415 911 2468 καὶ
946 2414 1214 2483 Ἰωάννην·
1241 2415 1434 2476 οἵτινες
1469 2430 1646 2472 ,κατα-

72 2512 262 2572 Civ-.5;
325 2506 704 2577 προσηύξαντο
746 2506 873 2575 περὶ
899 2504 1099 2568 αὐτῶν,
1133 2505 1281 2567 ὅπως
1317 2503 1382 2558 ἂν
1411 2503 1649 2558 λάϐωσιν

72 2604 294 2671 Πνεῦμα
356 2600 533 2667 ἅγιον.
593 2598 727 2651 Οὑδέ
758 2616 842 2650 πω
872 2597 979 2667 γὰρ
1003 2592 1070 2668 ἦν
1114 2599 1201 2650 ἐπ’
1240 2597 1416 2650 οὐδενὶ
1472 2597 1649 2651 αὐτῶν

69 2692 478 2754 ἑπιπεπτωκὸς,
517 2690 678 2761 μόνον
712 2690 768 2743 δέ
819 2689 1239 2759 βεϐαπτισμένοι
1269 2690 1511 2762 ὑπῆρχον
1568 2692 1646 2754 εἰς

69 2787 123 2839 τὸ
173 2787 350 2854 δνομα
388 2783 486 2836 τοῦ
538 2782 739 2853 Κυρίου
803 2782 996 2852 Ἰησοῦ.
1024 2783 1157 2835 Τότε
1185 2783 1501 2836 ἐπετίθεσαν
1548 2781 1646 2845 τὰς

68 2881 254 2948 χεῖρας
305 2877 395 2930 ἐπ’
429 2876 648 2940 αὐτοὺς,
686 2875 777 2927 καὶ
823 2874 1123 2944 ἐλάμϐανον
1156 2875 1382 2945 Πνεῦμα
1411 2876 1583 2944 ἅγιον.
1621 2895 1639 2927 ι

67 2971 134 3021 Τδ
166 2970 279 3039 γὰρ
352 2968 518 3037 ἔχειν·
555 2985 573 3016 ι
619 2967 795 3019 Μόνον
835 2966 889 3018 δὲ
928 2965 1347 3035 βεϐαπτισμένοι
1393 2966 1641 3037 ὑπῆρχον

66 3062 138 3122 si;
168 3061 236 3112 τὸ
285 3059 460 3128 ὄνομα
489 3058 582 3110 τοῦ
614 3058 816 3129 Κυρίου
862 3057 1057 3127 Ἰησοῦ,
1094 3077 1110 3109 ι
1135 3057 1309 3111 καὶτὸ
1356 3059 1643 3128 μετέπειτα

62 3151 365 3221 λαμϐάνειν
394 3150 454 3202 τὸ
487 3147 730 3217 Πνεῦμα,
768 3147 937 3217 δηλοῖ,
969 3148 1044 3210 ὡς
1076 3149 1233 3217 μόνον
1262 3148 1383 3217 οὑχ).
1429 3148 1642 3202 ἔλειπεν

63 3244 247 3303 αὐτοῖς
289 3244 324 3311 ἡ
388 3240 514 3311 περὶ
555 3238 647 3291 τοῦ
693 3237 1008 3308 Πνεὺματος
1055 3238 1370 3307 Θεογνωσία·
1400 3239 1522 3311 [H7
1564 3240 1637 3312 bi'

203 3334 289 3386 ὅτι
329 3334 427 3385 καί
462 3333 557 3384 σὺν
578 3329 654 3401 τῷ
686 3329 800 3399 Υἱῴ
833 3330 927 3383 καὶ
959 3328 1036 3400 τῷ
1065 3330 1341 3401 Πνεὺματι
1390 3333 1642 3404 συμπάρ-

62 3443 233 3487 εστιν,
259 3425 359 3477 καὶ
394 3421 923 3494 συμμνημονεὺεται,
952 3424 1046 3475 καὶ
1075 3425 1451 3494 συνευεργετεῖ
1472 3424 1501 3477 ό
1528 3424 1640 3476 Πα-

60 3520 155 3588 τὴρ
187 3518 287 3568 καὶ
318 3515 474 3577 Θεὸς,
504 3513 607 3566 κάν
646 3530 772 3567 ποτε
822 3511 1005 3575 ίδικῶς
1046 3512 1119 3582 μὴ
1173 3512 1466 3583 όνομασθῆ·
1501 3513 1533 3584 ἢ
1567 3513 1642 3577 ὡς

58 3608 97 3659 δ’
128 3605 197 3661 αὖ
238 3607 424 3670 πάλιν,
482 3604 587 3657 κᾶν
636 3603 935 3675 σιωπηθείη
987 3603 1064 3676 τῷ
1101 3603 1263 3673 λόγῳ,
1300 3604 1394 3657 καὶ
1452 3603 1525 3676 μὴ
1571 3606 1638 3675 τῇ

62 3701 262 3763 πέττει,
297 3700 327 3749 ὁ
367 3697 516 3760 Υἱὸς,
570 3694 604 3765 ἢ
652 3693 713 3747 τὸ
774 3695 1022 3765 Πνεῦμα,
1088 3696 1484 3766 συμπάρεστιν,
1545 3697 1640 3748 καὶ

60 3788 608 3861 ευμμνημονεὺεται,
645 3788 738 3840 καὶ
786 3785 1048 3850 συνσώζει
1105 3786 1221 3857 ἅμα
1265 3786 1343 3857 τῷ
1376 3786 1496 3856 Θεῷ
1546 3788 1641 3841 καὶ

62 3881 257 3951 Πατρί.
291 3878 406 3931 Καὶ
443 3877 621 3931 πάλιν·
663 3896 681 3928 ι
718 3878 824 3929 Καὶ
853 3873 1315 3947 συναυλιζομένοις
1339 3878 1641 3948 παρήγγει-

58 3973 143 4025 λεν
178 3973 393 4033 αὐτοῖς,
424 3970 530 4023 ἀπὸ
566 3968 951 4040 Ἱεροσολύμων
1009 3966 1084 4038 μὴ
1120 3967 1467 4038 χωρίζεσθαι’
1503 3968 1639 4020 ἀλλὰ

58 4063 383 4132 περιμένειν
410 4061 508 4131 τὴν
540 4060 871 4128 ἐπαγγελίαν
913 4060 1006 4111 τοῦ
1041 4058 1272 4130 Πατρός,
1308 4058 1375 4128 ἢν
1398 4059 1639 4129 ἠκούσα-

59 4156 110 4206 τέ
143 4172 275 4223 μου·
314 4154 441 4206 Ὅτι
482 4152 738 4222 Ἰωάννης
794 4150 890 4221 μὲν
937 4150 1228 4203 ἐϐάπτισεν
1260 4148 1433 4214 ὕδατι,
1484 4151 1639 4221 ὑμεῖς

56 4249 185 4301 δὲέν
218 4248 503 4317 Πνεῦματι
534 4247 674 4315 ἁγίῳ
716 4245 1169 4316 βαπτισθήσεσθε,
1216 4245 1278 4297 οὑ
1327 4247 1465 4315 μετὰ
1510 4246 1639 4299 πολ-

58 4340 147 4401 Li;
176 4338 393 4399 ταύτας
436 4336 666 4407 ἡμέρας·
721 4354 740 4387 ι
798 4336 891 4388 καὶ
944 4334 1103 4388 πάλιν
1140 4334 1247 4388 ἀπὸ
1282 4334 1373 4388 τοῦ
1427 4335 1635 4406 Πέτρου

56 4432 179 4500 περὶ
252 4429 361 4480 τῶν
407 4429 465 4479 ἐν
510 4426 817 4497 Καισαρείᾳ
850 4425 1269 4496 βαπτισθέντωνθ
1300 4444 1318 4476 ι
1360 4427 1446 4479 Ἑν
1477 4426 1533 4479 δὲ
1558 4426 1636 4498 τῷ

1756 1950 1807 2003 in
1847 1950 2056 2005 Patrem
2100 1965 2151 2006 et
2176 1954 2391 2009 Filium.
2428 1956 2693 2011 Praeterea
2736 1959 2925 2013 inutile
2986 1975 3106 2014 esse
3146 1961 3321 2030 bapti-

1754 2057 1867 2095 sma
1897 2044 2013 2097 sine
2041 2044 2203 2098 divini
2233 2046 2465 2115 Spiritus
2491 2049 2722 2102 adventu
2752 2064 2815 2104 ac
2856 2052 3311 2117 sanctiﬁcatione,

1753 2136 2072 2189 annuutiant
2131 2138 2263 2191 Acta
2320 2139 2402 2192 his
2452 2139 2633 2194 verbis
2685 2158 2698 2194 :
2745 2159 2764 2191 ι
2796 2141 2929 2194 Cum
2981 2154 3159 2197 autem
3208 2143 3320 2216 (56)

1751 2224 1914 2297 254
1946 2228 2223 2282 audissent
2274 2231 2536 2298 apostoli,
2585 2234 2674 2301 qui
2732 2244 2888 2287 erant
2933 2233 3317 2306 Jerosolymis,

1751 2319 1891 2386 quod
1936 2320 2227 2388 recepisset
2264 2320 2505 2375 Samaria
2552 2323 2774 2377 verbum
2806 2322 2925 2390 Dei,
2960 2325 3221 2379 miserunt
3251 2325 3319 2381 ad

1750 2423 1842 2463 eos
1890 2409 2108 2464 Petrqu
2150 2421 2203 2466 et
2236 2410 2519 2478 Joannem,
2569 2417 2658 2485 qui
2702 2416 3092 2473 descendentes
3127 2433 3319 2473 orave-

1751 2512 1877 2557 runt
1908 2520 2005 2575 pro
2055 2507 2208 2574 ipsis,
2259 2516 2320 2561 ut
2375 2508 2683 2577 acciperent
2722 2498 2982 2578 Spiritum
3023 2522 3315 2568 sanctum:

1751 2598 1984 2649 nomium
2031 2598 2171 2651 enim
2226 2600 2278 2653 in
2314 2614 2637 2670 quemquam
2685 2601 2895 2656 illorum
2928 2613 3174 2671 venerat,
3220 2606 3315 2658 sed

1748 2687 2005 2756 baptizati
2062 2698 2269 2744 tantum
2326 2702 2481 2745 erant
2526 2694 2582 2747 in
2638 2694 2855 2749 nomine
2903 2696 3112 2750 Domini
3163 2695 3313 2752 Jesu.

1745 2778 1897 2833 Tunc
1938 2781 2284 2849 imponebant
2315 2783 2426 2855 (57)
2462 2801 2650 2839 manus
2701 2803 2862 2856 super
2910 2788 3052 2848 illos.
3085 2800 3134 2843 et
3176 2790 3315 2844 acci-

1746 2873 1963 2940 piebant
2000 2873 2260 2942 Spiritum
2303 2884 2573 2930 sanctum.
2608 2895 2626 2926 ›
2676 2878 2751 2930 Ex
2802 2878 2903 2933 illis
2933 2880 3077 2936 enim
3112 2881 3311 2949 verbis,

1751 2981 1769 3013 ι
1801 2961 1904 3016 Sed
1958 2964 2209 3028 baptizati
2259 2973 2464 3019 tantum
2524 2980 2678 3023 erant
2726 2969 2778 3022 in
2835 2973 3052 3026 nomine
3100 2972 3312 3027 Domini

1743 3051 1889 3118 Jesn,
1924 3072 1941 3104 ι
1981 3063 2143 3121 atque
2184 3070 2250 3107 ex
2300 3069 2364 3108 eo
2392 3056 2533 3123 quod
2568 3065 2753 3125 postea
2793 3061 3101 3126 acceperint
3141 3060 3313 3128 Spiri-

1748 3154 1882 3208 t-um,
1936 3154 2176 3213 apparet,
2237 3163 2338 3200 non
2397 3148 2553 3201 modo
2606 3147 2737 3217 ipsis
2780 3149 3015 3203 defuisse
3054 3152 3305 3220 cognitio-

1669 3216 1710 3273 θ
1747 3252 1890 3297 nem,
1926 3253 2029 3303 qua
2067 3236 2229 3289 Deum
2269 3238 2528 3305 Spiritum
2568 3216 2992 3307 cognoscerent,
3028 3244 3119 3295 sed
3148 3242 3310 3296 etiam

1741 3342 1859 3380 cum
1910 3328 2042 3380 Filio
2101 3338 2152 3381 et
2191 3326 2393 3398 Spiritu
2435 3331 2591 3383 simul
2625 3331 2839 3394 adesse,
2867 3341 2920 3385 et
2962 3332 3119 3386 simul
3162 3350 3311 3388 com-

1744 3418 2055 3481 memorari,
2103 3427 2155 3471 et
2204 3420 2363 3473 simul
2423 3422 2680 3475 bcnelicia
2736 3423 2918 3491 largiri
2974 3423 3187 3479 Patrem
3246 3440 3309 3481 ac

1744 3506 1931 3571 Deum,
1961 3509 2060 3561 etsi
2090 3510 2384 3574 aliquando
2409 3512 2454 3565 is
2502 3513 2848 3579 peculiariter
2875 3529 2981 3567 non
3016 3514 3172 3569 fuerit
3209 3532 3306 3570 no-

1741 3598 1977 3652 tniuatus
2015 3610 2147 3652 :aut
2187 3600 2302 3653 vice
2330 3616 2505 3664 versa,
2547 3604 2645 3655 etsi
2679 3612 2925 3656 taceatur
2954 3604 3153 3670 verbis,
3198 3622 3304 3661 non

1743 3688 1843 3742 [ide
1880 3688 2069 3754 Filius,
2104 3699 2198 3742 aut
2246 3691 2505 3760 Spiritus,
2540 3693 2701 3745 simul
2747 3707 2867 3746 cum
2915 3694 3023 3748 Deo
3053 3707 3106 3749 et
3147 3697 3305 3754 Patre

1740 3780 1931 3835 adesse
1978 3786 2264 3849 utramque
2303 3797 2611 3849 personam,
2662 3794 2717 3838 et
2766 3786 2924 3838 simul
2971 3803 3303 3844 commento-

1743 3872 1885 3937 rari,
1942 3881 1997 3925 et
2056 3873 2214 3926 simul
2278 3873 2486 3927 salvare
2539 3874 2672 3945 (58).
2730 3878 2810 3930 Ac
2873 3892 3057 3932 rursus
3106 3895 3120 3932 :
3184 3897 3203 3931 ι
3240 3879 3304 3936 Et

1738 3978 1860 4016 cum
1893 3963 2003 4032 (59)
2039 3976 2222 4018 essent
2273 3968 2581 4034 congregati
2642 3967 2695 4020 in
2746 3969 2935 4022 eadem
2982 3971 3139 4024 domo
3168 3973 3302 4043 (60),

1738 4057 1994 4125 pracepit
2040 4056 2141 4120 eis,
2179 4060 2245 4110 ab
2287 4056 2641 4128 Jerosolymis
2695 4073 2762 4113 ne
2810 4060 3170 4124 discederent,
3208 4062 3302 4115 sed

1737 4158 2113 4217 exspectarent
2143 4149 2556 4217 promissionem
2597 4147 2798 4214 Patris,
2829 4167 2987 4218 quam
3020 4154 3247 4209 audistis
3271 4172 3301 4207 a

1738 4255 1823 4294 me
1853 4257 1867 4293 :
1896 4241 2018 4309 quia
2046 4237 2281 4294 Joannes
2316 4240 2530 4309 quidem
2565 4240 2857 4309 baptizavit
2889 4259 3051 4313 aqua,
3084 4260 3178 4299 vos
3206 4261 3304 4299 au-

1738 4338 1842 4386 tem
1881 4331 1933 4384 in
1964 4329 2170 4399 Spiritu
2197 4341 2385 4385 sancto
2412 4332 2839 4403 baptimbimiui,
2875 4354 2977 4391 non
3013 4350 3133 4407 post
3160 4341 3297 4394 mul-

1737 4429 1821 4476 tos
1858 4421 1956 4476 hos
1988 4424 2137 4487 dies;
2168 4439 2187 4472 ι
2228 4432 2281 4475 et
2311 4436 2500 4477 rursus
2538 4438 2602 4476 ex
2651 4439 2879 4493 persona
2931 4427 3074 4482 l’etri
3111 4430 3177 4483 de
3209 4430 3299 4498 iis,

58 4522 325 4591 ἰρξασθαί
382 4538 449 4591 με
477 4520 677 4584 λαλεῖν,
726 4518 990 4570 ἐπέπεσεν
1018 4517 1078 4570 τὺ
1126 4517 1347 4588 Πνεῦμα
1390 4518 1449 4571 τὸ
1479 4519 1569 4588 ἆγι

1795 4513 1823 4566 Ii
1884 4511 1937 4566 in
1988 4514 2230 4567 Caesarea
2278 4513 2533 4581 baptiztiti
2588 4525 2780 4580 erant,
2841 4519 3097 4585 scriptum
3162 4532 3296 4575 est:

56 4616 135 4666 ἐπ’
157 4614 385 4675 αὐτοὺς,
441 4611 631 4681 ὥσπερ
654 4612 746 4665 καὶ
797 4610 879 4678 ἐφ’
915 4611 1059 4680 ἡμᾶς
1085 4611 1142 4663 ἐν
1168 4611 1328 4682 ἀρχῇ’
1356 4611 1629 4681 ἐμνήσθην

56 4706 105 4758 δὲ
136 4706 239 4758 τοῦ
274 4706 519 4776 ῥήματος
553 4701 645 4755 τοῦ
679 4702 904 4773 Κυρίου,
927 4702 1000 4764 ὡς
1022 4700 1225 4769 ἔλεγεν
1265 4700 1514 4771 Ἰωάννης
1532 4702 1628 4771 μὲν

54 4800 349 4849 teat-3:39:
378 4794 553 4855 ὕδατι,
591 4795 748 4863 ὑμεῖς
781 4792 837 4846 δέ
889 4789 1321 4863 βαπτισθήσεσθε
1362 4793 1420 4844 ἐν
1468 4789 1631 4843 Πνεὺ-

54 4905 183 4955 ματι
245 4886 405 4955 ἁγίῳ.
445 4906 463 4936 ι
519 4884 581 4936 Οἱ
640 4879 732 4936 οῦν
791 4884 848 4935 ἐν
879 4880 1017 4951 ψιλῷ
1050 4879 1271 4950 ὀνόματι
1323 4878 1414 4932 τοῦ
1474 4878 1629 4945 ἁγίου

54 4979 391 5045 Πνεῦμα-ξος,
446 4974 541 5029 καὶ
568 4974 666 5043 οὑχ
695 4973 771 5035 ὼς
822 4973 880 5024 ἐν
909 4971 1129 5040 ὀνόματι
1158 4968 1292 5022 Θεοῦ
1343 4968 1436 5023 καὶ
1461 4967 1632 5023 Ilvati-

54 5086 226 5137 ματος
263 5066 426 5128 Θεοῦ,
471 5066 631 5135 φύσει
678 5065 830 5128 ὄντος
872 5061 1188 5135 Πνεύματος
1214 5060 1400 5125 αὑτοῦ,
1436 5059 1629 5130 βαπτι-

118 5250 237 5316 (53)
264 5248 537 5317 Nonjam.
574 5248 751 5305 Galat.
777 5263 853 5312 rv,
880 5248 935 5302 7.

120 5321 238 5384 (33)
265 5318 369 5372 Sed
405 5316 605 5374 Dabitur.
644 5321 659 5372 1
696 5321 821 5373 Cor.
859 5334 932 5382 Vl,
962 5316 1047 5371 Η.

120 5390 239 5457 (55}
276 5392 333 5443 Si
362 5388 645 5457 Spiritum.
678 5392 800 5443 Act.
825 5405 940 5451 ιιι,
964 5387 999 5440 2
1028 5385 1161 5457 et_5.

118 5455 241 5538 (:3?)
269 5455 409 5538 (iam
430 5471 627 5538 au‘lem.
650 5460 767 5538 Ahct.
791 5474 905 5522 vm,
936 5455 1151 5538 ξιξ-17..
1275 5523 1316 5538 ,Α
1466 5524 1526 5538 Ν

110 5530 233 5591 (ὃς)
271 5527 631 5593 ,ηιρηηεὸαηε,
666 5529 851 5584 Graeca
886 5528 1046 5597 editio
1086 5542 1098 5577 :
1136 5523 1434 5581 ἐπετίθουν.
1466 5524 1621 5597 Didy-

43 5612 168 5675 mus
184 5608 244 5675 et
275 5600 359 5675 hic
392 5596 1196 5675 etsegm.2|9_b,_énarieeaatv.
1290 5665 1344 5675 Ν
1498 5664 1526 5675 Α

112 5670 238 5735 {58)
290 5666 705 5747 Simulwluare.
740 5669 940 5747 Codex“,
974 5665 1618 5747 cuvcdiCat.__Elegantius,

44 5748 101 5788 at
124 5732 293 5804 puto.
353 5740 678 5791 seriberetur
720 5735 1004 5800 συσσώξειο
1042 5754 1163 5805 qua_
1199 5732 1405 5788 ratione
1433 5735 1622 5789 scribi-

43 5803 167 5861 mus
234 5806 503 5873 σύσσιτος,
530 5807 863 5872 συσπένδειν,
893 5820 996 5862 etc.
1040 5803 1096 5860 1n
1132 5803 1625 5876 Philosophumenis

1739 4623 1757 4656 ι
1796 4603 1929 4659 Cum
1978 4601 2548 4673 vero(61)cwpissem
2606 4605 2789 4674 loqui,
2838 4608 3033 4660 cecidit
3067 4609 3299 4678 Spiritus

1736 4707 1960 4752 sanctus
1987 4710 2148 4765 super
2175 4710 2289 4761 eos,
2331 4696 2470 4750 sicut
2499 4704 2552 4750 et
2581 4698 2631 4749 in
2662 4713 2760 4752 nos
2789 4698 2839 4751 in
2879 4700 3033 4754 initio
3064 4719 3077 4756 :
3114 4718 3298 4757 recor-

1736 4789 1893 4842 datus
1951 4802 2068 4841 sum
2121 4797 2295 4840 autem
2357 4787 2504 4841 verbi
2558 4787 2794 4856 Domini,
2849 4792 2990 4845 sicut
3038 4794 3295 4850 dicebat:

1734 4876 1966 4933 Joannes
1994 4878 2208 4948 quidem
2240 4877 2535 4946 baptizavit
2577 4894 2740 4948 aqua,
2787 4896 2879 4937 vos
2909 4894 3085 4938 autem
3119 4886 3296 4955 bapti-

1734 4971 1989 5024 zabimini
2041 4970 2096 5024 in
2146 4967 2348 5038 Spiritu
2398 4980 2605 5024 sancto.
2636 4989 2654 5022 ι
2699 4971 2799 5038 Qui
2844 4989 2972 5044 ergo
3012 4976 3293 5047 baptizan-

1732 5071 1823 5116 tur
1861 5058 1973 5129 (62)
2008 5059 2059 5112 in
2116 5060 2259 5112 nudo
2304 5060 2521 5114 nomine
2569 5060 2804 5130 Spiritus
2847 5068 3037 5133 sancti,
3077 5080 3130 5124 et
3185 5085 3291 5126 non

1731 5252 1932 5320 tamen,
1957 5261 2089 5320 _cap.
2115 5247 2173 5313 2,
2202 5249 2453 5320 legimus,
2484 5246 2951 5320 συνᾲσεσημμένης.

1801 5315 1911 5384 (59)
1948 5316 2011 5369 Ει
2036 5315 2173 5373 cum.
2210 5315 2328 5374 Act.
2360 5333 2398 5383 ι,
2427 5318 2460 5370 4
2490 5330 2545 5371 et
2575 5318 2629 5372 5.

1795 5383 1903 5457 (60)
1936 5385 2703 5457 Congregali,elc.Bibliortlm
2736 5387 2901 5443 editio
2933 5389 3132 5444 habet:
3166 5406 3291 5444 συν-

1722 5454 2090 5525 αυλιςόμενος,
2139 5454 2197 5512 id
2250 5469 2351 5521 est,
2388 5475 2406 5508 ι
2437 5473 2558 5511 cum
2617 5457 2682 5512 iis
2728 5472 2953 5515 versans
3006 5462 3058 5514 in
3103 5462 3287 5515 eadem

1719 5524 1897 5578 dumo.
1916 5524 1955 5577 ⁷»

1797 5593 1905 5663 (61)
1942 5594 2073 5648 Cum
2101 5612 2237 5650 vero.
2270 5598 2390 5652 Act.
2429 5612 2505 5660 XI,
2536 5596 2601 5651 15
2632 5608 2684 5651 et
2708 5597 2790 5653 l6.

1796 5664 1908 5745 ((52)
1938 5664 2105 5745 Qui.._.
2145 5666 2498 5734 baptizantnr.
2534 5668 2584 5745 |_d
2616 5678 2718 5745 est,
2762 5687 2780 5719 ι
2818 5668 3275 5745 quibaptismnm

1726 5735 2018 5800 accipiunt,
2078 5737 2287 5814 inanem
2341 5752 2490 5814 spem
2541 5739 2759 5814 habent,
2802 5735 2848 5814 »ς
2878 5741 2978 5814 nisi
3024 5736 3284 5814 Spiritum

1730 5812 1973 5861 sanctum
2001 5808 2221 5862 credant
2254 5822 2371 5865 esse
2405 5807 2592 5864 Deum.
2639 5807 2729 5863 Sic
2761 5808 2904 5863 enim
2936 5809 3162 5875 benigne
3210 5807 3290 5858 \i-
