3676 6306
362 355 468 413 679

1594 349 1827 406 DIDYMI
1870 347 2343 406 ALEXANDRINI

3506 357 3618 413 680

364 490 619 550 tanquam
657 476 710 533 in
750 476 970 533 nomine
1017 475 1135 541 Dei,
1180 483 1236 531 et
1278 472 1512 543 Spiritus
1542 471 1662 540 Dei,
1701 490 1791 544 qut
1832 490 1933 527 na-

2048 471 2273 544 ζόμενοι,
2306 473 2381 536 ὡς
2407 471 2560 526 ὕδατι
2604 471 2746 544 ψιλῷ
2784 470 3087 543 λουόμενοι,
3134 474 3395 545 ἀνόνητον
3430 475 3631 545 ἔχουσι

365 584 484 628 tura
524 581 610 627 est
638 570 872 641 Spiritus
898 569 1037 638 ejus,
1065 570 1101 624 ii
1136 576 1324 637 utpote
1372 582 1518 621 mera
1561 582 1697 637 aqua
1737 565 1926 629 abluti,

363 679 554 719 vanam
588 673 749 734 atque
791 663 1031 717 inutilem
1064 675 1212 729 spem
1261 660 1483 713 habent.
1517 658 1651 713 Cum
1693 660 1836 712 enim
1877 659 1930 712 in

363 755 566 825 piscina
612 753 1022 822 immergimur,
1071 748 1460 819 complacentia
1515 748 1607 802 Dei
1651 757 1705 801 et
1757 746 1932 802 Patris

363 858 459 912 per
494 844 722 916 gratiam
773 842 1009 913 Spiritus
1053 841 1195 910 ejus,
1228 840 1465 909 peccatis
1507 839 1795 902 nudamur,
1839 837 1935 893 de-

365 945 621 1007 ponentes
651 935 811 1006 255
862 944 1096 989 veterem
1146 932 1438 995 hominem,
1478 939 1532 985 et
1569 930 1711 1000 regia
1759 931 1932 1001 ipsius

365 1030 601 1098 putentia
679 1040 1061 1095 regeneramur
1119 1033 1280 1093 atque
1346 1023 1745 1094 ohsignamur;
1810 1036 1931 1077 cum

362 1135 493 1173 vero
560 1136 625 1173 ex
680 1118 768 1172 illa
829 1115 1211 1178 ascendimus,
1275 1114 1548 1167 induimur
1597 1113 1933 1167 Salvatorem

362 1212 635 1267 Christum
671 1217 728 1263 ut
767 1208 963 1263 stolam
1001 1205 1490 1275 incorruptibilem,
1524 1216 1579 1261 et
1616 1206 1805 1274 aequali
1839 1207 1935 1260 bo-

363 1316 495 1356 nore
543 1303 779 1370 dignam,
813 1315 876 1354 ac
921 1300 1009 1353 ille
1046 1300 1240 1369 dignus
1275 1308 1377 1360 est,
1406 1300 1622 1367 quinos
1647 1312 1934 1368 regenera-

362 1395 441 1448 vit
465 1403 518 1448 et
538 1393 864 1465 obsignavit,
902 1403 1121 1447 sanctus
1147 1391 1380 1461 Spiritus
1413 1409 1425 1444 :
1465 1408 1483 1441 ι
1514 1391 1789 1458 Quotquot
1816 1387 1930 1460 (63)

362 1489 557 1547 enim,»
588 1485 757 1552 inquit
778 1482 1109 1553 Scriptura,t
1134 1484 1185 1537 in
1208 1484 1482 1539 Christum
1507 1482 1761 1552 baptizati
1783 1483 1931 1545 estis,

362 1576 635 1629 Christum
687 1574 969 1636 induistis;
1008 1594 1025 1626 ι
1075 1584 1131 1629 et
1174 1590 1317 1638 eam,
1360 1575 1427 1628 de
1480 1589 1585 1643 qua
1643 1574 1937 1642 loquuntur

364 1668 678 1736 Scriptum,
714 1667 1045 1737 «imaginem
1077 1666 1189 1738 (64)
1227 1682 1291 1721 ac
1339 1666 1751 1721 similitudinem
1792 1666 1880 1718 Dei
1911 1683 1930 1717 ι

363 1761 677 1828 accipimus,
737 1775 895 1828 quam
937 1775 1323 1828 acceperamus
1364 1775 1463 1829 per
1497 1757 1733 1812 divinam
1765 1756 1934 1811 insuf-

363 1850 656 1917 ﬂationem,
692 1859 747 1905 et
781 1852 1133 1906 amiseramns
1185 1850 1297 1922 (65)
1343 1866 1441 1918 per
1500 1861 1818 1921 peccatum:
1867 1865 1929 1905 ac
1961 1839 2004 1894 Β

364 1942 543 1996 denuo
598 1942 784 2011 quales
842 1942 894 1995 in
949 1942 1280 2011 protoplasto
1330 1941 1553 2005 fuimus,
1602 1942 1925 2001 invenimur,

365 2032 570 2102 peccati
601 2016 871 2101 expertes,
908 2040 964 2086 et
1002 2030 1218 2101 propria
1250 2031 1455 2101 praediti
1484 2040 1750 2101 potestate
1778 2029 1925 2102 (66):

365 2234 561 2315 dentur
592 2234 706 2315 huic
732 2232 1062 2315 accipienda,
1088 2241 1145 2285 ut
1166 2232 1231 2287 de
1255 2232 1582 2315 suscipiente
1602 2231 1927 2315 baptismum

367 2305 621 2372 loquatur
651 2304 925 2373 Didymus,
953 2318 1056 2356 non
1083 2317 1210 2357 vero
1244 2304 1309 2357 de
1353 2304 1602 2357 ministro
1631 2304 1928 2373 baptismi,

366 2375 521 2442 quasi
556 2372 869 2438 invalidum,
903 2381 993 2423 aut
1022 2373 1213 2426 saltem
1261 2373 1576 2440 suscipienti
1628 2372 1819 2442 inutile
1859 2372 1932 2425 sit

367 2441 633 2513 baptisma
662 2444 727 2494 ab
746 2457 811 2513 eo
841 2442 1119 2508 collatum,
1164 2442 1254 2513 qui
1287 2456 1567 2513 perperam
1597 2442 1662 2496 de
1696 2441 1930 2513 Spiritus

365 2510 541 2566 sancti
591 2512 873 2565 divinitate
902 2513 1121 2576 sentiat,
1157 2510 1256 2566 etsi
1301 2511 1585 2566 formulam
1640 2527 1668 2563 a
1712 2510 1931 2565 Christo

368 2583 734 2652 praescriptam
784 2582 1096 2650 pronuntiet
1146 2583 1286 2634 inter
1344 2581 1743 2652 baptizandum.
1777 2579 1935 2652 (Vide

366 2650 535 2721 segm.
602 2650 707 2704 128
757 2652 851 2721 a).
912 2654 1225 2718 Quanquam
1282 2662 1478 2704 norunt
1541 2650 1795 2721 theologi
1828 2665 1932 2721 non

367 2718 605 2776 defuisse
636 2718 954 2788 etiampost
989 2722 1260 2775 Nicaannm
1281 2721 1569 2774 concilium
1595 2719 1804 2783 Patres,
1841 2718 1934 2788 qui

368 2793 693 2861 baptismum
725 2795 794 2844 ab
822 2792 1088 2845 haereticis
1128 2791 1381 2844 collatum
1426 2799 1483 2842 ut
1518 2790 1806 2842 invalidum
1836 2790 1933 2861 Ira-

370 2857 552 2915 buere.
591 2860 764 2914 Meum
793 2875 895 2913 non
947 2870 1029 2914 est
1059 2861 1158 2914 hac
1189 2861 1253 2911 de
1284 2874 1341 2912 re
1373 2874 1514 2913 nunc
1545 2860 1830 2914 disserere.
1867 2857 1934 2909 ll-

370 2930 459 2985 lud
495 2940 703 2983 tantum
754 2930 1145 2993 animadverto,
1201 2928 1260 2983 S.
1298 2929 1653 2982 Athanasium
1684 2932 1934 2983 oratione

367 3000 404 3053 2
452 3011 633 3053 contra
680 2999 927 3063 Arianaa,
960 3015 1110 3053 num.
1142 2998 1210 3051 42
1242 3009 1296 3052 et
1321 3000 1409 3061 45,
1438 3000 1489 3051 in
1524 3014 1585 3053 ea
1619 2999 1785 3051 videri
1820 2999 1935 3066 Opi-

372 3070 531 3124 nione
560 3068 746 3130 fuisse,
801 3081 857 3120 ut
908 3084 1067 3136 prava
1102 3070 1473 3137 interpretatio
1497 3081 1659 3136 atque
1688 3069 1933 3134 acceptio

373 3140 619 3193 formula:
649 3155 678 3192 a
720 3138 938 3192 Christo
989 3140 1313 3207 prmscriptae
1349 3138 1673 3205 baptismum
1721 3138 1929 3190 irritqu

372 3210 665 3263 redderet:
707 3212 781 3261 ait
812 3209 955 3262 enim
991 3206 1139 3263 num.
1192 3206 1283 3271 45,
1340 3225 1359 3257 ι
1396 3208 1591 3261 multas
1642 3209 1871 3261 haereses
1909 3224 1927 3257 ι

375 3281 536 3332 trium
594 3292 943 3348 personarum
994 3296 1013 3329 ‹
1058 3278 1274 3331 nomina
1317 3295 1337 3329 ι
1391 3278 1443 3330 in
1484 3277 1752 3345 baptismo
1818 3278 1937 3344 qui-

372 3351 496 3402 dem
548 3365 566 3399 ι
625 3349 1015 3417 pronuntiare;
1078 3350 1171 3417 sed
1235 3362 1356 3417 cum
1426 3356 1572 3417 recte
1621 3362 1745 3417 non
1813 3361 1936 3417 sen-

373 3419 544 3488 tiant),
588 3415 851 3486 )Villquil,
892 3416 1198 3480 ἀλυσιτελὲς
1239 3415 1420 3488 ἔχουσι
1458 3415 1550 3468 καὶ
1584 3415 1645 3468 τὸ
1684 3417 1815 3488 παρ’
1841 3416 1937 3468 αὐ-

370 3486 480 3558 τῶν
498 3486 662 3558 ὕδωρ,
689 3488 739 3540 id
770 3497 875 3551 est,
898 3506 915 3537 ι
937 3488 1145 3558 inutilis
1176 3486 1431 3558 estaqua
1478 3500 1637 3555 quam
1666 3486 1888 3541 donant.
1910 3502 1931 3537 ι

447 3557 559 3627 (65)
601 3556 881 3627 Quotquot.
920 3556 1099 3627 Galat.
1133 3572 1216 3619 ιιι,
1254 3557 1343 3611 27.

446 3625 559 3697 (64)
597 3625 908 3695 Imaginem.
971 3625 1224 3697 linaginis
1274 3643 1339 3681 ac
1375 3627 1744 3682 similitudinis
1778 3641 1938 3681 voca-

370 3696 515 3751 bulis
542 3696 663 3749 7nou
704 3697 945 3750 eamdem
1002 3712 1112 3750 rem
1149 3698 1414 3765 designari
1457 3698 1507 3750 in
1553 3698 1689 3753 Gen.
1729 3698 1848 3765 cap.
1894 3712 1932 3751 ι.

373 3781 517 3822 vers.
553 3766 646 3829 26,
677 3775 863 3837 putant
896 3767 1046 3819 multi
1081 3766 1285 3830 l’atres,
1314 3768 1400 3837 alii
1426 3783 1457 3821 e
1480 3768 1751 3821 contrario
1777 3781 1933 3837 unam

372 3835 881 3909 eamdemquelﬂis
924 3837 1171 3909 assentiri
1207 3835 1419 3909 videtur
1456 3836 1731 3909 Didymus.
1779 3836 1938 3909 Quae:

375 3916 501 3960 runt
545 3908 705 3960 etiam
753 3906 977 3971 Patres,
1028 3908 1156 3974 quid
1210 3907 1335 3959 illud
1380 3908 1486 3971 sit,
1534 3906 1748 3975 propter
1794 3906 1935 3975 qttntl

377 3977 551 4030 dictus
573 3985 653 4029 est
674 3975 833 4027 homo
864 3994 883 4027 ι
920 3978 986 4029 ad
1016 3975 1301 4043 imaginem
1330 3976 1440 4030 Dei.
1474 3996 1492 4028 ο
1531 3982 1609 4030 Ac
1640 3981 1690 4029 in
1714 3990 1938 4039 corpore

377 4046 591 4114 quidem
615 4061 734 4098 eam
772 4047 1033 4097 rationem
1063 4052 1405 4113 quaerendam
1444 4061 1546 4100 non
1578 4060 1719 4109 esse,
1748 4048 1843 4099 sed
1879 4046 1931 4098 in

378 4116 587 4178 anima,
643 4117 989 4167 consentiunt
1049 4129 1272 4179 omnes,
1319 4130 1417 4169 nec
1458 4118 1526 4170 ab
1567 4117 1646 4169 eis
1690 4116 1939 4169 dissentit

378 4184 659 4252 Didymus,
700 4193 756 4237 ut
783 4192 1007 4252 apparet
1035 4198 1110 4254 ex,
1135 4186 1309 4254 verbis
1347 4187 1450 4238 illis
1480 4204 1493 4238 :
1534 4202 1553 4236 ι
1585 4200 1745 4254 quant
1777 4201 1936 4239 acce-

379 4268 631 4322 peramus
682 4268 776 4320 per
822 4254 1054 4306 divinam
1101 4252 1531 4309 insulllationem.
1576 4252 1617 4307 »⁷
1649 4257 1843 4309 Verum
1870 4270 1937 4309 ex

377 4338 609 4393 quanam
653 4325 844 4376 animae
886 4322 1210 4392 proprietate
1251 4336 1344 4377 aut
1378 4326 1634 4379 attributo
1684 4340 1746 4379 ea
1802 4326 1938 4378 ratio

381 4393 667 4459 repetenda
699 4394 926 4464 sit,unon
958 4394 1319 4459 consentiunt,
1351 4395 1458 4448 imo
1487 4397 1539 4447 in
1576 4396 1772 4464 plures,
1812 4408 1935 4447 eas-

376 4477 486 4532 que
516 4464 653 4534 inter
677 4477 734 4516 se
764 4463 1003 4516 diversas
1030 4464 1212 4517 abiere
1240 4465 1536 4519 sententias
1562 4463 1588 4521 εί
1614 4481 1748 4534 quas
1776 4479 1937 4518 accu-

380 4542 498 4603 rate
544 4532 809 4600 docteqne
870 4541 1127 4603 recenset
1158 4548 1221 4587 ac
1285 4536 1536 4603 expendit
1589 4532 1671 4588 vir
1721 4535 1928 4603 clariss.

381 4600 613 4672 DJuan.
645 4603 837 4672 Chrys.
866 4600 1623 4672 TrombelliusDissertatione
1654 4603 1757 4656 3in
1777 4602 1931 4656 Hila-

378 4674 449 4725 rii
485 4669 771 4739 Epistulam
809 4673 861 4725 in
905 4670 1182 4726 Anecdotis
1219 4676 1417 4727 nostris
1442 4675 1605 4728 edita.
1640 4674 1818 4727 Facile
1850 4684 1932 4726 ta-

377 4758 500 4797 men
529 4743 667 4795 inter
698 4757 775 4806 se,
806 4752 863 4794 ut
894 4757 1033 4806 reor,
1064 4744 1250 4797 l’atres
1274 4744 1347 4797 illi
1371 4744 1649 4797 conciliari
1674 4754 1930 4812 possunt:

381 4828 479 4867 nec
509 4813 652 4865 enim
689 4827 914 4865 necesse
964 4821 1047 4865 est
1087 4823 1143 4867 ut
1176 4828 1239 4867 ex
1277 4830 1383 4867 una
1418 4825 1625 4867 tantum
1661 4830 1716 4866 re
1747 4814 1936 4882 imagi-

380 4884 466 4936 nis
497 4898 560 4935 ac
590 4883 955 4935 similitudinis
985 4882 1131 4935 notio
1178 4894 1486 4951 repetatur;
1513 4886 1618 4937 imo
1644 4899 1749 4952 quo
1781 4886 1934 4950 plura

380 4962 510 5005 sunt
560 4966 679 5020 qua:
719 4952 989 5007 hominem
1033 4954 1140 5006 Deo
1183 4956 1531 5023 aliquatenus
1566 4954 1796 5007 similem
1859 4956 1936 5005 la-

381 5023 548 5087 ciunt,
583 5038 648 5075 eo
677 5024 845 5091 magis
879 5036 1062 5075 verum
1092 5034 1174 5076 est
1214 5022 1355 5091 quod
1401 5026 1452 5076 in
1496 5022 1690 5077 Genesi
1716 5025 1933 5089 dicitur,

382 5093 451 5143 ad
490 5092 772 5161 imaginem
800 5091 893 5145 Dei
930 5093 1203 5145 conditum
1246 5096 1515 5146 hominem
1552 5094 1738 5146 fuisse.

456 5161 568 5231 (65)
616 5162 995 5233 Amiseramus.
1041 5161 1397 5233 Hieronymus
1445 5164 1495 5216 in
1525 5162 1660 5216 libro
1682 5164 1934 5233 adversus

384 5228 639 5283 Joannem
666 5231 1159 5300 Jerosolymitanum
1194 5228 1508 5301 episcopum,
1536 5248 1697 5301 num,
1721 5232 1775 5296 7,
1812 5234 1935 5287 Ori-

384 5302 644 5370 genianos
671 5314 881 5354 errores
919 5300 1276 5369 enumerans,
1332 5304 1398 5355 de
1449 5304 1642 5371 quibus
1674 5300 1935 5356 Joannem

389 5385 558 5437 ipsum
584 5380 636 5422 et
655 5382 890 5436 accusat,
913 5382 966 5424 et
988 5387 1016 5423 a
1045 5371 1103 5424 S.
1132 5373 1428 5440 Epiphanio
1449 5382 1754 5425 accusatum
1786 5374 1933 5437 dicit,

386 5442 465 5493 sic
486 5440 721 5507 loquitur
752 5456 766 5492 :
809 5456 827 5489 ι
862 5442 1150 5510 Imaginem
1190 5454 1243 5496 et
1273 5443 1675 5497 similitudinem
1704 5442 1793 5496 Dei
1822 5481 1837 5506 ,
1869 5446 1935 5496 ad

384 5524 543 5579 quam
588 5511 748 5564 homo
780 5511 1027 5565 conditus
1063 5510 1238 5564 fuerat
1260 5552 1275 5576 ,
1306 5514 1437 5566 dicit
1462 5518 1528 5567 ab
1557 5528 1621 5566 eo
1653 5514 1935 5582 perditam,

383 5590 440 5650 et
466 5582 516 5633 in
546 5581 761 5635 homine
788 5591 906 5648 post
935 5587 1237 5650 paradisum
1276 5597 1379 5634 non
1412 5584 1596 5638 fuisse.
1630 5580 1667 5633 »⁷
1684 5580 1840 5634 Paria
1872 5584 1939 5636 de

384 5649 617 5721 Origene
657 5650 843 5704 scribit
880 5649 1206 5721 Epiphanius
1239 5653 1351 5721 ipse
1397 5653 1584 5706 haeresi
1615 5666 1738 5705 uiv
1762 5690 1778 5716 ,
1815 5667 1934 5721 pag.

387 5719 510 5774 528.
543 5723 610 5774 At
637 5721 883 5790 quamvis
915 5719 1026 5776 haec
1059 5724 1128 5775 ita
1160 5719 1306 5785 sint,
1345 5738 1449 5775 non
1479 5724 1734 5775 continuo
1762 5719 1938 5775 tamen

386 5793 857 5861 reprehendendus
880 5792 1087 5848 videtur
1110 5791 1365 5861 Didymus
1392 5801 1610 5848 noster:
1641 5806 1761 5847 nam
1790 5792 1941 5864 quid-

1968 4506 2012 4562 D

2030 564 2127 635 τὴν
2172 562 2384 617 ἐλπίδα.
2448 563 2817 626 Καταδύοντες
2874 564 2974 635 μὲν
3023 565 3133 636 γὰρ
3190 567 3249 620 ὲν
3304 567 3372 637 τῇ
3412 564 3629 635 κολυμο

2032 655 2247 727 δήθρᾳ,
2305 654 2522 723 εὐδοκία
2576 654 2668 708 τοῦ
2736 654 2871 707 Θεοῦ
2937 655 3032 707 καὶ
3090 656 3301 727 Πατρὸς
3369 657 3629 727 γυμνού-

2035 747 2195 817 μεθα,
2250 748 2318 817 τῇ
2374 747 2554 818 χάριτι
2587 745 2679 799 τοῦ
2733 746 3045 817 Πνεύματος
3083 749 3270 812 αὐτοῦ,
3294 747 3405 801 τῶν
3434 751 3631 819 ἀμαρ-

2030 838 2181 903 τιῶν,
2234 838 2614 908 ἀποτιθέμενοι
2654 838 2747 892 τὸν
2792 839 3019 893 παλαιὸν
3062 840 3372 911 ἄνθρωπον,
3413 841 3516 894 καὶ
3557 844 3628 910 τῇ

2035 929 2283 1002 βασιλικῇ
2324 931 2487 983 αὐτοῦ
2518 930 2744 1002 δυνάμει
2780 930 3199 1002 ἀναγεννώμεθα
3231 935 3325 985 καὶ
3375 933 3631 1003 σφράγι-

2033 1022 2265 1095 ξόμεθον
2307 1025 2547 1087 ἀνιόντες
2597 1024 2653 1077 δὲ
2699 1024 2991 1095 ἐνδυόμεθὰ
3024 1042 3080 1078 τε
3104 1026 3195 1078 τὸν
3222 1027 3457 1097 Σωτῆρα
3495 1028 3634 1083 Χρι-

2034 1116 2178 1179 στόν,
2226 1114 2417 1187 στολὴν
2446 1114 2721 1187 ἄφθαρτον
2756 1116 2847 1168 καὶ
2886 1115 3127 1185 ἰσότιμον
3171 1116 3266 1169 τοῦ
3312 1118 3633 1187 ἀναγεννή-

2035 1224 2227 1271 σαντος
2272 1209 2365 1261 καὶ
2417 1208 2818 1279 σφραγίσαντος
2861 1209 3010 1277 ἡμᾶς
3050 1207 3201 1275 ἁγίου
3252 1207 3633 1277 Πνεύματος,

2034 1300 2093 1370 (ι
2128 1302 2281 1353 Ὅσοι
2315 1299 2443 1371 γὰρ,
2500 1318 2518 1349 ι
2557 1300 2746 1370 φησὶν,
2782 1318 2798 1350 ι
2842 1301 2921 1363 εἰς
2954 1298 3187 1371 Χριστὸν
3217 1299 3631 1370 ἐϐαπτίσθητε,

2034 1390 2268 1461 Χριστὸν
2322 1388 2675 1443 ἐνεδύσασθεο
2717 1390 2775 1457 ι)
2817 1390 2909 1442 καὶ
2948 1390 3045 1459 τὴν
3096 1389 3505 1460 γεγραμμένην
3558 1392 3637 1442 εἱ-

2035 1481 2165 1533 κόνα
2212 1480 2305 1532 καὶ
2361 1480 2619 1548 ὁμοίωσιν
2673 1479 2766 1531 τοῦ
2824 1477 2959 1531 Θεοῦ
3016 1478 3518 1548 ἀπολαμϐάνομεν,
3567 1480 3637 1549 ἦν

2035 1570 2334 1641 ἐδεξάμεθα
2368 1570 2458 1623 διὰ
2484 1569 2577 1622 τοῦ
2608 1570 2790 1623 θεῖκοῦ
2820 1571 3214 1640 ἑμφυσὴματος
3234 1610 3249 1632 ,
3279 1572 3377 1623 καὶ
3403 1570 3641 1623 ἀπωλέ-

2037 1682 2210 1736 σαμεν
2236 1665 2324 1718 διὰ
2348 1663 2442 1716 τοῦ
2470 1664 2688 1734 ἁμαρτῆ
2698 1679 2887 1732 ματοςο
2912 1665 3004 1716 καὶ
3035 1660 3189 1725 αὖθις
3214 1662 3634 1733 εὑρισκόμεθα,

2038 1758 2166 1830 [118
2207 1758 2263 1829 a]
2310 1752 2413 1810 οἷοί
2458 1774 2562 1829 περ
2596 1758 2688 1809 ἐπὶ
2740 1756 2835 1810 τοῦ
2880 1757 3301 1828 πωτοπλάστου
3354 1760 3638 1830 ἐγενήθη-

2037 1852 2170 1922 μεν,¹
2196 1848 2571 1920 ἀναμάρτητοι
2618 1848 2714 1901 καὶ
2756 1847 3123 1913 αὐτεξούσιον
3157 1849 3334 1903 ταῦτα
3371 1852 3495 1921 γὰρ
3536 1867 3639 1919 ση-

2038 1942 2215 2013 μαίνει
2286 1942 2319 2011 ή
2383 1939 2546 1993 εἰκὼν
2595 1942 2688 1994 καὶ
2747 1942 3041 2011 ὁμοίωσις·
3084 1941 3159 2006 ὡς
3203 1943 3486 2013 ἁρμόζειν
3538 1944 3639 2014 τὴν

2034 2033 2245 2086 Παύλου
2285 2032 2413 2103 περὶ
2448 2031 2555 2085 τῶν
2600 2030 3009 2103 βαπτιζομένων
3058 2034 3302 2106 Γοαψήψ
3359 2052 3381 2086 ι
3422 2036 3639 2099 Ὅπως

2038 2230 2166 2300 quid
2205 2230 2275 2285 sit
2325 2231 2391 2284 dc
2435 2229 2680 2299 Origenis
2711 2230 3001 2297 sententia,
3036 2230 3307 2285 catholico
3343 2247 3553 2291 sensu,
3587 2233 3641 2288 ni

2038 2302 2216 2363 fallor,
2248 2301 2355 2355 dici
2397 2312 2605 2369 pctest,
2661 2302 2949 2370 imaginem
2980 2316 3045 2353 ac
3076 2302 3509 2356 similitudinem
3547 2305 3641 2357 Dei

2034 2386 2135 2495 ger
2188 2381 2474 2441 peceatum
2509 2371 2771 2433 originale
2806 2372 2875 2425 ab
2904 2371 3120 2425 homine
3173 2376 3447 2426 amissam
3490 2390 3640 2429 esse.

2086 2441 2299 2495 imirum
2359 2442 2475 2495 eius
2539 2440 2684 2494 eﬂ'ati
2733 2444 2970 2495 veritas.
3030 2452 3125 2495 aut
3180 2442 3394 2495 falsitas
3447 2460 3524 2495 ex
3579 2461 3640 2495 eo

2086 2440 2299 2495 imirum
2359 2442 2475 2509 ejus
2539 2440 2684 2494 eﬂ'ati
2733 2444 2970 2500 veritas.
3030 2452 3125 2495 aut
3180 2442 3394 2496 falsitas
3447 2460 3524 2497 ex
3579 2461 3647 2499 eo

2034 2525 2198 2582 sensu
2232 2511 2456 2582 pendet,
2509 2527 2617 2582 quo
2650 2512 2903 2564 voeabula
2942 2511 3029 2563 illa
3073 2531 3091 2562 ί
3143 2512 3399 2582 imaginis
3455 2530 3530 2569 ac
3565 2519 3645 2567 si-

2037 2579 2356 2653 militudinis
2388 2581 2783 2653 raecipiuntur
2810 2600 2821 2635 :
2849 2582 3031 2653 siquis
3057 2582 3200 2653 enim
3253 2579 3358 2636 ἐκ.
3390 2599 3488 2653 gr.
3522 2586 3649 2652 ejus

2038 2650 2287 2717 imaginis
2318 2651 2592 2704 notionem
2634 2653 2685 2703 in
2728 2653 2829 2705 hoc
2859 2652 3017 2705 sitam
3054 2651 3304 2713 aﬂirmet,
3342 2650 3417 2705 ιη’
3439 2650 3647 2707 aniina

2036 2720 2107 2774 sit
2139 2719 2479 2791 inunortalis,
2514 2736 2577 2774 ac
2616 2720 2809 2776 deinde
2846 2719 3151 2791 subiungat,
3197 2722 3497 2776 hominem
3544 2740 3647 2791 per

2034 2800 2312 2856 peccatum
2347 2789 2437 2842 Dei
2465 2790 2753 2858 imaginem
2788 2789 3062 2852 amisisse,
3090 2792 3134 2844 is
3172 2793 3288 2846 sine
3318 2793 3505 2845 dubio
3537 2789 3652 2847 erit

2038 2859 2327 2931 haereticus
2358 2875 2373 2911 :
2407 2873 2565 2914 secus
2598 2875 2724 2931 vero
2746 2875 2807 2914 se
2846 2876 2931 2931 res
2958 2861 3212 2922 habebit,
3240 2863 3283 2914 si
3319 2864 3374 2915 in
3404 2864 3647 2931 justitia

2033 2928 2316 3002 originali,
2347 2938 2445 3002 aut
2476 2929 2649 2997 gratia
2699 2930 3073 3002 sanctiﬁcante
3096 2942 3235 3002 ,7aut
3274 2928 3645 3002 alia'aliqua

2034 2998 2196 3068 simili
2231 3013 2288 3052 re
2315 2999 2475 3051 sitam
2519 3013 2644 3068 eam,
2683 3011 2851 3068 putet.
2914 2997 3053 3053 Hinc
3101 3001 3159 3054 lit
3217 3012 3275 3054 ut
3312 3003 3408 3055 alii
3466 2997 3651 3056 etiam

2036 3066 2226 3142 Patres
2260 3068 2533 3142 id_ips_um
2567 3066 2914 3142 alIiriuarint,
2957 3071 3097 3139 quod
3142 3070 3440 3142 Didymus.
3496 3072 3640 3127 Ter-

2040 3137 2299 3209 tullianus
2329 3138 2380 3190 in
2413 3138 2549 3209 libro
2586 3136 2659 3191 De
2702 3136 2987 3203 baptismo,
3016 3154 3139 3209 cap.
3168 3142 3201 3195 5
3233 3136 3255 3194 Ξ
3287 3159 3306 3191 ι
3356 3141 3442 3194 Ita
3480 3146 3654 3197 resti-

2037 3208 2203 3279 tuitur
2250 3208 2498 3279 (inquit)
2547 3209 2705 3261 homo
2748 3209 2854 3262 Deo
2880 3212 2964 3279 ad
3012 3208 3439 3264 similitudinem
3475 3218 3647 3279 ejus.

2036 3276 2127 3354 qui
2146 3276 2302 3354 retro
2340 3277 2405 3354 ad
2433 3280 2718 3354 imaginem
2752 3279 2842 3332 Dei
2870 3278 3064 3332 fuerat.
3105 3280 3289 3354 littugo
3319 3284 3390 3354 iu
3424 3276 3653 3354 efﬁgie,

2035 3346 2331 3399 similitudo
2382 3347 2433 3399 in
2501 3346 2802 3401 :cternitate
2858 3362 3134 3405 censetur.
3195 3350 3429 3415 Recipit
3490 3346 3651 3407 enim

2040 3415 2189 3468 illum
2245 3415 2339 3468 Dei
2396 3415 2690 3493 Spiritum,
2724 3432 2896 3493 quem
2958 3420 3204 3493 tunche
3254 3420 3467 3493 aﬂlatu
3528 3426 3659 3493 ejms

2036 3496 2342 3553 acceperat,
2371 3490 2464 3539 sed
2487 3498 2607 3553 post
2632 3488 2890 3541 amiserat
2913 3502 3008 3556 per
3039 3490 3322 3545 deiicrum.
3359 3509 3378 3541 ι
3423 3488 3653 3546 Eadem

2036 3558 2199 3609 sentit
2244 3566 2432 3609 auctor
2474 3556 2705 3611 humilia:
2762 3573 2881 3619 quae
2927 3566 3068 3612 hunc
3118 3564 3279 3613 habet
3354 3564 3606 3616 titulmu
3638 3581 3652 3592 ο

2042 3643 2075 3698 t_
2105 3625 2255 3690 Quod
2271 3626 2442 3698 homo
2472 3627 2754 3695 imaginem
2785 3628 2875 3680 Dei
2909 3644 3004 3695 per
3031 3642 3309 3696 peccatum
3342 3632 3597 3698 abiecit.
3632 3654 3654 3685 ι

2038 3695 2344 3771 Eademilli
2376 3695 2560 3771 Patres
2585 3736 2599 3756 ,
2632 3695 3039 3771 qui__in_vnrtute
3064 3704 3222 3771 sitam
3269 3695 3487 3755 volunt
3528 3722 3659 3771 euris

2038 3765 2328 3836 imaginis
2368 3766 2663 3819 notionent.
2732 3767 2925 3819 Eadem
2975 3769 3309 3836 Augustinus
3378 3765 3568 3826 libro"
3606 3790 3660 3827 VI

2042 3835 2113 3906 ρει
2142 3834 2329 3887 Genesi
2361 3837 2428 3906 ad
2461 3836 2710 3901 litteram,
2738 3852 2857 3904 cap.
2890 3838 2955 3889 ‘27
2985 3849 3039 3891 et
3064 3834 3155 3892 28.
3182 3838 3376 3906 Neque
3412 3856 3566 3897 vero
3604 3846 3660 3897 in

2039 3902 2533 3969 Retractatiom'bus,
2574 3920 2694 3974 cap.
2732 3902 2825 3967 24,
2862 3907 3050 3960 falsum
3097 3902 3322 3961 omnino
3355 3927 3503 3967 esse
3540 3916 3658 3975 ait,

2037 3974 2179 4042 quod
2216 3976 2287 4028 ibi
2329 3976 2661 4042 scripserat,
2704 3992 2768 4029 ac
2814 3977 2982 4030 multo
3038 3981 3213 4030 minus
3259 3974 3656 4039 haereticus".

2044 4062 2062 4094 ‹
2106 4044 2158 4095 In
2188 4055 2339 4121 sexto
2368 4046 2586 4121 (inquit)
2622 4044 2779 4107 libro,
2814 4048 2953 4121 quod
2987 4049 3116 4110 dixi,
3154 4064 3173 4097 ι
3206 4052 3387 4102 Adam
3433 4054 3559 4104 ima
3581 4056 3654 4121 gi-

2040 4130 2161 4166 nem
2204 4114 2327 4179 Det,
2361 4114 2653 4167 secundum
2699 4130 2858 4183 quam
2907 4114 3078 4171 factus
3127 4129 3243 4177 est,
3307 4114 3652 4185 perdidt?“

2041 4196 2281 4255 peccato,
2325 4205 2343 4235 ι
2384 4186 2601 4255 ιιοιιεὶο
2634 4186 3002 4254 accipiendum
3030 4196 3131 4247 est,
3164 4196 3444 4255 tanquam
3491 4197 3551 4244 in
3586 4208 3652 4250 ea

2039 4253 2183 4306 nulla
2223 4254 2571 4317 remanserit,
2600 4256 2694 4308 sed
2720 4253 2859 4324 quod
2893 4264 3000 4309 tam
3033 4253 3318 4322 deformis,
3359 4273 3429 4312 ut
3462 4266 3557 4316 ref
3582 4268 3650 4317 m‘

2042 4326 2277 4395 matione
2323 4339 2457 4391 opus
2507 4325 2750 4395 haberet.
2801 4324 2917 4378 Non
2968 4328 3129 4395 igitur
3164 4327 3218 4379 in
3263 4330 3402 4382 ﬁdei
3452 4345 3553 4386 reti
3581 4351 3648 4389 της

2041 4392 2185 4447 tione
2208 4434 2223 4459 ,
2260 4393 2715 4463 contemplatione
2738 4434 2757 4459 ,
2812 4392 3134 4459 dilectione,
3187 4412 3316 4465 quae
3356 4417 3482 4454 non
3542 4406 3645 4459 tri

2040 4476 2277 4533 semper,
2314 4465 2407 4518 sed
2454 4464 2507 4516 iu
2542 4478 2645 4529 eo,
2684 4466 2825 4533 quod
2873 4480 3087 4533 semper
3116 4464 3242 4531 erit,
3287 4470 3552 4525 ἰιινθυίει
3590 4476 3644 4531 ιιι

2041 4542 2143 4594 est,
2178 4549 2337 4601 quam
2370 4533 2476 4586 dici
2508 4545 2753 4599 oporteat
2784 4537 3070 4603 imaginem
3104 4538 3214 4589 Dei.
3263 4556 3285 4587 ι
3320 4540 3484 4603 Quin
3530 4544 3549 4595 l
3591 4544 3644 4600 re

2040 4615 2295 4677 [onymus
2343 4604 2455 4677 ipse
2516 4604 2568 4655 in
2618 4604 2918 4677 Comment,
2948 4610 3001 4657 in
3036 4604 3203 4673 Epist.
3230 4613 3304 4659 ad
3330 4612 3547 4677 Ephesi
3582 4630 3641 4667 al

2038 4670 2227 4747 lib.’t,¥
2247 4670 2370 4747 cap.
2396 4672 2451 4739 2,
2484 4686 2605 4742 pag.
2640 4672 2744 4747 ὁδὶ
2763 4678 2849 4729 ed.
2882 4670 3103 4747 Veron,
3142 4678 3340 4731 eadem
3376 4670 3545 4735 tradi
3581 4690 3640 4747 ist

2039 4755 2159 4809 qua:
2202 4744 2458 4821 Didymus
2496 4746 2598 4821 hoc
2638 4744 2856 4821 inloco.
2893 4764 2938 4821 «_
2964 4745 3193 4821 Sicsua:
3227 4748 3545 4821 intelligeu
3582 4758 3607 4807 .i

2039 4814 2312 4879 coaptabit
2361 4812 2605 4882 (inquit)
2644 4824 2703 4866 ut
2736 4816 2881 4868 dicat
2928 4816 3198 4869 hominem
3223 4817 3395 4884 juxta
3432 4812 3543 4875 Tm:

2041 4896 2163 4933 nem
2209 4884 2715 4961 et__si_militudinem
2768 4883 2860 4937 Dei
2902 4885 3140 4949 factum,
3191 4883 3467 4944 eamdem
3524 4910 3542 4961 ι

2040 4952 2534 5006 reconciliationem
2561 4957 2786 5006 formam
2815 4965 3176 5021 recepturum,
3202 4972 3378 5023 quam
3404 4972 3475 5014 et
3502 4952 3539 5017 ri

2041 5023 2215 5097 angeli
2260 5024 2499 5087 habent,
2537 5032 2592 5097 et
2637 5024 2763 5097 ipse
2787 5025 3098 5097 perdiderit.
3152 5045 3170 5076 ι
3210 5030 3403 5091 Quem
3460 5032 3537 5085 ιυ‹
3582 5028 3632 5097 αι

2041 5089 2366 5183 ι’),ιει-οιιγιιιυ
2408 5089 2957 5183 θχριοὺιιιξηιὶιέιιηυε
2987 5095 3081 5183 Ιώὲ
3128 5089 3397 5183 Leontr‘u
3465 5105 3538 5170 ip:

2043 5159 2445 5230 Hieronymum,
2476 5159 2622 5215 num.
2668 5161 2757 5215 '59.
2790 5161 3012 5216 Demum
3046 5163 3104 5216 S.
3129 5164 3301 5232 Zeno,
3339 5159 3535 5226 Vero:

2043 5232 2180 5284 sinm
2214 5234 2519 5300 episc0pus,
2551 5232 2643 5285 lib.
2675 5248 2739 5297 ιι,
2773 5242 2931 5286 tract.
2960 5234 3046 5301 l9,
3078 5240 3267 5291 eodem
3304 5238 3440 5294 fere
3479 5260 3534 5295 tu

2041 5301 2414 5371 loquiAturiquo
2455 5301 2731 5371 Didymus.

2112 5368 2225 5441 (66)
2284 5368 3018 5441 Potestatelf'l‘ertullianus,
3068 5373 3202 5429 libro
3259 5391 3297 5430 ιι
3367 5384 3529 5437 adv:

2043 5440 2532 5523 Marcioucmhcap.
2570 5440 2691 5523 ξι(
2717 5443 3008 5523 Oportebat
3036 5448 3287 5523 (inquit)
3324 5450 3522 5523 imagi

2043 5523 2096 5564 et
2130 5512 2533 5593 similitudinem
2580 5513 2708 5576 Dei,
2740 5515 2892 5593 liberi
2933 5512 3178 5593 arbitrii,
3219 5512 3278 5570 et
3317 5512 3528 5593 sum}

2042 5583 2196 5655 statis
2218 5583 2477 5655 institui,
2516 5584 2566 5635 in
2602 5598 2706 5651 qua
2744 5585 2844 5637 hoc
2874 5586 3069 5653 ipsum,
3104 5586 3285 5655 imago
3327 5603 3393 5643 et
3436 5583 3525 5646 sill

2043 5654 2172 5706 tudo
2216 5653 2307 5707 Dei
2341 5655 2709 5721 deputaretur,
2761 5655 2971 5708 arbitrii
3023 5653 3235 5709 scilicet
3283 5660 3519 5717 liberta

2043 5727 2300 5795 putestas.
2339 5740 2358 5775 ι
2383 5725 2659 5795 Ceterum
2686 5738 2790 5791 quo
2817 5738 2975 5778 sensu
3006 5727 3321 5795 accipienda
3352 5733 3495 5788 sint

2045 5793 2136 5849 hic
2157 5793 2334 5867 _docet
2379 5792 2637 5863 Didymus
2662 5832 2676 5860 ,
2712 5796 2762 5865 ii
2796 5807 2989 5851 norunt
3013 5833 3029 5859 ,
3073 5792 3164 5867 qui
3201 5798 3519 5869 Augustin

3582 5403 3624 5443 σι

3582 5474 3622 5513 α

3582 5530 3621 5581 Νη

3582 5596 3620 5652 tl

3582 5738 3616 5795 ιι

3592 5814 3614 5867 4
