3732 6338
327 346 435 405 683

1556 345 1792 401 DIDYMI
1831 345 2295 402 ALEXANDRINI

3447 349 3539 405 686

323 473 489 520 terra.
520 481 539 515 ι
576 463 651 518 De
676 461 779 517 bac
816 476 875 517 re
900 461 951 515 in
971 461 1176 530 psalmo
1207 461 1366 516 etiam
1395 476 1566 517 xxvru
1597 464 1675 518 sic
1698 462 1853 516 docet

1988 465 2043 516 ἐν
2074 469 2143 525 ος’
2170 459 2395 532 ψαλμᾷγ
2434 478 2451 512 ι
2485 459 2638 530 Φωνὴ
2668 461 2765 531 τῆς
2794 460 3019 531 βροντῆς
3050 477 3141 513 σου
3170 462 3228 514 ὲν
3257 461 3336 532 τῷ
3356 463 3541 534 τροχῷ,

327 574 348 608 σ
373 554 487 609 Vox
525 552 772 619 Domini(
802 554 868 624 '6)
899 570 1057 622 super
1089 555 1248 624 257
1276 568 1466 624 aquas,
1518 556 1657 609 Deus
1698 555 1884 626 gloriae

323 646 461 714 (sive
511 646 795 714 claritatis)
859 646 1088 699 intonuit
1128 665 1139 700 :
1178 646 1434 701 Dominus
1495 662 1657 715 super
1711 661 1877 715 aquas

322 738 558 800 multas;
591 756 609 790 ι
647 747 700 792 et
748 738 798 790 in
849 753 1006 791 uim
1038 738 1246 806 psalmo
1286 755 1300 792 :
1332 756 1350 789 ι
1380 736 1490 790 Vox
1519 738 1738 791 tonitrui
1768 737 1881 807 (77)

320 829 402 881 tui
433 829 485 881 in
516 834 653 882 rota.
682 827 979 881 llluxerunt
1017 828 1127 897 (78)
1184 828 1585 883 coruscatioues
1617 838 1718 883 tua:
1756 828 1875 882 orbi

325 929 484 974 terrae
512 936 527 973 :
559 920 691 973 vidit
722 930 773 973 et
794 930 1059 973 commota
1088 929 1170 973 est
1197 929 1362 972 terra.
1396 938 1413 970 ι
1444 918 1575 971 Nam
1604 935 1698 987 per
1719 934 1882 987 aquas

320 1012 642 1081 baptismum
668 1012 954 1080 signiﬁcat,
981 1012 1030 1065 in
1054 1027 1157 1079 quo
1184 1012 1242 1065 lit
1264 1028 1292 1064 a
1322 1011 1711 1075 sacerdotibus,
1737 1012 1876 1064 sicut

321 1103 462 1157 idem
493 1102 700 1158 Psaltes
745 1104 913 1165 canit,
951 1121 970 1152 ι
1019 1102 1262 1171 operatio
1313 1101 1476 1154 multa
1523 1100 1667 1171 (79);
1713 1118 1731 1151 ι
1788 1114 1881 1168 per

324 1193 624 1248 tonitruum
683 1202 895 1258 autem,
953 1192 1204 1260 baptismi
1276 1193 1502 1256 gratiam
1556 1202 1881 1258 quocunque

320 1284 724 1359 pertingentem
754 1284 889 1353 (80),
935 1291 988 1336 cl.
1030 1300 1149 1337 cum
1185 1283 1377 1337 timore
1410 1292 1705 1350 receptam,
1740 1281 1879 1333 iudi-

317 1385 427 1438 cat;
476 1389 573 1444 per
624 1384 793 1429 rotam
832 1390 977 1436 vero,
1046 1375 1207 1426 vitam
1292 1372 1609 1430 instabilem,
1648 1386 1709 1424 ac
1744 1369 1878 1425 mire

318 1467 553 1531 variam;
585 1482 680 1536 per
711 1466 1110 1519 coruscatioues
1159 1474 1359 1529 autem,
1417 1462 1710 1530 spiritalem
1763 1462 1878 1528 pul-

317 1555 672 1611 chritudinem
704 1554 839 1626 (81),
881 1569 1042 1623 quam
1086 1567 1265 1606 coram
1294 1552 1403 1606 Deo
1442 1552 1643 1605 habent
1671 1550 1877 1604 illumi-

318 1647 456 1711 nati,
512 1645 569 1700 id
594 1655 697 1709 est,
730 1646 1022 1713 baptizati;
1096 1659 1190 1711 per
1243 1645 1652 1698 commotionem
1724 1653 1878 1695 terra;

315 1739 565 1806 denique,
607 1747 906 1808 promptam
938 1736 1288 1790 humanitatis
1342 1736 1627 1789 motionem
1677 1735 1729 1788 in
1783 1734 1873 1787 Dei

1990 554 2230 622 Ἔφαναν
2274 554 2330 605 αἰ
2365 552 2640 623 ἀστραπαί
2696 568 2789 605 σου
2828 554 2893 621 τῇ
2928 553 3219 625 οἰκουμένῃ
3242 570 3257 583 ⁸
3290 554 3424 620 ἴδεν,
3464 556 3549 611 καὶ

1986 642 2247 713 ἐσαλεύθη
2290 644 2322 713 ὴ
2489 661 2507 692 ι
2540 640 2638 693 Διὰ
2680 641 2777 711 μὲν
2818 642 2926 713 γὰρ
2967 642 3075 695 τῶν
3128 643 3337 696 ὑδάτων
3370 645 3430 696 τὸ
3457 645 3548 712 βά-

1988 752 2198 805 πτισμα
2238 734 2521 804 σημαίνει,
2574 735 2631 786 ὲν
2680 726 2724 800 ᾧ
2760 734 2967 801 γίνεται
3011 734 3159 805 παρὰ
3191 735 3300 788 τῶν
3342 736 3544 806 ἱερέων,

1984 825 2123 878 καθά
2138 826 2415 895 ψαλμῳδεί
2432 826 2458 877 ὁ
2480 825 2660 890 αὐτὸς,
2694 844 2712 875 ι
2742 826 2973 896 ἐργασία
2997 828 3163 897 πολλή
3180 845 3195 858 ·
3211 847 3228 877 ι
3261 827 3352 881 διὰ
3371 829 3428 881 δὲ
3458 829 3546 897 τῆς

1986 914 2206 986 βροντῆς
2258 915 2356 986 τὴν
2412 914 2686 983 πανταχοῦ
2729 915 3012 983 φθάσασαν
3072 917 3165 969 καὶ
3215 918 3359 986 μετὰ
3391 918 3546 985 φόϐου

1982 1004 2364 1076 ὑπώεχθεῖσαν
2390 1006 2547 1075 χάριν
2582 1005 2675 1058 τοῦ
2711 1005 3081 1077 βαπτίσματος
3106 1009 3406 1061 αἰνίττεται
3430 1026 3443 1038 '
3467 1009 3548 1061 διὰ

1981 1099 2037 1151 δὲ
2091 1098 2185 1150 τοῦ
2232 1098 2461 1170 τροχοῦ,
2499 1098 2590 1150 τὸν
2637 1099 2862 1152 ἄστατον
2920 1100 3014 1151 καὶ
3067 1100 3355 1153 ἀλλόκοτον
3398 1101 3542 1170 βίον·

1980 1190 2067 1243 διὰ
2104 1189 2161 1241 δὲ
2202 1190 2302 1243 τῶν
2328 1188 2640 1259 ἀστραπῶν,
2669 1190 2737 1242 τὰ
2764 1190 2903 1242 κατὰ
2944 1191 3074 1243 Θεὸν
3102 1192 3273 1261 κάλλη
3309 1191 3420 1244 τῶν
3446 1209 3548 1259 φω-

1980 1280 2295 1350 τιζομένωψ
2333 1280 2419 1334 διὰ
2452 1282 2507 1334 δὲ
2536 1281 2630 1333 τοῦ
2670 1281 2989 1351 σαλευθῆναι
3032 1281 3128 1353 τὴν
3176 1282 3282 1350 γῆν
3311 1282 3375 1334 τὸ
3401 1300 3545 1353 κινη-

1981 1370 2136 1441 θῆναι
2186 1372 2282 1423 σὺν
2326 1370 2601 1442 προθυμίᾳ
2637 1371 2735 1442 τὴν
2770 1372 3161 1441 ἁνθρωπότητα
3200 1376 3278 1435 εἰς
3322 1372 3544 1440 θεογνω-

1982 1463 2101 1515 σίαν
2123 1462 2286 1533 δηλοῖ.
2324 1464 2430 1515 Καὶ
2453 1463 2546 1515 τοῦ
2575 1465 2842 1516 Δεσπότου
2882 1463 2936 1517 δὲ
2973 1464 3374 1535 βαπτιζομένου
3403 1468 3460 1517 ὲν
3481 1467 3541 1534 τῇ

1979 1555 2258 1625 οἰκονομίᾳ
2291 1555 2381 1607 ἐπὶ
2404 1554 2480 1624 τῷ
2508 1555 2597 1607 τόν
2623 1572 2679 1607 τε
2706 1555 2992 1626 δράκοντα,
3016 1556 3107 1610 τὸν
3136 1557 3227 1609 ἐπὶ
3250 1559 3366 1619 τοῖς
3395 1556 3542 1610 ὕδασι

1977 1645 2267 1716 δεξάμενον
2298 1646 2386 1698 τὸν
2436 1646 2726 1717 Ἰορδάνην,
2762 1649 2818 1699 ὲν
2850 1647 2925 1717 τῷ
2953 1649 3202 1715 στόματι,
3233 1648 3312 1711 ὡς
3344 1650 3542 1718 ἱστορεῖ

1979 1737 2388 1808 αἰνιγματωδῶς
2416 1739 2443 1790 6
2494 1738 2643 1802 Ἰὼϐ,
2680 1738 3023 1804 θανατῶσαι,
3056 1741 3146 1792 τόν
3182 1756 3242 1792 τε
3280 1740 3540 1810 ἡμέτερον

316 1814 679 1896 cognitionem
725 1827 980 1881 declarat.
1026 1827 1156 1881 Dum
1206 1840 1333 1880 vero
1376 1835 1497 1895 post
1532 1825 1863 1879 incarnatio-

1980 1828 2289 1899 ἀποσμῆξαι
2349 1829 2537 1900 ῥύπον,
2603 1832 2696 1883 καὶ
2742 1832 2841 1901 τὴν
2893 1831 3126 1886 παλαιὰν
3192 1832 3541 1902 συγχωρῆσαι

319 1936 440 1975 nem
489 1920 747 1974 Dominus
783 1918 1179 1987 baptizabatur,
1205 1918 1329 1971 dum
1362 1918 1645 1971 draconem
1679 1915 1789 1985 (89)
1822 1916 1873 1969 ἰη

319 2012 476 2081 aquis
521 2010 633 2081 (85)
684 2012 1058 2072 exsistentem,
1094 2008 1497 2077 Jordanemque
1530 2022 1624 2062 ore
1652 2008 1873 2077 capien-

318 2113 452 2167 tem,
482 2112 539 2157 ut
559 2103 896 2171 :euigmatice
933 2100 1101 2156 Jobus
1152 2110 1357 2165 narrat,
1389 2100 1709 2165 occidebat;
1743 2100 1869 2154 dum

312 2196 505 2250 sordes
538 2206 752 2248 nostras
778 2193 1148 2263 abstergebat,
1175 2203 1227 2247 et
1260 2201 1413 2247 vetus
1442 2202 1721 2262 peccatum
1758 2190 1871 2262 (84)

314 2285 642 2349 dimittebat,
691 2283 852 2356 258
887 2294 940 2338 et
970 2298 1131 2339 suuer
1175 2293 1476 2353 serpentes,
1519 2291 1574 2338 et
1625 2283 1865 2353 scorpio-

382 2486 492 2557 (76)
541 2486 654 2541 Vox
703 2486 929 2543 Domini.
972 2487 1108 2542 Psal.
1163 2501 1351 2549 xxvut,
1410 2500 1545 2539 vers.
1601 2485 1654 2538 '5.
1720 2484 1873 2557 Hunc

311 2555 489 2610 locum
544 2560 608 2609 ad
652 2558 913 2625 baptisma
966 2559 1126 2610 rel'et't
1170 2557 1484 2610 Ambrosius
1546 2570 1759 2624 quoque
1812 2555 1864 2608 in

310 2628 447 2681 libro
478 2626 551 2679 De
575 2627 829 2695 mysteriis
858 2643 974 2695 cap.
1019 2627 1070 2681 5.

382 2693 655 2820 (Ἰζέῃγοα
693 2693 935 2750 ιοηιιτιιὶζ
970 2695 1109 2749 Psal.
1158 2712 1352 2761 um,
1394 2708 1536 2749 vers.
1580 2693 1645 2748 17
1693 2702 1743 2749 el
1804 2693 1867 2748 18

382 2782 422 2818 :n
562 2804 575 2818 .

334 2781 422 2820 sea
453 2773 575 2832 19).

311 2766 845 2904 (ἦιῦἐᾷἰίιιιπηιηι.
898 2836 1002 2888 Aut
1045 2834 1293 2889 librarius
1344 2835 1478 2887 inter
1526 2834 1863 2889 scribendum

310 2903 662 2958 similitudine
714 2920 900 2974 vocum
952 2907 1207 2974 deceptus
1258 2922 1322 2963 ex
1377 2903 1584 2958 duobus
1639 2909 1863 2974 duorum

316 2974 645 3045 pSaltnornm
679 2973 955 3045 versiculis
980 2990 1007 3026 a
1046 2972 1531 3045 Didymodiortasse
1565 2974 1650 3026 bic
1689 2972 1863 3027 allatis

310 3058 476 3095 unum
518 3042 678 3101 fecit;
716 3052 808 3095 aut
843 3042 1118 3112 Didymum
1147 3042 1347 3095 Tel'ellit
1388 3045 1697 3095 eormudem
1747 3059 1863 3096 ver-

310 3112 601 3165 siculorum
634 3112 944 3166 sunilitudo.
990 3112 1247 3166 Nimirum
1307 3114 1356 3165 in
1404 3113 1609 3175 psalmo
1648 3113 1860 3177 quidem

310 3196 493 3253 um,
521 3181 619 3253 sic
670 3182 911 3253 (legitur:
954 3183 1194 3253 'Etpatvav
1237 3183 1293 3234 αἰ
1338 3167 1614 3253 αστραπαί
1659 3167 1750 3233 σου
1798 3185 1863 3253 τῇ
1893 3167 1935 3225 C

310 3250 602 3322 οἰκουμένῃ
625 3268 637 3280 ·
666 3250 925 3320 ἐσαλεύθη
954 3250 1047 3305 καῖ
1080 3252 1331 3322 ἔντρομος
1357 3251 1584 3321 ἐγενήθη
1625 3253 1651 3321 ί]
1695 3253 1786 3322 γῆ,
1813 3250 1865 3306 id

310 3331 426 3375 est:
462 3339 481 3372 ι
523 3322 811 3374 Illuxerunt
839 3325 1237 3377 coruscationes
1302 3331 1403 3374 tua:
1458 3329 1610 3391 (seu,
1654 3322 1865 3391 l’utgura

313 3400 401 3444 tua
454 3391 474 3460 )
548 3391 660 3444 orbi
704 3401 900 3444 terrae:
942 3402 1207 3445 commota
1248 3399 1348 3451 est,
1375 3401 1424 3443 et
1463 3402 1696 3443 tremens
1727 3391 1865 3445 facta

309 3469 394 3513 est
428 3468 589 3513 terra.
612 3478 631 3509 ι
672 3460 725 3512 In
763 3461 964 3529 psalmo
988 3478 1111 3514 vero
1129 3476 1246 3515 XCVI
1273 3502 1286 3526 ,
1321 3474 1463 3529 vers.
1504 3460 1536 3512 4
1569 3478 1582 3512 :
1626 3461 1868 3527 Ἔφαναν

310 3530 375 3603 αἰ
388 3529 661 3603 ἀστραπαὶ
683 3526 844 3603 αὑτοῦ
870 3533 932 3601 τῇ
959 3532 1267 3603 οἰκουμένῃ’
1296 3526 1399 3582 εἶδε
1424 3531 1515 3603 καὶ
1546 3526 1808 3603 ἐσαλεύθη
1835 3533 1867 3601 ἡ

308 3598 402 3669 γῆ,
436 3598 606 3655 idest:
640 3618 658 3651 t
688 3598 1390 3655 llluxernntcoruscationes
1405 3600 1518 3668 ejus
1538 3602 1653 3654 orbi
1671 3598 1824 3655 terra:
1850 3598 1864 3655 ἑ

311 3670 462 3732 vilit,
500 3679 552 3721 et
590 3681 853 3723 commota
886 3680 971 3723 est
1000 3679 1162 3724 terra.
1194 3689 1213 3721 ι

381 3737 492 3809 (79)
535 3736 782 3809 Operatio
819 3740 1004 3794 multa.
1052 3739 1173 3793 Haec
1205 3740 1318 3809 ipsa
1357 3739 1518 3793 verba
1560 3756 1664 3793 non
1708 3739 1869 3794 habet

307 3805 537 3879 Psaltes.
571 3805 833 3879 Existimo
868 3820 1042 3879 autem
1098 3809 1181 3861 hic
1216 3805 1406 3879 respici
1448 3810 1763 3879 versiculum
1800 3811 1869 3863 23

310 3878 502 3950 psalmi
528 3894 649 3950 cvi,
668 3878 756 3930 ubi
785 3877 1008 3950 legit_ttr:
1034 3877 1319 3941 Ποιοῦντες
1349 3879 1607 3950 ἐργασίαν
1634 3881 1689 3931 ὲν
1716 3878 1869 3931 ῦδασι

309 3946 559 4068 πολιλοῖς,
602 3949 653 4001 id
683 3959 793 4001 est:
839 3964 857 3996 t
890 3945 1170 4004 Facientes
1208 3945 1571 4017 operatiOnetn
1628 3950 1678 4001 in
1716 3951 1870 4017 aquis

312 4032 399 4068 IIIu
427 4028 513 4068 tis-
549 4037 569 4068 ι

312 4020 513 4075 multis.
549 4037 569 4068 ι

410 4088 498 4154 80)
541 4086 860 4155 Quocunque
888 4087 1275 4155 pertingentem.
1312 4092 1451 4157 Lege
1483 4103 1650 4153 segm.
1684 4086 1785 4138 125
1817 4089 1865 4141 b.

407 4156 495 4227 81)
554 4157 1030 4211 Pulchritudiuem.
1081 4156 1265 4212 Graeca
1318 4156 1508 4226 plurali
1583 4173 1804 4210 numero
1849 4177 1864 4212 :

565 4227 773 4297 Eodem
824 4227 983 4280 modo
1039 4225 1465 4297 Clirysostomus
1513 4228 1563 4279 in
1624 4228 1870 4281 oratione

311 4296 481 4366 ptima
518 4307 706 4366 contra
744 4296 1015 4350 Auomwos
1064 4296 1204 4350 anno
1243 4297 1345 4350 586
1388 4296 1564 4349 habita
1599 4300 1784 4366 (tom.
1830 4298 1869 4360 I,

315 4365 433 4435 pag.
468 4365 604 4434 448)
660 4367 832 4436 inquit
860 4385 873 4421 :
910 4366 1114 4419 Κιόνων
1135 4366 1322 4436 κάλλη.
1344 4368 1393 4419 id
1423 4377 1520 4420 est:
1543 4383 1561 4415 ι
1585 4365 1870 4421 Columna-

315 4451 433 4490 rum
462 4436 934 4498 pulchritudinem.
975 4455 993 4487 ι

1980 1921 2286 1992 ἁμαρτίαν,
2338 1922 2432 1973 καὶ
2479 1922 2698 1991 ποιῆσαι
2742 1924 2933 1975 πατεῖν
2976 1923 3162 1976 ἐπάνω
3215 1923 3397 1991 ὄφεων
3453 1926 3540 1976 καὶ

1980 2011 2252 2081 σκορπίων
2273 2050 2287 2075 ,
2319 2012 2413 2064 καὶ
2447 2013 2539 2064 ἐπὶ
2567 2014 2744 2065 πᾶσαν
2782 2014 2878 2084 τὴν
2922 2014 3147 2084 δύναμιν
3173 2016 3266 2068 τοῦ
3322 2016 3538 2087 ἐχθροῦ,

1979 2103 2094 2173 ἅμα
2117 2102 2172 2156 δὲ
2194 2104 2288 2155 καί
2321 2102 2527 2167 διδάξαι
2573 2102 2799 2167 πάντας,
2848 2104 2946 2175 τὴν
2990 2106 3411 2174 παλιγγενεσίαν
3456 2108 3542 2158 ἁν-

1978 2193 2212 2265 θρώποις
2236 2190 2371 2248 εἶναι
2401 2195 2671 2267 σωτηρίαν
2689 2212 2703 2226 '
2733 2196 2914 2266 παρῆν
2938 2197 2996 2249 τὸ
3026 2196 3248 2266 Πνεῦμα
3269 2197 3334 2250 τὸ
3368 2198 3537 2265 ἅγιον,

1975 2284 2049 2348 ὡς
2073 2286 2101 2337 6
2131 2285 2340 2358 Πατήρ.
2379 2286 2436 2338 ’0
2482 2288 2578 2357 μὲν
2615 2286 2725 2359 γὰρ
2767 2287 2826 2352 ἐξ
2860 2288 3102 2360 οὐρανῶν
3144 2286 3449 2361 ἐμαρτύρει
3476 2292 3539 2362 τῇ

1980 2483 2175 2538 Norisii
2204 2498 2325 2552 pag.
2359 2484 2480 2539 825.
2513 2485 2827 2553 Quanquam
2861 2485 3003 2539 baud
3033 2485 3165 2539 satis
3194 2484 3372 2549 video,
3408 2500 3539 2551 quo-

1977 2554 2135 2607 modo
2167 2555 2427 2608 catholica
2464 2555 2530 2608 de
2562 2566 2778 2619 peccato
2805 2555 3050 2623 originali
3080 2555 3323 2608 doctrina
3351 2560 3533 2610 conci-

1975 2624 2136 2677 lietur
2176 2640 2295 2677 cum
2344 2625 2583 2677 doctrina
2618 2626 2682 2679 de
2722 2627 3016 2677 animarum
3061 2625 3489 2690 praecessistentia
3519 2669 3532 2690 ,

1972 2703 2027 2746 et
2084 2694 2318 2762 antiquis
2373 2694 2609 2762 lapsibus
2666 2696 2896 2746 admissa
2949 2697 3015 2747 ab
3065 2694 3318 2762 Origene,
3379 2713 3395 2745 ι
3448 2699 3532 2760 qui

1975 2764 2239 2832 prieterita
2280 2764 2332 2816 in
2386 2764 2568 2825 caelis,
2608 2774 2660 2819 et
2700 2765 2914 2833 antiqua
2976 2763 3355 2833 delictaﬂsolvi
3404 2766 3535 2819 dicit

1974 2833 2026 2903 in
2081 2834 2382 2903 baptismo,
2440 2851 2459 2885 ι
2507 2844 2564 2886 ιιι
2614 2837 2678 2887 de
2722 2832 2845 2900 ipso
2890 2833 3124 2903 loquitur
3172 2832 3531 2903 Hieronymus

1983 2901 2037 2954 in
2097 2902 2243 2956 calce
2284 2902 2620 2967 Dialogorum
2669 2917 2846 2956 contra
2900 2901 3230 2963 Pelagianos.
3268 2901 3530 2957 Scd‘tnito

1973 2981 2148 3027 tamus
2207 2970 2514 3039 Origenem.
2567 2973 2819 3043 Didymus
2887 2984 3069 3026 n0ster
3125 2975 3313 3040 dogma
3369 2975 3532 3025 hocce

1971 3044 2164 3108 saepius
2221 3043 2448 3104 indicat,
2503 3053 2558 3111 ut
2607 3054 2659 3094 et
2706 3044 2861 3104 paulo
2915 3053 3072 3103 ante,
3121 3052 3175 3096 et
3226 3057 3399 3111 segm.
3458 3043 3524 3096 36

1971 3128 2022 3176 a,
2066 3122 2122 3165 et
2153 3112 2255 3164 175
2288 3128 2339 3171 a,
2380 3123 2429 3166 et
2472 3110 2572 3165 179
2603 3112 2651 3163 b.
2685 3111 2822 3178 Quin
2857 3113 3018 3164 etiam
3070 3112 3195 3164 illud
3240 3115 3304 3163 ad
3357 3118 3531 3166 Versi-

1970 3180 2148 3234 culum
2191 3180 2256 3235 18
2293 3197 2413 3249 cap.
2442 3198 2473 3235 ι
2513 3180 2632 3236 Jobi
2682 3188 2827 3250 (pag.
2878 3181 2985 3235 256
3028 3181 3305 3250 catenzeia
3336 3181 3527 3234 lobum

1970 3265 1999 3301 a
2040 3250 2221 3305 Niceta
2268 3248 2539 3322 collecue)
2576 3248 2852 3318 proﬁtetur
2893 3252 3165 3322 Didymus.
3200 3268 3219 3301 ι
3260 3248 3394 3305 Vide
3433 3268 3528 3303 au-

1973 3321 2386 3393 tem_(iuquit),
2416 3323 2556 3388 quod
2598 3321 3013 3393 incumbentium
3052 3322 3405 3393 tentationutn
3438 3337 3524 3374 re-

1970 3391 2241 3459 cordatus,
2272 3391 2349 3443 ad
2370 3394 2595 3459 primam
2624 3392 2880 3444 malorum
2909 3406 3151 3451 causam,
3181 3391 3231 3442 id
3257 3400 3339 3442 est
3370 3406 3526 3443 man-

1969 3457 2078 3529 dati
2137 3457 2651 3529 transgressionem,
2704 3471 2759 3514 et
2796 3476 2857 3514 ex
2913 3460 3260 3526 corruptibne
3299 3476 3521 3527 genera-

1970 3528 2169 3582 tionem
2233 3528 2509 3593 recurrat;
2569 3545 2826 3597 uusquaut
2887 3538 3068 3583 tamen
3124 3540 3310 3581 contra
3365 3531 3520 3596 primi

1973 3598 2207 3653 hominis
2256 3600 2579 3653 creationem
2649 3601 2987 3667 indignanter
3043 3601 3307 3668 queritur.
3377 3599 3519 3654 Uteri

1971 3681 2100 3745 sero
2130 3678 2184 3721 et
2214 3669 2415 3745 ventris
2450 3669 2770 3745 intentionettt
2812 3669 3047 3731 faciens,
3085 3671 3223 3745 quod
3258 3670 3378 3745 vitm
3426 3669 3523 3722 bo-

1964 3739 2051 3806 jus
2083 3740 2479 3806 corruptionem
2512 3740 2869 3805 experiretur,
2924 3754 3083 3802 prave
3140 3739 3416 3791 existimat
3449 3756 3463 3791 :
3497 3758 3516 3789 ο

1981 3805 2171 3889 Ἡμεῖς
2204 3805 2337 3889 ⁸,γτξιρ
2374 3809 2700 3889 ,ἑαυτοῖςπῇ
2751 3808 3055 3889 παραϐάσει
3111 3808 3221 3889 τὴν,
3255 3806 3521 3887 ὀδυνηρὰν

1969 3877 2169 3949 ταύτην
2200 3877 2341 3949 ζωὴν
2371 3877 2905 3947 ὲπεισηγάγόμενίιιί
2935 3888 3041 3932 est:
3079 3896 3097 3927 ι
3122 3877 3522 3949 Ιμδιειιὶιιιιιος·

1942 3948 2228 4025 .ntetipsos
2272 3947 2367 4028 per
2393 3951 2867 4028 transgressionem
2907 3949 2956 3999 in
2989 3961 3341 4028 teruntnosaut
3377 3947 3519 4028 lianc

1972 4016 2132 4068 vitam
2165 4014 2513 4085 coniecimus.
2546 4014 2572 4068 ⁷»
2612 4018 2663 4070 In
2696 4018 3097 4069 commentariis
3132 4031 3253 4069 vero
3282 4018 3334 4066 iu
3377 4014 3517 4069 Psal-

1971 4100 2085 4137 tuos
2117 4088 2179 4137 ad
2217 4101 2357 4140 vers.
2379 4086 2410 4141 9
2442 4088 2626 4154 psalmi
2657 4103 2718 4140 cx
2750 4105 2761 4139 :
2789 4086 2876 4156 Τῷ
2899 4086 3062 4156 αὑτοῦ
3084 4085 3211 4153 γοῦν
3240 4087 3405 4155 τιμίῳ
3431 4087 3518 4139 αῖ-

1974 4170 2102 4222 ματι
2131 4156 2412 4227 (iuquit)...
2455 4155 2927 4227 ἐλυτρώθημενὲκ
2966 4155 3065 4227 τῆς
3105 4157 3519 4226 πατροπαραδὸ-

1969 4243 2061 4277 του
2096 4226 2440 4297 ἀναστροφῆς
2463 4226 2638 4296 ἡμῶν,
2664 4228 2712 4279 id
2747 4236 2830 4280 est
2861 4244 2913 4280 τι
2939 4226 3062 4291 Ejus
3096 4228 3251 4294 igitur
3282 4229 3519 4292 pretioso

1971 4298 2249 4363 sanguine.
2280 4336 2293 4350 .
2330 4335 2345 4350 .
2379 4298 2633 4365 redempti
2664 4312 2850 4349 sumus
2876 4312 2904 4347 a
2936 4296 3279 4365 subversione
3310 4306 3515 4361 nostra,

1970 4380 2089 4432 quae
2141 4381 2169 4417 a
2225 4376 2374 4432 patre
2429 4363 2612 4419 nostro
2656 4367 2859 4418 Adamo
2906 4367 3059 4417 nobis
3114 4363 3273 4418 veluti
3323 4367 3515 4418 tradita

1972 4445 2071 4488 est.
2122 4453 2140 4486 ι
2182 4435 2403 4489 Demum
2449 4436 2502 4488 in
2537 4435 2674 4488 libro
2713 4437 2830 4488 adv.
2888 4435 3201 4503 Manio/tatas
3239 4449 3357 4503 pag.
3389 4435 3513 4490 ‘209:

394 4506 505 4575 (82)
546 4504 852 4559 Draconem.
897 4506 1025 4559 Vide
1060 4504 1284 4575 Jobe,
1328 4503 1530 4569 18-20,
1582 4505 1669 4559 ubi
1710 4506 1863 4575 Vulg.
1899 4503 1941 4556 D
1975 4522 1993 4554 ι
2062 4502 2116 4558 Si
2166 4520 2359 4572 corpus
2403 4521 2469 4560 ex
2524 4507 2663 4559 coitu
2723 4506 3037 4572 sumpsisset
3088 4502 3514 4573 (Dominus),..

314 4576 528 4645 qttidetn
584 4578 847 4643 interpres
885 4578 1065 4636 habet,
1112 4595 1129 4626 ι
1162 4574 1474 4637 Leviatbau,
1513 4592 1532 4624 ι
1562 4577 1654 4627 sed
1686 4574 1866 4630 Grzcca

313 4649 497 4709 editio,
529 4645 816 4715 δράκοντα,
855 4647 905 4699 id
938 4655 1019 4698 est
1050 4665 1068 4696 ι
1107 4647 1426 4698 draconem:
1452 4660 1613 4715 aqua
1641 4647 1870 4701 dictione

320 4712 639 4786 tAdiabolum
689 4735 707 4767 ι
746 4731 886 4786 Stcpe
924 4716 1188 4784 designari
1241 4716 1396 4767 docet
1447 4712 1703 4783 Didymus
1749 4731 1869 4786 pag.

317 4784 418 4838 125
448 4796 650 4839 catenae
682 4786 736 4839 in
774 4783 990 4837 Jobum.

390 4854 500 4924 (85)
536 4854 602 4907 in
625 4859 793 4925 aquis.
843 4854 1031 4925 Allinia
1066 4859 1189 4925 sunt
1211 4867 1330 4921 qua:
1359 4852 1593 4925 dictavit;
1616 4852 1869 4925 Didymus

314 4917 599 4992 ad'psaltni
666 4917 830 4978 ἰχλιιι
891 4920 1206 4992 versiculum
1230 4917 1309 4977 ’15
1341 4940 1353 4975 :
1387 4922 1498 4984 Τὰς
1527 4917 1627 4992 γοῦν
1673 4917 1869 4986 πολλὰς

311 4990 428 5046 τῶν
454 4993 758 5064 δρακόντων
800 4993 894 5046 καὶ
935 4990 1027 5064 τοῦ
1056 4990 1345 5064 δράκοντος
1380 4991 1620 5059 κεφαλὰς
1659 4995 1750 5064 επὶ
1776 4993 1865 5045 τοῦ

314 5011 419 5046 των
454 5008 758 5064 ορακοντων
800 5008 894 5046 και
935 5008 1027 5043 του
1056 5008 1085 5043 ο
1126 5008 1345 5054 ακοντος
1380 5008 1620 5059 κεφαλας
1659 5008 1750 5045 επι
1776 5009 1860 5045 του

314 5064 844 5136 ὓδατος-συνέτριψεν
884 5064 911 5115 6
959 5008 1169 5136 Σωτίῗρ.
1205 5064 1269 5116 Ει
1300 5078 1488 5136 paucis
1521 5060 1860 5136 interjcctis:

314 5135 447 5187 Καθ’
486 5129 559 5188 ὧν
594 5129 905 5204 ἐνεργοῦσιν
931 5129 1308 5204 οἰᾼδράκοντες,
1344 5133 1436 5184 καὶ
1467 5133 1494 5183 6
1532 5131 1752 5204 τούτων,
1792 5131 1866 5204 ὡς

312 5205 654 5275 γέγραπται,
684 5200 943 5275 ⁷ἔξαρχος,
967 5200 1275 5275 βασιλεύων
1310 5204 1365 5254 ἐν
1407 5200 1721 5275 τοίςῌῦδασι
1768 5202 1861 5257 καὶ

310 5271 599 5344 διατρίϐων
637 5275 696 5325 ὲν
742 5271 811 5344 τῇ
836 5271 1110 5341 θαλάσσῃ.
1155 5275 1208 5344 Ιιί
1258 5281 1343 5344 est
1382 5288 1397 5326 :
1450 5290 1469 5322 ι
1520 5271 1681 5324 Multa
1737 5287 1864 5344 ergo

311 5343 641 5406 draconum,
695 5353 750 5396 et
786 5343 1046 5396 draconis
1098 5343 1272 5410 capita
1328 5343 1379 5394 in
1426 5356 1562 5411 aqua
1608 5343 1863 5394 contrivit

308 5413 625 5467 Salvator...
675 5412 869 5466 Contra
932 5426 1063 5478 quos
1111 5421 1402 5479 Oper-antur
1462 5416 1756 5469 dracones.
1809 5420 1863 5463 et

309 5497 493 5535 eorum
523 5484 809 5545 exarclms,
840 5490 898 5535 ιιι
929 5480 1201 5547 Scriptura
1239 5482 1493 5550 loquitur,
1535 5494 1763 5547 regnans
1806 5481 1859 5533 in

310 5554 487 5621 aquis,
518 5557 795 5621 etuttegens
829 5552 880 5604 iu
924 5551 1078 5604 mari.
1115 5569 1134 5601 ι

384 5622 496 5692 (893)
562 5617 719 5674 Vetus
769 5632 1048 5689 peccatum.
1110 5623 1185 5673 lin
1232 5630 1511 5692 peccatum
1566 5617 1855 5688 originale,

313 5691 454 5757 quod
498 5692 563 5742 ab
607 5692 834 5755 Origene
882 5692 1043 5744 etiam
1087 5692 1375 5743 admissum
1429 5691 1594 5743 fuisse
1637 5699 1858 5757 conten-

316 5755 447 5814 ‘dunt
484 5760 750 5815 Ballet'inii
790 5760 979 5817 fratres
1006 5760 1300 5817 doctissimi
1340 5770 1469 5816 tom.
1520 5757 1584 5813 IV
1624 5755 1855 5826 Operam

1973 4576 2309 4628 existimatus
2341 4584 2395 4628 et
2447 4577 2559 4643 ipse
2600 4575 2787 4628 fuisset
2833 4576 2904 4628 illi
2955 4582 3174 4640 peccato
3226 4574 3513 4638 obnoxius,

1971 4646 2055 4697 cui
2101 4660 2322 4708 onmes,
2366 4647 2453 4713 qui
2498 4660 2561 4697 ex
2605 4644 2812 4698 Adamo
2862 4645 3121 4765 originem
3160 4646 3383 4703 ducunt,
3423 4660 3517 4712 per

1971 4717 2363 4765 successionem
2415 4716 2630 4765 obnoxii
2685 4724 2827 4765 sunt.
2868 4733 2886 4763 ι
2983 4727 3090 4764 tror
3144 4712 3325 4765 itaque
3363 4714 3511 4765 Jaco-

1970 4712 2630 4768 soccessionem’obnoxii
2685 4724 2827 4767 sunt.
2868 4733 2886 4763 ι
2926 4712 3090 4765 Miror
3144 4712 3325 4778 itaque
3363 4714 3511 4766 Jaco-

1970 4784 2093 4836 bum
2124 4782 2445 4852 Basnaginm
2483 4785 2533 4835 itt
2569 4782 3137 4837 Animadversiouibus
3165 4784 3228 4834 ad
3255 4784 3397 4835 hunc
3429 4782 3513 4833 Di-

1969 4854 2111 4922 dymi
2141 4855 2333 4906 librum
2367 4864 2470 4907 tom
2504 4852 2522 4904 ι
2551 4853 2715 4922 ίιιεειι.
2745 4854 2940 4920 antiqq.
2984 4853 3179 4922 Cattisii
3230 4866 3353 4919 pag.
3391 4852 3511 4916 199,

1967 4920 2079 4976 hinc
2108 4924 2386 4990 scripsisse
2420 4940 2433 4978 :
2481 4940 2499 4972 ι
2544 4921 2827 4976 Peccatum
2870 4920 3131 4988 originale
3168 4936 3402 4990 negasse
3438 4925 3517 4972 vi-

1968 4993 2120 5045 detur
2152 4988 2475 5062 Diitymnsin
2498 4994 2634 5047 libro
2663 4995 2904 5062 adversus
2935 4990 3308 5042 Mauichwos.»
3360 4988 3509 5044 Nulla

1967 5071 2144 5115 autem
2177 5060 2279 5115 alia
2318 5067 2523 5116 ratione
2574 5064 2816 5114 innititur
2854 5060 3171 5124 Basnagius,
3197 5076 3356 5127 quam
3390 5063 3509 5123 ista,

1966 5134 2105 5199 quod
2135 5146 2326 5200 nempe
2355 5134 2439 5184 illa
2470 5132 2617 5186 Pauli
2660 5136 2842 5194 verba,
2887 5147 2905 5181 ι
2966 5140 3151 5181 natura
3197 5131 3288 5180 tibi
3325 5131 3449 5193 iraa,
3488 5150 3507 5178 ι

1965 5203 2042 5253 sic
2062 5202 2289 5269 explicat
2320 5202 2595 5272 Didymus,
2626 5212 2681 5255 ut
2702 5200 2881 5269 φύσει,
2912 5214 3001 5253 seu
3041 5217 3058 5249 ι
3092 5211 3335 5263 natura,»
3377 5202 3507 5250 idem

1964 5272 2033 5322 sit
2058 5284 2120 5323 ac
2153 5287 2172 5321 ι
2203 5285 2345 5325 vere.
2385 5289 2404 5322 ι
2448 5273 2518 5325 At
2548 5287 2652 5325 non
2683 5274 2783 5323 alia
2817 5275 2881 5324 de
2907 5284 3067 5322 causa
3096 5284 3214 5321 eam
3248 5272 3505 5335 interprev

1968 5340 2217 5395 tationem
2254 5342 2530 5406 amplexus
2573 5351 2655 5395 est
2704 5342 2979 5407 theologus
3011 5348 3214 5403 noster,
3265 5353 3421 5407 quam
3456 5347 3510 5389 tit

1963 5407 2268 5465 Matticltwis
2330 5408 2479 5464 Pauli
2535 5419 2679 5465 textu
2736 5409 3097 5471 abutentibus,
3157 5417 3211 5460 et
3266 5417 3507 5461 naturain

1967 5497 1984 5528 ι
2020 5494 2112 5547 per
2138 5495 2195 5534 se
2236 5482 2430 5533 malam
2462 5499 2481 5532 ι
2517 5495 2637 5534 esse
2660 5479 3111 5533 contendentibus
3139 5492 3257 5532 sese
3287 5476 3507 5528 validius

1959 5560 2272 5617 Opponeret,
2309 5554 2433 5605 dum
2478 5551 2743 5603 neminem
2787 5567 2805 5599 ι
2837 5558 3026 5602 natura
3073 5565 3091 5599 ι
3132 5548 3329 5601 malum
3367 5559 3505 5617 ease.

1958 5625 2050 5671 sed
2079 5636 2097 5670 ι
2137 5636 2201 5673 ex
2236 5622 2531 5677 mutatione
2564 5620 2749 5675 libera:
2782 5617 3069 5673 voluntatis
3106 5634 3127 5671 ι
3170 5618 3367 5671 malum
3394 5616 3505 5669 ﬁeri

1958 5690 2200 5747 ducebat.
