3732 6364
184 371 273 427 685

1145 361 1231 414 DE
1268 359 1641 414 TRINITATE
1681 360 1875 415 LIBER
1918 358 2300 416 SECUNDUS.

3246 367 3351 424 686

177 479 444 552 γνησιότητι
475 474 563 530 τοῦ
593 473 790 528 οἰκείου
836 473 1015 524 τόκου·
1042 471 1104 524 τὸ
1149 470 1206 524 δὲ
1234 472 1387 540 ἅγιον
1427 470 1650 542 Πνεῦμα
1675 512 1684 534 ,

1847 486 1910 537 es,
1953 486 2016 526 ac
2050 487 2236 541 .supra
2264 486 2477 526 omnem
2529 471 2731 528 inimici
2781 482 3102 543 potestatem
3156 481 3349 533 anzim—

177 569 482 641 ἁνοιχθέντων
528 565 701 633 αὐτῷ,
761 563 838 627 ὡς
886 562 1094 633 βασιλεῖ
1133 562 1224 616 καὶ
1281 562 1536 632 ἀνωτέρω
1592 563 1690 631 τῆς

175 662 381 731 ἀγγέλων
402 658 602 727 φύσεως
640 657 784 719 ὖντι,
812 655 920 707 τῶν
952 654 1214 725 οὐρανῶν,
1275 654 1550 715 κατελθὸν,
1583 655 1686 708 ἐπα

174 758 331 827 ἐμενεν
370 752 453 803 ἐπὶ
489 750 576 803 τὸν
622 749 748 801 Υὶυὸν
789 748 883 800 τοῦ
925 746 1081 800 Θεοῦ.
1107 747 1274 816 Φησὶν
1300 747 1408 818 γάρ
1432 764 1445 776 ο
1486 766 1505 797 ι
1560 747 1689 801 Ἰδοὺ

174 844 477 914 ἀνεῴχθησαν
503 842 550 893 oi
571 841 807 911 οὐρανοὶ,
843 839 935 893 καὶ
969 838 1077 892 ἴδον
1099 839 1159 891 τὸ
1179 838 1400 908 Πνεῦμα
1428 837 1520 891 τοῦ
1554 839 1689 891 Θεοῦ

175 937 454 992 καταϐαῖνον
499 934 569 995 ὠς
610 929 955 1002 περιστεράν.
999 947 1016 980 ι
1047 926 1174 999 [119
1222 926 1278 999 a]
1305 927 1433 980 Νόει
1483 922 1596 990 οὖν,
1641 927 1692 979 τί

172 1032 290 1081 ἐστιν
319 1027 372 1079 τὺ
411 1026 556 1092 ἀγιον
592 1021 835 1092 Πνεῦμα,
871 1021 965 1074 ἆτε
1002 1020 1095 1072 τὸν
1127 1018 1317 1072 ἑαυτοῦ
1347 1018 1490 1083 ναὸν,
1523 1020 1688 1089 ἡμᾶς,

171 1119 230 1188 τῷ
261 1117 443 1185 ὑψίστῳ
472 1112 589 1183 Θεῷ
620 1112 1051 1181 συγκαθεσθῆναι
1070 1151 1085 1174 ,
1118 1111 1213 1165 καὶ
1246 1110 1687 1180 συνὼξασθῆναι,

168 1209 243 1259 καὶ
268 1202 672 1275 σομδασιλεῦσαι
716 1204 894 1264 ποιεῖ,
921 1202 1014 1254 καὶ
1035 1202 1125 1254 ὅτε
1161 1199 1312 1271 μένει
1347 1201 1439 1253 ἐπὶ
1467 1200 1558 1252 τὸν
1591 1218 1688 1271 μο-

170 1299 325 1365 νογενῆ
361 1298 516 1348 Θεόν·
563 1295 656 1347 καὶ
701 1296 751 1346 εἰ
806 1293 967 1356 ὁσίως
1014 1291 1265 1359 λέγουσιν
1313 1291 1581 1361 αἱρετικοὶ
1615 1290 1690 1362 μὴ

168 1386 546 1457 συγκαθέζεσθαι
609 1387 762 1452 αὐτὸ,
822 1387 915 1439 καὶ
976 1384 1506 1456 συμπροσκυνεϊσθαι
1530 1424 1545 1447 ,
1596 1384 1689 1437 καὶ

169 1479 532 1550 συμϐασιλεύειν
570 1477 650 1548 τῷ
690 1477 807 1549 Θεῷ
833 1479 1028 1548 Πατρί.
1069 1477 1159 1547 Μὴ
1198 1477 1399 1547 ὁμοίως
1425 1476 1483 1529 δὲ
1513 1475 1688 1546 ἡμῶν,

164 1574 250 1625 τῶν
276 1570 511 1631 κτιστῶν,
553 1570 651 1624 καὶ
678 1572 736 1622 ἐν
766 1569 1000 1639 τοσαύτῃ
1033 1568 1253 1636 ἀγαθῶν
1275 1566 1452 1639 ἔργων
1485 1566 1687 1637 γυμνό-

165 1681 261 1734 τητι
276 1661 553 1734 τηλικαῦτα
577 1661 927 1726 ἐλπιζόντων,
950 1658 1164 1730 νοηθείη
1204 1659 1264 1712 τὸ
1286 1658 1439 1727 ἆγιον
1460 1656 1690 1729 Πνεῦμα

163 1752 237 1805 τοῦ
274 1752 394 1804 Θεοῦ
444 1751 908 1819 συγκαθέζεσθαι,
958 1751 1051 1803 κα)⁸
1100 1746 1551 1812 συνδοξὰζεσθαι,
1593 1746 1689 1800 καὶ

1795 563 1903 617 lare
1931 563 2062 632 (85),
2098 573 2259 633 atque
2291 564 2405 617 hazc
2447 565 2625 617 omnia
2672 565 2993 621 conculcare
3043 583 3142 623 nos
3190 570 3353 626 facie-

1794 655 1918 717 bat;
1960 661 2015 706 et
2036 652 2158 706 dum
2202 651 2358 705 simul
2404 652 2628 706 docebat
2670 667 2882 718 omnes,
2923 654 3217 709 salutarem
3256 658 3354 712 ho-

1798 746 2033 800 minibus
2101 761 2220 800 esse
2281 746 2811 814 regenerationem:
2863 747 3052 802 aderat
3119 747 3355 817 Spiritus

1792 846 2011 890 sanctus
2066 837 2192 891 item
2238 845 2296 889 ut
2341 836 2542 890 Pater:
2574 837 2659 892 hic
2711 839 2855 892 enim
2887 853 2918 894 e
2948 839 3102 895 ctelis
3136 843 3355 911 proprio

1793 928 1928 983 Filio
1962 930 2333 984 testimonium
2362 930 2698 998 perhibebat,
2727 948 2789 988 ac
2810 949 2931 988 eum
2960 949 3144 989 verum
3180 946 3235 990 et
3262 951 3355 1007 ge-

1795 1018 2017 1072 nuinum
2050 1034 2172 1073 esse
2223 1020 2651 1084 testiﬁcabatur;
2684 1022 2916 1091 Spiritus
2954 1039 3085 1080 vero
3109 1036 3354 1091 sanctus.

1793 1109 1996 1176 apertis
2042 1109 2139 1163 sibi
2190 1109 2342 1165 caelis
2371 1118 2429 1163 ut
2462 1110 2593 1179 regi,
2633 1120 2685 1164 et
2707 1125 2869 1180 supra
2902 1112 3214 1182 angelorum
3260 1129 3355 1167 na-

1794 1209 1967 1254 turam
1989 1202 2294 1265 exsistenti,
2338 1202 2669 1257 descendens
2695 1203 2948 1257 manebat
2970 1218 3130 1274 supra
3161 1204 3356 1259 Filium

1795 1291 1907 1345 Dei.
1941 1292 2195 1345 Aiteuim
2245 1292 2566 1361 Scriptura:
2607 1312 2624 1345 ι
2655 1294 2794 1349 Ecce
2847 1294 2958 1364 (86)
3014 1295 3184 1364 aperti
3232 1305 3357 1350 sunt

1795 1382 1941 1447 caeli,
1974 1392 2028 1436 et
2054 1383 2305 1437 viderunt
2337 1384 2599 1452 Spiritum
2632 1384 2723 1439 Dei
2769 1385 3179 1439 descendentem
3208 1388 3351 1440 sicut

1795 1474 2115 1527 columbam.
2133 1494 2151 1526 ι
2177 1474 2473 1529 Considera
2498 1491 2625 1545 ergo
2654 1485 2816 1546 atque
2839 1477 3094 1547 iutellige,
3135 1477 3262 1547 quid
3278 1479 3353 1533 sit

1795 1564 2031 1635 Spiritus
2062 1577 2302 1631 sanctus,
2334 1567 2457 1637 (87):
2479 1570 2571 1637 qui
2602 1584 2756 1623 suum
2789 1569 2957 1637 ipsius
2987 1570 3267 1637 templum,
3301 1570 3355 1623 id

1792 1663 1875 1709 est
1901 1671 2019 1724 nos,
2048 1673 2167 1711 cum
2197 1659 2462 1713 altissimo
2505 1660 2612 1715 Deo
2651 1660 2967 1726 consedere,
2999 1671 3053 1716 et
3083 1662 3356 1732 congloric

1796 1746 1967 1809 ﬁcari.
2018 1758 2072 1802 et
2110 1763 2444 1821 conregnare
2498 1751 2647 1816 facit,
2700 1762 2756 1807 et
2808 1768 2970 1821 super
3024 1755 3356 1823 unigenitum

165 1841 533 1912 ωμῦασιλεύειν
564 1842 646 1912 τῷ
685 1841 822 1912 Θεῷ·
848 1841 960 1895 ἀλλ’
989 1841 1064 1905 ὡς
1107 1838 1333 1909 Πνεῦμα
1370 1837 1567 1900 αὑτοῦ,
1593 1838 1684 1891 καὶ

1847 1858 1953 1897 eum
1975 1855 2187 1899 manet:
2208 1860 2271 1899 ac
2292 1846 2432 1910 vide,
2452 1861 2580 1900 num
2603 1847 2747 1915 pium
2771 1858 3125 1917 sanctumque
3141 1849 3198 1903 lit
3216 1850 3358 1919 quod

163 1936 290 2003 φύσει
309 1935 429 1999 Θεὸς
450 1936 541 1988 καί
566 1934 847 1997 Βασιλεὺς.
871 1934 963 1986 καὶ
986 1933 1169 1995 ἀϊδίως
1197 1929 1688 2001 συγκαθεζόμενος,

163 2030 238 2081 καὶ
272 2028 466 2099 πλήρης
493 2028 761 2098 ἀχράντου
791 2026 947 2096 δόξης
999 2025 1278 2096 ὑπάρχων.
1322 2025 1382 2077 υἱ
1419 2022 1529 2093 γὰρ
1575 2039 1691 2075 κτι-

164 2120 271 2184 arci,
292 2120 421 2172 κατά
465 2119 626 2188 χάριν
661 2117 796 2187 μετά
833 2116 931 2188 τὴν
969 2117 1265 2171 ἀνάστασιν
1298 2114 1501 2168 τούτων
1527 2115 1691 2181 ἀξιω-

164 2211 406 2281 θήσονται,
452 2209 815 2271 ἀπολαύοντες
853 2208 958 2262 τῶν
1008 2207 1228 2276 ἀγαθῶν
1266 2207 1363 2278 τῆς
1408 2206 1651 2277 βαιλείας
1674 2248 1688 2271 ,

162 2304 241 2355 οὐκ
259 2303 395 2366 ὄντες
416 2303 470 2356 δὲ
496 2302 757 2373 βασιλεῖς.
783 2297 934 2355 Οἶδεν
958 2301 1065 2373 γὰρ
1097 2302 1130 2373 ἡ
1156 2300 1367 2372 Γραφὴ,
1397 2300 1564 2373 ἄλλην
1590 2300 1692 2371 μὲν

162 2394 280 2463 ἡλίου
323 2394 492 2460 δόξαν,
533 2394 703 2463 ἀλλην
748 2393 804 2446 δὲ
853 2392 1081 2463 σελήνης
1130 2393 1223 2445 καὶ
1276 2391 1549 2463 ἀστέρων’
1595 2391 1691 2443 καὶ

162 2487 327 2541 τούτων
346 2487 501 2540 πάλιν
522 2486 781 2555 διάφορον
802 2483 977 2549 δόξαν.
1009 2501 1027 2534 t
1071 2483 1269 2554 Ἀστὴρ
1292 2482 1422 2553 γὰρ,
1458 2501 1476 2533 ι
1504 2482 1691 2553 φησὶν,

166 2597 181 2629 ι
205 2581 406 2650 ἀστέρος
427 2579 674 2649 διαφέρει
701 2580 757 2631 ὲν
782 2576 926 2650 δόξῃ.
942 2595 960 2628 ι
986 2575 1097 2629 Καὶ
1120 2576 1149 2628 ὁ
1171 2573 1445 2645 ὀφθαλμὸς
1465 2574 1558 2627 τοῦ
1589 2575 1693 2627 σώ-

165 2690 301 2741 ματος
346 2673 449 2726 τῶν
472 2674 652 2728 ἄλλων
682 2671 857 2742 μελῶν
888 2669 1210 2741 τιμιώτερός
1266 2670 1402 2722 ἐστι·
1432 2668 1571 2740 πλὴν
1599 2668 1693 2722 καὶ

162 2766 291 2829 αὐτὸς
330 2766 479 2837 σῶμά
526 2768 708 2819 ἐστιν·
749 2763 889 2817 ὥστε
931 2762 1183 2816 τοσοῦτον
1216 2763 1363 2832 ἡμᾶς
1408 2761 1688 2814 ἀνακαινι-

164 2856 348 2919 σθέντας
404 2857 505 2926 τῆς
576 2856 730 2918 θείας
772 2854 1062 2909 ἀπολαύειν
1094 2852 1423 2922 οἰκειότητος
1447 2891 1462 2914 ,
1500 2851 1622 2903 ὅσον
1652 2852 1686 2920 ή

161 2948 237 3015 τῆς
261 2948 515 3020 ἡμετέρας
544 2947 761 3018 φύσεως
801 2946 1070 3016 ἐνδέχεται
1099 2945 1328 3015 δύναμις
1350 2984 1364 3007 ,
1396 2941 1578 3006 καθὼς
1606 2941 1693 2993 λέ-

161 3054 333 3103 γουσιν.

1797 1939 1949 1992 aiunt
1978 1938 2240 2002 haeretici,
2277 1938 2452 2009 ipsum
2485 1940 2646 1994 simul
2685 1955 2789 1994 non
2831 1941 3039 2008 sedere,
3071 1957 3169 1996 nec
3199 1943 3358 1996 simul

1798 2030 2029 2095 adorari,
2061 2045 2161 2085 nec
2182 2030 2342 2085 simul
2378 2045 2609 2101 regnare
2639 2047 2761 2086 cum
2808 2033 2915 2087 Deo
2963 2031 3145 2087 Patre.
3191 2031 3359 2088 Nemo

1796 2130 1976 2175 autem
2010 2129 2178 2189 putet,
2216 2131 2462 2176 sanctum
2497 2121 2591 2175 Dei
2633 2123 2895 2192 Spiritum
2923 2138 3047 2177 cum
3081 2123 3192 2178 Deo
3220 2138 3354 2178 con-

1798 2212 2005 2273 sedere,
2046 2221 2101 2266 et
2142 2211 2564 2279 couglorilicari,
2617 2222 2672 2268 et
2714 2228 3043 2284 conregnare
3081 2229 3147 2270 eo
3180 2214 3357 2278 modo,

1798 2316 1905 2370 quo
1941 2317 2060 2367 nos,
2109 2304 2201 2371 qui
2236 2302 2459 2358 increati
2506 2288 2610 2358 non
2656 2318 2863 2370 sumus,
2915 2315 3077 2375 atque
3116 2307 3170 2361 in
3210 2315 3359 2361 tanta

1796 2395 2056 2448 bonorum
2108 2410 2332 2463 operum
2376 2396 2619 2451 nuditate
2670 2396 2819 2461 talia,
2866 2413 2929 2451 ac
2968 2408 3075 2452 tam
3103 2399 3360 2454 sublimia

1797 2497 2107 2553 speramus;
2151 2500 2275 2538 nam
2314 2486 2582 2549 considet,
2629 2486 3084 2556 conglorilicatur,
3134 2500 3191 2543 et
3233 2504 3363 2544 con-

1798 2584 1984 2643 regnat
2035 2590 2156 2629 cum
2198 2576 2306 2632 Deo
2342 2586 2402 2631 ut
2433 2576 2666 2647 Spiritus
2705 2576 2841 2644 eius,
2888 2587 2948 2631 ut
2979 2589 3170 2633 natura
3193 2580 3355 2647 Dens,

1797 2676 1855 2720 ut
1888 2665 2021 2731 Rex,
2069 2675 2127 2720 ut
2160 2666 2228 2721 ab
2267 2676 2467 2722 aeterno
2508 2670 2818 2732 considens,
2850 2678 2909 2722 ut
2944 2669 3133 2735 plenus
3179 2671 3357 2727 incor-

1801 2767 1953 2827 rupta
2011 2768 2173 2827 atque
2225 2759 2571 2815 immaculata
2619 2762 2810 2832 gloria.
2865 2762 2966 2830 Qui
3017 2764 3159 2818 enim
3191 2764 3361 2820 creati

1797 2859 1943 2914 sunt,
1976 2850 2051 2904 illi
2077 2866 2172 2918 per
2202 2852 2433 2922 gratiam
2482 2853 2597 2908 haec
2645 2863 3043 2924 consequentur
3093 2866 3213 2926 post
3262 2872 3352 2911 re-

1799 2943 2190 2998 surrectionem
2224 2944 2358 3014 (88),
2405 2946 2497 2999 sed
2530 2947 2601 2999 ita
2647 2956 2707 3000 ut
2750 2948 2896 3016 regni
2944 2948 3161 3016 quidem
3200 2948 3360 3004 bonis

1801 3032 2017 3087 fruituri
2070 3035 2199 3099 sint,
2255 3050 2407 3105 reges
2460 3051 2585 3092 vero
2635 3036 2797 3092 futuri
2848 3054 2952 3092 non
3011 3040 3141 3094 sint.
3193 3040 3355 3095 Novit

160 3150 357 3205 namque
402 3135 686 3205 Scriptura
718 3133 877 3188 aliam
904 3146 1027 3187 esse
1069 3131 1197 3186 solis
1259 3129 1506 3199 gloriam.
1582 3127 1633 3181 id
1698 3135 1780 3183 est
1818 3127 2143 3193 claritatem,
2197 3130 2356 3185 aliam
2416 3131 2575 3199 lunai,
2628 3142 2789 3202 atque
2830 3134 3147 3191 stellarum:
3194 3147 3250 3192 et
3275 3138 3361 3192 his

161 3240 316 3281 rursus
364 3228 609 3283 eamdem
657 3242 762 3281 non
819 3240 939 3280 esse
989 3225 1214 3294 gloriam
1245 3240 1259 3276 :
1300 3240 1319 3274 ι
1342 3221 1506 3277 Stella
1562 3220 1672 3291 (89)
1712 3220 1875 3284 enim,
1917 3238 1936 3271 ι
1961 3222 2155 3291 inquit,
2191 3241 2211 3274 ‹
2247 3238 2276 3276 a
2315 3224 2465 3278 stella
2495 3224 2672 3280 differt
2704 3225 2755 3278 in
2786 3226 2955 3295 gloria
2983 3243 2998 3291 ;
3024 3246 3043 3278 ι
3080 3236 3136 3281 et
3167 3244 3359 3299 corpo-

159 3317 219 3372 ris
254 3319 428 3374 oculus
453 3319 574 3375 aliis
611 3317 775 3388 259
814 3317 1071 3371 membris
1112 3316 1339 3370 nobilior
1381 3322 1492 3378 est;
1526 3320 1765 3367 attamen
1792 3327 1987 3382 corpus
2042 3323 2100 3368 et
2164 3316 2277 3384 ipse
2342 3326 2426 3371 est
2488 3316 2621 3387 (90).
2660 3317 2841 3387 Itaque
2907 3334 3003 3372 nos
3038 3318 3360 3389 baptismate

159 3412 367 3466 renovati
424 3413 608 3467 divina
682 3409 1044 3465 familiaritate
1112 3417 1316 3464 tantum
1396 3406 1663 3462 fruimur.
1703 3414 1963 3475 quantum
1993 3418 2196 3463 natura:
2259 3421 2467 3475 nostrae
2528 3411 2669 3465 vires
2730 3411 3250 3482 sinunt:quomodo
3282 3419 3360 3471 ait

160 3502 340 3571 quidam
363 3520 376 3555 :

251 3619 534 3673 Ὁππόσον
560 3618 811 3687 iuuier
847 3634 915 3671 κε
953 3616 1073 3683 Θεῷ
1110 3616 1280 3686 γένος
1316 3613 1587 3676 ἰσάζοιτο.

1721 3618 1766 3675 c
1870 3611 2132 3677 Quantum
2178 3610 2287 3679 (9i)
2343 3610 2558 3664 mortale
2598 3628 2755 3679 genus
2796 3612 2905 3666 Deo
2955 3616 3272 3684 wquiparari

2468 3690 2654 3749 potest.

157 3772 245 3824 Καὶ
266 3773 454 3844 Πέτρος
479 3773 777 3837 ἐκθειάζων
808 3772 869 3826 τὺ
905 3772 1203 3843 βάπτισμα,
1268 3771 1343 3834 ὡς
1382 3771 1515 3825 Θεοῦ
1546 3772 1684 3836 ὄντος

1847 3782 1861 3827 ι
1911 3771 2099 3826 Petrus
2149 3772 2413 3839 baptisma
2461 3774 2700 3826 divinum
2759 3789 2881 3827 esse
2937 3774 3157 3837 docens,
3219 3777 3346 3845 quia

156 3862 231 3914 τοῦ
252 3865 618 3930 ἀνακτίζοντος
667 3867 814 3935 ἡμᾶς
848 3865 1002 3933 ἁγίου
1050 3863 1382 3933 Πνεῦματος,
1410 3863 1695 3917 καθολικδν

154 3950 224 4005 διὰ
245 3955 330 4023 τῆς
357 3956 573 4026 πρώτης
611 3954 925 4025 Ἐπιστολῆς
950 3954 1251 4025 ὲξειρώνησε
1269 3956 1548 4026 κήρυγμα,
1576 3955 1694 4007 δια-

156 4046 343 4116 γορεῦον
387 4049 572 4101 ταυτί·
636 4067 654 4098 t
678 4046 1207 4117 Ἀναγεγεννημὲνοι,
1258 4047 1357 4100 οὐκ
1383 4048 1446 4100 ὲκ
1478 4048 1691 4117 σπορᾶς

157 4265 310 4388 15ςεὸ)
346 4268 648 4325 Ambulare.
689 4267 924 4337 Respicit
978 4267 1203 4324 fortasse
1230 4269 1361 4337 psal.
1409 4283 1496 4336 xc,
1526 4283 1668 4322 vers.

212 4406 309 4473 (86)
348 4407 498 4464 Ecce.
543 4409 735 4465 Matth.
769 4423 865 4472 ΙΙΙ,
906 4406 992 4461 16.
1042 4407 1210 4460 Biblia
1241 4407 1438 4462 habent
1466 4427 1481 4464 :
1514 4409 1686 4478 ἀνεῴ-

156 4474 329 4595 χθησαν
370 4479 539 4550 αὐτῷ,
578 4480 632 4533 id
662 4489 745 4531 est
788 4495 807 4527 ι
848 4478 1017 4557 aperti
1049 4487 1173 4530 sunt
1210 4478 1279 4532 ei.
1311 4497 1328 4529 ι
1400 4478 1507 4533 Pro
1575 4474 1681 4531 ἴδον
1714 4502 1758 4558 D

189 4549 326 4595 abem
364 4544 492 4595 εἶδε-
542 4552 597 4595 id
631 4559 713 4595 est
764 4565 783 4595 ι
821 4548 970 4595 thit.
1020 4567 1039 4595 ι
1080 4547 1145 4595 ΕΙ.
1201 4563 1297 4595 nrt)
1359 4548 1434 4595 ὡς
1487 4550 1684 4595 habent

170 4532 326 4666 ξδὺῗηι
364 4532 501 4615 εἶδε,⁸
528 4532 598 4604 id
631 4559 713 4603 est
764 4565 783 4598 ι
821 4532 970 4601 vidit.
1020 4567 1039 4599 ι
1080 4547 1145 4600 Et
1201 4563 1297 4617 pro
1359 4532 1459 4611 ὡς
1486 4532 1684 4604 habent

170 4631 243 4666 νσε
267 4657 280 4666 .

156 4630 243 4666 ωσε
250 4630 280 4668 ι.

215 4686 311 4752 (87)
349 4686 469 4752 Qui.
505 4688 711 4748 Codex,
743 4687 858 4740 ἆτε.
889 4686 1189 4756 Legendum
1220 4685 1448 4742 fortasse
1472 4689 1583 4742 ὅτε.

216 4756 311 4823 (88)
348 4757 465 4811 Post
495 4760 944 4813 resurrectionem.
990 4758 1113 4811 ltlco
1146 4758 1257 4812 haac
1295 4758 1476 4824 adjicit
1531 4760 1681 4813 theo-

160 4821 285 4889 logus
312 4839 505 4888 uoster.
540 4828 682 4894 quod
716 4830 1036 4881 sententiam
1069 4827 1209 4879 illam
1240 4821 1391 4880 Pauli
1429 4830 1679 4894 respiciat

160 4898 372 4961 Superius
409 4915 436 4950 a
462 4914 521 4950 se
550 4899 767 4949 allatam
801 4915 813 4948 :
846 4915 863 4947 t
906 4896 1371 4959 conresuscitavit,
1403 4906 1456 4950 et
1485 4912 1679 4950 conse-

160 4964 264 5016 dere
300 4968 417 5017 fecit
467 4970 516 5020 in
564 4968 915 5021 coelestibus:
954 4987 971 5018 ›
1020 4982 1127 5035 qua
1178 4982 1286 5019 rem
1326 4966 1556 5019 futuram
1589 4969 1682 5021 de-

162 5036 303 5087 notari
336 5037 435 5088 vult
463 5078 476 5099 ,
512 5037 724 5088 tametsi
758 5039 1013 5104 praeteriti
1056 5038 1311 5104 temporis
1340 5037 1518 5089 verbis
1552 5038 1676 5091 etle-

160 5113 302 5164 ratur,
336 5125 352 5155 ι
388 5108 785 5159 cousessioneut
824 5125 842 5157 ι
879 5122 1085 5175 nempe,
1115 5120 1232 5174 qum
1264 5106 1440 5159 futura
1468 5107 1536 5158 sit
1562 5117 1681 5175 post

164 5178 781 5248 ¢_conresuscitati0ttem.
815 5195 833 5225 ι
874 5177 1043 5248 Porro
1078 5185 1387 5248 sanctorum
1439 5176 1673 5239 animas,

158 5243 287 5316 simul
315 5258 373 5298 ac
405 5255 645 5316 purgata:
677 5248 812 5307 sint.
845 5255 973 5311 aut,
1002 5246 1045 5300 si
1088 5246 1227 5299 nulla
1254 5248 1526 5314 indigeant
1557 5261 1677 5312 pur-

159 5313 360 5384 gatione,
388 5313 570 5369 statim
613 5327 731 5384 post
760 5317 1051 5371 discessum
1090 5331 1121 5370 e
1146 5313 1395 5384 corpore,
1429 5316 1675 5369 intuitiva

161 5381 236 5455 Dei
258 5384 447 5455 visione
472 5381 814 5454 frui,'dogma
846 5386 1163 5439 catholicum
1193 5381 1312 5439 est:
1343 5385 1482 5453 quod
1515 5386 1675 5455 vulgo

160 5449 374 5522 rejiciunt
401 5449 595 5508 Graeci
626 5449 955 5509 heterodoxi.
989 5455 1092 5509 Pro
1143 5455 1248 5509 illis
1296 5449 1495 5522 pugnat
1541 5449 1676 5509 Ma't-

158 5518 303 5597 thazus
325 5524 834 5597 Quaestor‘Angelus
863 5526 1156 5597 Panaretus
1185 5518 1479 5597 catholicte
1495 5525 1675 5597 Eccleo

156 5592 235 5639 sia:
260 5595 477 5646 maxime
516 5592 757 5649 infensus
779 5636 795 5659 ,
825 5596 1076 5649 antithesi
1104 5597 1139 5649 2
1169 5596 1412 5648 adversus
1441 5594 1499 5649 S.
1536 5592 1674 5647 Tito-

156 5660 625 5734 ntamflquinatem.
664 5664 882 5719 Frustra
911 5679 1039 5719 vero
1074 5680 1172 5733 pro
1206 5681 1301 5719 sua
1330 5666 1578 5734 opinione
1605 5679 1672 5719 ex

159 5727 242 5804 hec
283 5727 479 5801 Didymi
526 5735 1051 5804 locoargumentum
1077 5727 1418 5790 'scltismati'ci
1454 5735 1541 5788 isti
1574 5735 1671 5789 ho-

158 5803 305 5854 mines
329 5813 591 5870 peterent.
635 5803 765 5860 Cum
801 5807 943 5862 enim
988 5820 1097 5875 pra:
1129 5806 1299 5861 oculis
1332 5805 1418 5860 hic
1450 5806 1667 5874 habeat,

1798 3863 2031 3930 Spiritus
2079 3870 2322 3927 sanctus,
2354 3878 2383 3914 a
2417 3878 2522 3931 quo
2555 3879 2742 3917 rursus
2771 3880 3038 3930 creamur,
3080 3866 3217 3919 Deus
3244 3876 3351 3932 est,

1797 3955 2114 4009 catholicam
2189 3953 2262 4024 (id
2349 3962 2432 4008 est
2510 3954 2887 4025 universaletn)
2946 3955 3245 4009 doctrinam
3300 3957 3353 4008 in

1801 4045 1971 4114 prima
2019 4043 2281 4097 catholica
2341 4042 2580 4113 Epistola
2634 4044 2946 4112 praedicavit
3003 4044 3087 4098 his
3129 4044 3353 4100 verbis:

1784 4278 1841 4321 ut
1867 4268 1999 4331 dixi,
2036 4267 2291 4337 Didymus
2319 4285 2338 4318 ι
2375 4265 2804 4322 οοηεθεδῑοηρηιι
2837 4267 3003 4333 illam,
3032 4276 3114 4323 ett
3141 4269 3355 4337 conglo-

1792 4338 2143 4392 riiicationem
2169 4375 2184 4398 .
2213 4346 2268 4390 et
2307 4338 2781 4406 conregnationem
2806 4375 2822 4398 ,
2861 4347 2915 4389 et
2958 4341 3353 4393 conresuscita-

1793 4409 1991 4461 tionem
2017 4422 2137 4461 cum
2168 4407 2405 4471 Christo,
2441 4425 2461 4458 ι
2507 4407 2573 4461 de
2601 4422 2704 4473 qua
2738 4407 2935 4475 saepius
2964 4407 3162 4463 Paulus
3186 4447 3202 4471 ,
3234 4410 3355 4463 ideo

1792 4480 1857 4531 de
1890 4479 1954 4530 iis
1982 4477 2135 4530 bonis
2174 4476 2427 4544 loquitur,
2471 4492 2591 4545 qua:
2637 4477 2794 4531 simul
2841 4477 3019 4529 omnia
3050 4480 3219 4532 sancti
3255 4494 3351 4532 ex-

1790 4555 1960 4615 tremo
2005 4546 2191 4612 judicii
2259 4545 2345 4598 die
2394 4548 2656 4599 duntaxat
2707 4545 2860 4610 plene
2908 4558 3350 4615 consequentur.

1786 4614 1921 4681 Quid
1952 4626 2035 4670 est
2067 4615 2208 4669 enim
2255 4615 2670 4681 συνδοξάζεσθαι
2703 4614 2946 4685 Χριστῷ,
2994 4628 3085 4667 seu
3116 4614 3150 4666 ⁷(
3187 4616 3353 4684 glori-

1786 4686 1934 4739 ficari
1983 4700 2088 4739 una
2135 4700 2257 4739 cum
2308 4685 2557 4749 Christo,
2598 4705 2616 4736 ι
2675 4684 2775 4739 nisi
2834 4684 3123 4754 glorilicari
3179 4686 3352 4740 instar

1784 4756 2030 4809 Christi?
2075 4754 2226 4822 cujus
2257 4770 2454 4822 corpus
2500 4766 2619 4823 post
2658 4756 3108 4808 resurrectionem
3149 4755 3353 4821 gloriﬁ-

1785 4834 1964 4878 catum
2005 4832 2121 4887 est,
2164 4840 2256 4879 seu
2286 4826 2617 4893 gloriosum,
2662 4840 2725 4878 ac
2771 4824 3121 4893 resplendens
3146 4825 3347 4878 factum

1784 4894 1906 4949 fuit.
1943 4894 2254 4962 llujusmodi
2289 4910 2415 4948 vero
2445 4913 2463 4945 ι
2496 4894 2934 4963 gloriﬁcationem
2968 4912 2986 4943 ι
3033 4904 3345 4948 sanctorum

1783 4981 1885 5017 non
1916 4965 2071 5019 modo
2103 4964 2383 5018 animabus
2407 5004 2420 5025 ,
2463 4965 2553 5018 sed
2601 4965 2920 5029 corporibus
2952 4978 3167 5033 quoque
3196 4979 3348 5018 com-

1784 5036 2159 5087 municandam
2232 5034 2285 5086 in
2348 5034 2747 5088 resurrectione
2802 5032 3091 5101 respicere
3130 5035 3345 5088 videtur

1781 5104 1958 5172 verbis
1982 5104 2106 5170 illis,
2130 5118 2250 5171 qua:
2279 5117 2403 5156 mox
2439 5103 2656 5172 subdit:
2688 5122 2706 5153 ι
2737 5103 2802 5159 Et
2821 5103 3063 5172 corporis
3082 5108 3290 5160 oculus.
3320 5124 3341 5156 ι

1778 5184 1885 5228 etc.
1919 5171 2051 5227 Vide
2086 5189 2255 5241 segm.
2283 5172 2387 5226 206
2416 5173 2465 5238 b,
2503 5184 2558 5226 et
2582 5171 2652 5227 40
2689 5175 2739 5228 b.

1851 5243 1982 5311 (89).
2026 5243 2211 5297 Stella.
2252 5243 2270 5296 Ι
2327 5244 2453 5298 Cor.
2494 5259 2584 5307 xv,
2623 5244 2713 5296 41.

1848 5312 1960 5384 (90)
1993 5312 2191 5381 Corpus
2214 5323 2263 5366 et
2291 5316 2397 5384 ipse
2421 5322 2516 5368 est.
2545 5313 2661 5367 Hoc
2690 5312 2921 5368 fortasse
2954 5312 3069 5368 vult
3105 5332 3120 5369 :
3163 5314 3345 5368 Sancti

1777 5381 1949 5438 Deum
1974 5385 2251 5451 corporeis
2277 5383 2448 5438 oculis
2485 5399 2550 5437 ne
2597 5394 2723 5437 tunc
2751 5384 2965 5452 quidem
2993 5385 3176 5439 videre
3227 5398 3347 5454 pot-

1775 5463 1951 5514 erunt,
1975 5469 2095 5506 cum
2131 5472 2149 5503 ι
2179 5454 2410 5521 gloriosa
2445 5471 2463 5505 ι
2490 5462 2648 5506 erunt
2670 5468 2856 5507 eorum
2877 5469 3125 5521 corpora.

1846 5522 1955 5593 (91)
1989 5522 2275 5588 Quantum.
2337 5523 2616 5577 Librarius
2646 5525 2785 5577 hunc
2821 5538 3031 5576 versum
3066 5524 3116 5593 in
3145 5522 3350 5593 codicis

1774 5591 2014 5671 margine
2044 5594 2122 5647 sic
2145 5594 2375 5671 ex_plica~t
2400 5593 2801 5671 ι’ξημείῳσαιι
2820 5593 3017 5671 ῥπόσον
3044 5592 3103 5644 τὸ
3137 5591 3351 5671 ἀνθρω-

1774 5681 1926 5717 πινον
1952 5662 2105 5732 γένος
2152 5662 2360 5734 τῇητοῦ
2411 5662 2545 5714 Θεοῦ
2579 5662 2747 5734 φύσει
2776 5662 2993 5715 δύναται
3055 5663 3351 5734 προσεγγίτ

1775 5749 1885 5796 σαι,
1924 5730 1975 5787 id
2018 5743 2104 5789 est
2158 5730 2377 5796 (Nota,
2430 5730 2688 5802 quantum
2739 5733 3033 5788 humanum
3067 5730 3255 5801 genus
3280 5730 3349 5784 ad

1773 5804 1865 5860 Dei
1895 5815 2142 5861 naturam
2175 5815 2349 5874 potest
2387 5804 2666 5859 accedere.
2690 5820 2709 5853 ι
