3676 6332
219 303 297 359 599
1173 296 1257 352 DE
1296 296 1666 353 TRINITATE
1704 295 1906 356 LIBER
1945 301 2327 360 SECUNDUS.

3257 305 3363 364 690

216 413 615 485 Πνεὺματίὲστιν·
652 413 836 484 ἐπειδὴ
885 413 1118 486 γράφει·
1182 434 1199 465 ι
1224 415 1346 468 Ἐὰν
1379 417 1451 485 μή
1477 433 1561 478 τις
1592 433 1693 484 γενι

1863 429 2078 475 )testate
2105 423 2323 492 praedita
2350 430 2450 486 est,
2485 437 2548 478 ac
2585 422 2813 492 Spiritus
2843 431 3080 484 sanctus.
3113 432 3163 478 et
3201 423 3361 478 simul

213 509 318 579 νηθῇ
339 505 386 569 ἐξ
410 503 580 566 ὓδατος
601 506 696 557 καὶ
727 505 1060 576 Πνεῦματος.
1091 522 1112 558 ι
1141 506 1309 558 Τοῦτο
1329 505 1383 558 δὲ
1412 509 1710 580 κατηγορῆ-

214 601 426 655 σαΓὲστιν
460 594 678 659 έαυτῶν,
741 596 816 660 ὡς
857 597 1376 668 ἐπιλαμϐανομένων
1409 597 1501 651 τοῦ
1531 600 1708 664 καλῶς

212 687 514 759 φθεγξαμένου
543 687 680 739 αὺτά
724 689 982 759 Χριστοῦ,
1023 689 1115 742 καὶ
1166 688 1456 753 διαϐαλεῖν,
1515 688 1550 743 δ,
1586 690 1707 761 μηδ.

209 780 410 849 suam;
427 778 682 832 διαϐαλεῖν
713 779 1025 849 δυνήσεταιο
1067 780 1127 833 οὐ
1159 780 1262 852 μὴν
1297 783 1423 835 ἴδιον
1451 783 1708 852 Χριστια-

206 870 301 921 νῶν.
327 869 419 938 Οὐχ
440 869 506 930 ὡς
532 869 876 921 συντάττεται
916 870 1023 941 γάρ
1058 872 1089 940 ή
1124 871 1251 940 ἀγία
1275 872 1440 944 Τριάς
1471 874 1706 943 ἐμνημο-

207 959 330 1028 νεύθη
350 960 428 1011 καὶ
447 957 676 1032 τὸοῦδωρ
696 975 708 988 ·
770 960 883 1013 ἀλλ’
915 959 988 1024 ὡς
1023 963 1049 1014 ὁ
1080 960 1234 1029 λόγος
1279 963 1555 1027 ἀπέδωκε,
1613 962 1704 1016 καὶ

203 1049 259 1110 ὡς
281 1048 469 1119 ἑτέρωθι
499 1048 612 1118 ἅμα
660 1049 735 1120 τῷ
769 1050 1018 1122 ἀθανάτῳ
1069 1051 1186 1122 Θεῷ
1229 1052 1398 1122 θνητά
1440 1070 1703 1123 συνεμνη-

205 1139 406 1210 μονεύθη.
451 1138 748 1211 Γέγραπται
784 1142 891 1215 γάρ
912 1162 923 1173 ·
963 1162 980 1193 ι
1006 1144 1288 1214 ’Ἥμαρτον
1315 1147 1393 1208 είς
1419 1143 1506 1197 τὸν
1543 1144 1703 1215 οὐρα-

201 1231 268 1284 νὺν
307 1232 386 1283 καὶ
412 1233 482 1294 είς
538 1231 627 1284 σέ·
650 1252 666 1283 ι
706 1235 796 1286 καὶ
827 1234 1016 1287 πάλιν·
1055 1252 1071 1284 ι
1115 1233 1459 1286 Ἐπίστευσεν
1521 1237 1548 1287 ὀ
1577 1235 1702 1298 λαὸς

200 1323 258 1391 τῷ
290 1322 389 1391 Θεῷ
446 1323 529 1374 καὶ
571 1325 797 1378 Μωῦσεῖ
848 1325 922 1396 τῷ
976 1324 1264 1397 θεράποντι
1313 1326 1513 1380 αὑτοῦ·
1541 1346 1559 1377 ι
1607 1328 1700 1381 καὶ

197 1413 354 1465 πάλιν·
408 1415 554 1476 «Πᾶς
591 1416 618 1466 ὁ
672 1415 799 1478 λαὸς
853 1415 1096 1484 ἐφοϐεῖτο
1136 1417 1226 1469 τὸν
1275 1417 1405 1470 Θεὸν
1451 1418 1544 1471 καὶ
1592 1419 1695 1470 Σα-

198 1502 365 1573 μουήλ·
388 1522 404 1554 ι
455 1505 542 1556 καὶ
573 1505 758 1559 πάλινο
812 1526 828 1557 ι
852 1509 958 1560 Καὶ
1007 1505 1073 1580 ἦν
1109 1509 1348 1580 ῥομφαία
1385 1508 1462 1579 τῷ
1512 1510 1698 1581 Κυρίῳ

193 1595 264 1648 καὶ
307 1595 370 1666 τῷ
413 1595 604 1648 Γεδεών
629 1615 640 1628 ι
676 1618 694 1649 ι
759 1601 852 1652 καὶ
906 1601 966 1652 τὸ
1022 1600 1602 1672 προσυφανθησόμενον
1639 1602 1697 1655 δὲ

190 1680 358 1742 τούτοις
397 1679 646 1751 θεώρημα
725 1684 1072 1753 καίριον,καὶ
1122 1683 1341 1749 ἐπάξιον
1388 1685 1489 1754 τῆς
1528 1685 1694 1756 ὀρθῆς

1810 525 1929 563 cum
1985 512 2100 580 ipso
2143 512 2437 582 gloriﬁcata
2484 531 2498 566 :
2547 529 2667 568 cum
2731 515 2984 582 scriptum
3049 514 3154 569 sit:
3203 513 3360 574 (Nisi

1809 600 1928 668 quis
1973 611 2129 654 natus
2168 602 2327 656 fuerit
2354 617 2417 656 ex
2444 617 2581 672 aqua
2611 611 2666 658 et
2699 601 2924 670 Spiritu.
2958 621 2975 653 ι
3010 605 3078 656 At
3111 602 3211 658 hoc
3233 603 3355 672 qui-

1807 693 1926 744 dein
1957 700 2042 746 est
2064 692 2379 756 semetipsos
2403 707 2656 746 accusare
2681 709 2694 756 ;
2730 709 2847 747 nam
2877 692 3149 748 Christum
3179 694 3352 764 ipsum

1806 779 2107 850 obiurgant,
2164 781 2252 850 qui
2307 782 2440 836 scite
2502 783 2603 837 ista
2651 785 2812 838 verba
2879 783 3239 852 protulit:ac
3291 798 3354 839 ea

1805 870 2223 936 calumniantur,
2264 887 2383 942 quae
2428 888 2493 926 ne
2532 873 2734 930 Momus
2773 873 2848 946 (2)
2895 873 3108 943 quidem
3149 874 3355 930 calum-

1804 961 1941 1015 niari
1971 971 2152 1032 queat.
2182 962 2234 1016 Id
2263 976 2436 1018 tamen
2462 963 2795 1019 Christianos
2819 963 3058 1020 dedecet.
3081 963 3192 1020 Nec
3213 966 3353 1020 enim

1803 1049 1987 1104 habita
2019 1053 2226 1105 ratione
2267 1053 2489 1119 ordinis,
2533 1069 2596 1108 ac
2640 1053 2915 1123 dignitatis
2955 1063 3248 1109 memorata
3280 1055 3356 1109 ibi

1801 1154 1882 1198 est
1915 1151 2034 1212 post
2061 1156 2300 1200 sanctam
2328 1145 2643 1202 Trinitatem
2671 1148 2831 1202 etiam
2865 1163 3003 1218 aqua
3030 1166 3045 1216 ;
3099 1150 3190 1204 sed
3226 1149 3354 1218 quia

1800 1236 1875 1290 sic
1934 1251 2108 1292 sermo
2156 1238 2307 1305 tulit;
2355 1237 2494 1294 sicut
2545 1240 2668 1294 alibi
2730 1255 2942 1309 quoque
3019 1241 3173 1296 simul
3229 1257 3355 1296 cum

1802 1320 2085 1373 immortali
2119 1323 2224 1376 Deo
2253 1325 2501 1377 mortalia
2546 1337 2966 1380 commemorata
3016 1337 3142 1381 sunt
3175 1346 3189 1378 :
3217 1329 3354 1382 scri-

1797 1412 2232 1478 ptuutesteuim:
2270 1429 2290 1462 ‹
2317 1412 2538 1468 Peccavi
2575 1414 2722 1486 (5)in
2747 1415 3021 1480 cmium,et
3062 1417 3115 1471 in
3148 1426 3265 1478 ten
3301 1427 3355 1472 et

1800 1517 1981 1557 rursus
2014 1521 2027 1557 :
2071 1521 2088 1554 ι
2113 1501 2354 1556 Credidit
2382 1503 2460 1575 (4)
2495 1505 2718 1575 populus
2775 1506 2904 1572 Deo,
2954 1517 3007 1562 et
3059 1506 3224 1580 Moysi
3261 1508 3349 1562 Ia-

1798 1592 1939 1646 mulo
2009 1593 2208 1662 ejus;i
2270 1603 2322 1648 et
2386 1610 2572 1650 rursus
2634 1616 2648 1651 :
2707 1615 2728 1649 ι
2783 1599 2967 1652 Omnis
3046 1599 3122 1670 (5)
3185 1615 3353 1668 popu--

1795 1683 1876 1735 lus
1909 1683 2125 1737 timebat
2150 1683 2334 1747 Deum,
2365 1694 2416 1738 et
2453 1684 2782 1750 Samuelem;
2829 1706 2847 1738 ι
2892 1698 2944 1742 et
2972 1703 3197 1743 rursus:
3236 1708 3255 1741 ι
3287 1691 3352 1744 Et

191 1768 378 1833 πίστεώς
394 1773 545 1823 ἐστιν.
573 1773 634 1824 Ei
656 1771 936 1844 γάρ,κατά
973 1775 1053 1827 σὺν
1078 1775 1343 1840 Παῦλον,‹
1377 1777 1456 1839 είς
1481 1777 1570 1829 τὸν
1601 1776 1693 1829 θά-

1863 1772 1996 1844 at(6)
2014 1773 2279 1842 romphaea
2305 1773 2551 1838 Domino,
2574 1786 2623 1829 et
2647 1776 2938 1833 Gedeoni.»
2973 1776 3180 1832 Sensus
3200 1793 3350 1843 vero,

187 1877 310 1914 νατον
348 1859 432 1912 τοῦ
478 1862 709 1932 Χριστοῦ
741 1865 831 1916 καὶ
864 1866 942 1926 είς
973 1866 1201 1936 Χριστὸν
1243 1884 1262 1917 ι
1291 1863 1693 1937 βαπτιζόμεθα,

186 1950 323 2023 ὀρθῶς
351 1953 680 2024 συνεφρὰσθη
713 1954 790 2024 τῷ
822 1953 1096 2025 Πνεῦματι
1129 1957 1189 2008 τὸ
1227 1955 1388 2026 ὕδωρ.
1433 1956 1562 2008 Ἀπὸ
1589 1956 1694 2028 γάρ

180 2043 256 2111 τῆς
281 2041 496 2112 πλευρᾶς
523 2043 617 2095 τοῦ
652 2045 900 2115 Σωτῆρος
943 2045 1084 2116 ὕδωρ
1144 2047 1237 2100 καὶ
1270 2044 1408 2117 αἶ’μα
1435 2045 1568 2118 ὁμοῦ
1602 2047 1694 2118 ἕρ-

184 2134 354 2200 ῥευσεν,
379 2131 447 2194 ὡς
475 2133 572 2186 οὐκ
609 2134 795 2201 ἀγνοεῖ
840 2136 873 2205 ή
911 2133 1100 2207 λόγχη,
1142 2136 1238 2190 κα)⁸
1275 2137 1303 2188 ὁ
1334 2135 1690 2207 στρατιώτης.

180 2215 292 2292 Πρὸς
311 2223 497 2294 τούτῳ,
521 2226 591 2286 εί,
615 2223 690 2288 ὼς
716 2225 924 2289 Παῦλος
950 2225 1178 2298 ἔγραψε,
1239 2227 1542 2298 Κορινθίοις
1573 2229 1689 2298 μέν’

185 2333 198 2363 ι
227 2313 400 2376 Πάντες
438 2314 632 2386 βρῶμα
659 2316 719 2368 τὸ
756 2317 1122 2386 πνευματικὸν
1167 2318 1366 2387 ἔφαγον
1387 2361 1400 2384 ,
1434 2321 1527 2372 καὶ
1561 2321 1694 2373 πάν-

175 2420 244 2464 τες
266 2404 318 2455 τὸ
353 2404 476 2456 αὐτὸ
508 2406 877 2476 πνευματικὸν
916 2407 1095 2460 ἔπινον
1126 2409 1292 2479 πόμα.
1334 2411 1554 2463 Ἔπινον
1585 2413 1693 2483 γὰρ

177 2493 223 2543 ὲκ
251 2495 604 2565 πνευματικῆς
636 2497 1035 2569 ἀκολουθούσης
1068 2499 1271 2570 πέτρας
1293 2517 1306 2532 ·
1343 2502 1374 2570 ἡ
1411 2500 1467 2552 δὲ
1520 2502 1692 2572 πέτρα

174 2579 268 2653 ἤνό
294 2583 537 2654 Χριστός*
587 2607 606 2639 ι
645 2583 797 2650 αὖθίς
821 2605 913 2640 τε·
957 2607 974 2639 t
1015 2591 1123 2642 Καὶ
1158 2591 1355 2655 πάντες
1387 2591 1444 2643 ἓν
1473 2593 1693 2664 Πνεῦμα

173 2675 483 2748 ὲποτίσθησαν
505 2693 520 2708 ⁸
563 2697 581 2729 ι
627 2679 892 2750 Ἑϐραίοις
926 2679 1072 2751 [120
1102 2680 1175 2753 b]
1228 2682 1304 2735 δέ·
1345 2701 1363 2734 ε
1412 2683 1692 2738 Ἀδύνατον

171 2766 253 2838 γὰρ
286 2769 402 2832 τοὺς
431 2768 575 2836 ἅπαξ
621 2771 991 2838 φωτισθέντας
1012 2813 1024 2836 ,
1059 2772 1431 2844 γευσαμένους
1475 2792 1534 2827 τε
1589 2777 1690 2845 τῆς

169 2855 334 2924 δωρεᾶς
380 2857 475 2926 τῆς
523 2859 882 2930 ἐπουρανίου,
933 2860 1027 2914 καὶ
1074 2861 1330 2931 μετόχους
1364 2861 1692 2934 γενηθέντας

169 2947 440 3019 Πνεῦματος
503 2949 692 3017 ἁγίου,
754 2951 848 3003 καὶ
908 2949 1072 3004 καλὸν
1129 2951 1496 3021 γευσαμένους
1555 2951 1688 3005 Θεοῦ

170 3038 287 3106 ῥῆμα
318 3058 334 3088 ι
367 3039 461 3108 (τὸ
496 3040 555 3092 δὲ
617 3040 774 3108 ἆγιον
819 3040 1070 3111 Πνεῦμα,
1097 3041 1243 3113 ῥῆμα
1275 3041 1366 3093 τοῦ
1396 3041 1529 3094 Θεοῦ
1575 3043 1688 3094 Πα-

166 3128 266 3197 τρὸς
294 3131 642 3201 ἀνευφημήθη
667 3133 685 3200 )
707 3133 1024 3204 ’.ἀραρότως
1048 3136 1103 3188 ἓν
1125 3135 1202 3206 τῷ
1229 3133 1380 3188 ὕδατι
1408 3137 1434 3188 ὁ
1458 3136 1691 3206 Χριστὸς

165 3221 237 3271 καὶ
259 3221 312 3272 τὸ
335 3221 480 3289 ᾶγιον
510 3221 758 3292 Πνεῦμα,
789 3225 881 3276 καὶ
916 3225 1166 3278 οὐδέποτε
1198 3227 1328 3298 παρ’
1357 3227 1531 3281 οὐδενὶ
1561 3227 1688 3282 ἄνευ

164 3309 237 3361 τοῦ
283 3310 624 3380 βαπτιστικοῦ
684 3314 873 3378 ὓδατος
921 3316 950 3366 6
998 3317 1228 3386 Χριστὸς
1276 3317 1370 3370 καὶ
1427 3318 1490 3370 τὸ
1536 3318 1689 3386 ἆγιον

164 3402 366 3473 Πνεῦμα.
399 3406 573 3458 Ὅπου
599 3401 695 3459 οὖν
727 3406 786 3458 τὸ
817 3406 956 3460 θεῖον
987 3410 1305 3480 μυστήριον,
1332 3409 1407 3473 ὡς
1436 3410 1528 3463 τοῦ
1558 3410 1688 3464 Υίοῦ

164 3494 235 3546 τοῦ
261 3495 401 3561 Θεοῦ,
441 3496 586 3551 οὕτω
618 3499 712 3550 καὶ
739 3498 832 3551 τοῦ
877 3497 1056 3552 θεῖκοῦ
1087 3501 1399 3570 Πνεῦματος
1430 3502 1689 3574 τεθεσμο-

159 3584 360 3657 θέτηται,
386 3591 479 3642 καὶ
508 3591 609 3649 τὴν
638 3590 758 3660 ἴσην
785 3592 1088 3662 μαρτυρίαν
1122 3592 1501 3664 ἀπηνέγκαντο
1524 3594 1690 3664 ἄμφω

161 3679 204 3728 αξ
238 3680 483 3751 μακάριαι
525 3683 623 3734 καὶ
674 3683 980 3746 αὐτοτελεῖς
1019 3684 1374 3748 ὑποστάσεις·
1425 3685 1541 3749 πῶς
1590 3687 1689 3739 οὐκ

159 3768 346 3834 ἀφθονία
380 3773 473 3824 καὶ
521 3772 699 3826 ταῦτα
741 3772 806 3825 δι’
841 3772 1168 3837 ἀποδείξεων
1200 3775 1328 3845 περὶ
1369 3771 1468 3845 τῆς
1499 3778 1689 3846 ὁμοου-

162 3858 362 3929 σιὸτητος
393 3863 575 3915 αὐτῶν
621 3865 801 3928 έστιν;
853 3863 992 3931 Ἐγὼ
1028 3852 1121 3917 οῦν
1158 3860 1342 3935 οἶμαι,
1376 3865 1450 3928 ὡς
1479 3867 1570 3919 καὶ
1602 3866 1689 3919 διὰ

160 3949 281 4003 τοῦτο
305 3955 378 4016 εἰς
417 3949 581 4019 οἶνον,
618 3955 711 4007 καὶ
741 3953 1023 4026 κρείττονα
1052 3955 1217 4021 οἴνου,
1251 3956 1312 4009 τδ
1355 3956 1493 4029 ὕδωρ
1557 3976 1687 4027 μετ’

162 4042 308 4106 έεαλε,
324 4047 410 4098 καὶ
435 4047 781 4118 εὐφροσύνην
803 4046 880 4117 τῷ
902 4047 1122 4118 γαμικῷ
1144 4048 1341 4120 δείπνῳ
1363 4049 1683 4120 παρέσχετο·

157 4131 447 4203 ἀσδμφανῶς
502 4137 715 4202 διδάξαι
751 4137 1046 4206 βουληθεὶς,
1077 4139 1160 4191 ὅτι
1191 4140 1285 4192 καὶ
1323 4140 1384 4192 τὸ
1420 4139 1560 4210 ὕδωρ
1607 4141 1688 4203 είς

158 4224 381 4281 ἀθάνατον
405 4229 608 4299 χρῆσιν
628 4228 724 4282 τοῦ
749 4229 1118 4300 βαπτίσματος
1146 4230 1430 4301 μετέθηκε,
1485 4232 1578 4283 καὶ
1601 4231 1687 4284 διά

155 4316 228 4369 τοῦ
258 4318 622 4391 βαπτίσματος
660 4322 719 4374 τὸ
764 4321 946 4374 λεῖπον
976 4321 1075 4390 τῆς
1107 4321 1342 4385 πίστεως
1383 4321 1687 4394 ἀνθρώποις

1795 1877 1950 1930 quem
1985 1861 2309 1930 speculando
2347 1876 2413 1917 ex
2458 1864 2522 1917 iis
2567 1865 2742 1919 verbis
2777 1879 3045 1930 eruemus,
3075 1881 3343 1935 quemque

1794 1951 1949 2023 261
1983 1952 2068 2006 hic
2103 1952 2476 2022 subjiciemus,
2526 1968 2627 2007 nec
2667 1955 3073 2023 intempestivus
3113 1953 3188 2025 (7)
3223 1963 3346 2018 est,

1794 2052 1849 2096 et
1882 2052 2024 2096 recta
2059 2041 2161 2102 lide
2195 2043 2405 2112 dignus.
2455 2043 2510 2097 Si
2544 2045 2684 2097 enim
2710 2044 2861 2113 juxta
2896 2044 3116 2098 Paulum
3141 2044 3219 2116 (8)
3256 2064 3273 2096 ι
3298 2046 3350 2099 iu

1796 2142 2019 2186 mortem
2043 2131 2244 2187 Christi
2268 2175 2281 2197 ,
2309 2143 2362 2189 et
2389 2134 2441 2187 in
2472 2133 2741 2190 Christum
2773 2153 2792 2187 ι
2817 2137 3171 2206 baptizamur,
3207 2147 3352 2193 recte

1793 2237 1898 2276 una
1919 2238 2038 2276 cum
2080 2222 2283 2294 Spiritu
2313 2226 2584 2280 nominata
2609 2237 2691 2281 est
2720 2241 2852 2295 aqua
2886 2243 2900 2280 :
2932 2242 3053 2280 nam
3083 2242 3150 2281 ex
3181 2227 3348 2285 latere

1794 2314 2088 2370 Salvatoris
2120 2331 2255 2385 aqua
2295 2325 2346 2371 et
2403 2319 2621 2386 sanguis
2662 2318 2823 2372 simul
2865 2317 3056 2384 ﬂuxit,
3110 2327 3169 2373 ut
3204 2321 3352 2374 novit

1792 2405 1975 2460 lancea
2005 2406 2115 2475 (9),
2145 2418 2199 2461 et
2230 2409 2401 2462 miles.
2439 2407 2704 2462 Praeterea
2744 2407 2942 2463 Paulus
2988 2409 3210 2479 scripsit
3239 2409 3346 2464 Co—

1793 2500 2009 2554 rinthiis
2047 2501 2306 2570 quidem:
2349 2520 2366 2552 ι
2401 2500 2600 2557 Omnes
2654 2501 2766 2572 (10)
2824 2515 3001 2556 escam
3057 2501 3348 2571 spiritalem

1793 2588 2211 2653 manducarunt,
2249 2599 2302 2643 et
2332 2605 2519 2644 omnes
2559 2592 2805 2644 eumdem
2855 2590 3152 2660 Spiritalem
3199 2591 3350 2646 bibe-

1792 2680 1922 2734 bant
1965 2691 2186 2750 potutn:
2235 2680 2492 2735 bibebant
2531 2682 2673 2735 enim
2713 2682 2780 2735 de
2821 2682 3050 2750 spiritali
3090 2691 3350 2751 sequente

1790 2781 1982 2842 petra:
2039 2783 2187 2843 petra
2237 2787 2417 2828 autem
2466 2783 2585 2828 erat
2637 2773 2927 2840 Christus;
2963 2793 2982 2826 ι
3012 2784 3068 2830 et
3117 2789 3346 2829 rursus:

1796 2880 1815 2915 ι
1847 2864 1912 2916 Et
1951 2877 2137 2916 omnes
2170 2861 2278 2932 (ll)
2323 2877 2429 2917 uno
2461 2863 2650 2931 spiritu
2694 2864 2860 2932 putati
2899 2873 3060 2930 sunt;
3093 2882 3114 2916 ι
3140 2864 3206 2918 ad
3246 2862 3350 2919 He-

1790 2954 1960 3009 braeos
1993 2967 2118 3007 vero
2147 2971 2160 3006 :
2189 2971 2208 3004 ι
2248 2951 2576 3022 [inpossibile
2618 2954 2729 3025 (l2)
2777 2965 2861 3010 est
2897 2954 3040 3010 enim
3085 2969 3183 3009 eos
3210 2995 3227 3022 ,
3258 2956 3350 3024 qui

1791 3047 1954 3103 semel
1989 3055 2113 3101 sunt
2145 3046 2465 3112 illumiuati,
2495 3055 2961 3116 gustaveruntque
2995 3046 3196 3100 donum
3233 3057 3350 3100 ca:-

1790 3139 1958 3206 leste,
1993 3149 2048 3192 et
2080 3139 2370 3208 participes
2402 3136 2529 3191 facti
2579 3147 2706 3191 sunt
2753 3136 2986 3206 Spiritus
3027 3134 3202 3189 sancti
3233 3177 3248 3202 ,
3296 3144 3350 3190 et

1789 3231 1984 3285 bonum
2024 3236 2376 3302 gustaverunt
2416 3228 2509 3282 Dci
2551 3228 2817 3293 verbum;
2851 3247 2870 3281 ι
2906 3227 3142 3298 Spiritus
3173 3236 3350 3290 autem

1789 3329 2008 3375 sanctus
2062 3321 2281 3374 verbum
2333 3319 2425 3374 Dei
2473 3317 2648 3374 Patris
2696 3319 2873 3374 dictus
2920 3327 3001 3373 est
3030 3317 3165 3388 (l5).
3207 3320 3276 3372 At
3305 3319 3350 3374 si

1793 3411 1904 3465 haec
1937 3411 2008 3464 ita
2051 3424 2109 3465 se
2144 3411 2375 3473 habent,
2410 3419 2772 3478 congruenter
2796 3407 2908 3479 (H)
2946 3408 2997 3462 in
3028 3423 3166 3477 aqua
3191 3409 3347 3464 Chri-

1787 3511 1902 3555 stus
1924 3539 1940 3565 ,
1976 3511 2029 3554 et
2060 3499 2294 3568 Spiritus
2322 3509 2544 3554 sanctus
2576 3499 2914 3569 intelligitur,
2960 3513 3061 3554 nec
3103 3513 3338 3568 unquam

1790 3592 1904 3646 sine
1934 3605 2073 3660 aqua
2113 3589 2418 3659 baptismali
2452 3589 2504 3644 in
2546 3590 2654 3643 ullo
2695 3590 2910 3644 homine
2949 3589 3158 3644 habitat
3191 3588 3337 3643 Chri-

1790 3688 1940 3744 stus,
1982 3688 2038 3733 et
2073 3677 2306 3747 Spiritus
2348 3686 2588 3732 sanctus.
2635 3678 2767 3732 Cum
2810 3693 2940 3747 ergo
2981 3679 3149 3733 divini
3187 3677 3350 3746 hujus

1790 3771 2032 3843 mysterii
2087 3770 2356 3827 institutio
2407 3771 2549 3826 sicut
2601 3771 2722 3824 Filii
2775 3770 2906 3836 Dei,
2962 3770 3036 3825 ita
3076 3779 3131 3825 et
3183 3771 3349 3827 divini

1792 3865 2028 3934 Spiritus
2058 3878 2180 3919 esse
2212 3864 2424 3918 dicatur
2452 3864 2502 3918 in
2533 3863 2826 3933 Scripturis
2845 3902 2862 3929 ,
2888 3877 3117 3932 cumque
3146 3864 3350 3934 aequale

1791 3955 2154 4010 testimonium
2187 3957 2399 4024 utrique
2436 3955 2604 4010 beata:
2624 3995 2639 4020 ,
2665 3968 2729 4008 ac
2757 3969 2850 4022 per
2873 3968 2933 4010 se
2962 3953 3211 4023 perfectae
3243 3955 3345 4025 hy-

1793 4047 1994 4118 postasi
2026 4047 2414 4116 perhibeatur:
2448 4047 2571 4114 quis
2607 4043 2804 4113 negare
2836 4054 3047 4116 potest,
3080 4047 3348 4102 uberrime

1788 4153 1972 4194 earum
1996 4135 2606 4193 consubstantialitatem
2635 4137 2986 4205 e.Scripturis
3012 4139 3349 4193 demonstra-

1790 4229 1877 4284 ri?
1903 4229 2013 4298 Ego
2039 4229 2203 4299 igitur
2223 4238 2372 4297 puto,
2399 4228 2471 4282 ob
2497 4229 2633 4283 hanc
2663 4230 2825 4282 etiam
2859 4229 3119 4283 rationem
3149 4245 3348 4300 aquam

1790 4321 1843 4375 in
1877 4321 2062 4375 vinum
2083 4359 2098 4385 ,
2125 4329 2181 4375 et
2210 4321 2263 4374 in
2295 4319 2347 4374 id
2374 4362 2389 4386 ,
2415 4320 2555 4388 quod
2586 4319 2774 4374 melius
2802 4330 2918 4375 erat
2945 4321 3070 4374 vino
3089 4361 3104 4384 ,
3137 4336 3166 4375 a
3191 4321 3351 4376 Chri-

159 4407 494 4480 ἀνεπλήρωσε,
549 4411 690 4482 μετά
717 4413 809 4464 τοῦ
837 4411 1016 4465 θεῖκοῦ
1049 4411 1188 4464 Πνεύ
1197 4429 1384 4481 ματος,
1408 4414 1693 4484 συμφωνίᾳ

1863 4425 1885 4466 υ
1912 4419 2171 4464 mutatam
2194 4425 2334 4476 esse,
2355 4425 2418 4466 ac
2443 4425 2564 4465 eum
2591 4410 2811 4479 nuptiali
2837 4425 3004 4466 C(BlliB
3027 4411 3351 4466 hilaritatem

154 4497 225 4552 τοῦ
252 4501 373 4556 Θεοῦ
407 4504 503 4558 καὶ
533 4503 770 4574 Πατρός.
812 4505 922 4556 Καὶ
953 4504 1049 4573 τῆς
1084 4505 1241 4567 σκιᾶς
1273 4505 1382 4575 γὰρ
1409 4504 1500 4558 τοῦ
1541 4503 1684 4558 θείου

207 4657 519 4729 (2)Homus.
582 4661 777 4724 Voves,
825 4662 1002 4725 καλῶς
1054 4670 1106 4714 et
1168 4659 1394 4728 Μῶμος,
1455 4659 1689 4711 indicare

155 4728 585 4802 Vitiejﬁiutrespipi
617 4746 644 4783 a
678 4729 900 4802 Didymo
933 4733 1176 4802 adagium
1211 4729 1332 4802 illud
1364 4748 1377 4783 :
1413 4729 1583 4782 Παντὶ
1611 4729 1688 4798 τῷ

155 4798 274 4868 καλῷ
304 4800 486 4870 μῶμος
517 4801 735 4862 ἕπεται,
779 4798 956 4854 idest:
1000 4822 1016 4850 ι
1044 4800 1311 4870 Quidquid
1343 4811 1544 4852 rectum
1580 4807 1683 4858 est,

159 4867 536 4936 reprehensione
591 4885 696 4922 non
723 4881 870 4922 caret
898 4889 911 4924 :
939 4890 957 4923 ι
998 4877 1076 4924 vel
1113 4888 1126 4923 :
1170 4888 1187 4919 ι
1219 4867 1502 4922 Pulchrum
1533 4871 1688 4936 quid-

156 4935 256 4990 libet
279 4939 476 4994 Munius
512 4940 878 5006 per-Sequitur.
908 4960 925 4992 ι

210 5008 274 5077 (3)
301 5009 536 5062 Peccavi.
582 5008 716 5063 Luc.
755 5025 843 5072 xv,
873 5009 956 5063 18.
1019 5007 1185 5061 Bihiia
1218 5022 1312 5076 pro
1338 5008 1417 5070 είς
1471 5007 1532 5060 σέ
1590 5008 1686 5062 ha-

155 5074 264 5130 bent
304 5079 535 5132 ἐνώπιόν
567 5096 688 5138 σου.
717 5079 765 5131 id
799 5091 879 5131 est
912 5099 929 5130 ι
959 5095 1136 5131 coram
1165 5074 1234 5131 te.
1265 5098 1282 5129 ι

211 5148 272 5215 (αι)
291 5149 544 5202 Credidit.
570 5149 745 5204 Exod.
777 5163 887 5212 xrv,
949 5150 1035 5203 51.
1087 5147 1298 5201 Biblia:
1365 5145 1686 5199 ἐπίστευσαν

157 5228 232 5282 pro
253 5219 586 5272 ἐπίστευσεν.

207 5288 271 5357 (5)
299 5289 498 5343 Omnis.
545 5289 721 5358 lReg.
753 5303 850 5352 xu,
897 5287 963 5342 18
1017 5287 1130 5358 (seu
1157 5286 1262 5356 l9).
1301 5285 1506 5340 Citatur
1565 5301 1688 5340 sen-

159 5369 247 5410 803.

210 5426 274 5494 (6)
303 5424 364 5481 Et
405 5438 547 5484 erat.
618 5427 790 5483 Judic.
833 5441 932 5488 vlt,
980 5427 1069 5482 20.
1137 5427 1264 5481 Duae
1311 5424 1535 5483 voculae.
1587 5434 1686 5478 «ει

159 5504 269 5559 ﬂat,
290 5516 307 5548 ι
337 5514 437 5552 non
474 5498 768 5553 exstantia
795 5496 998 5562 Bibliis,
1034 5497 1125 5552 sed
1161 5497 1428 5550 adduntur
1460 5510 1488 5547 a
1522 5494 1684 5565 Didy—

162 5568 226 5615 Ito
249 5567 406 5621 locum
441 5568 761 5622 memoriter
791 5568 1044 5620 dictante.

213 5634 276 5701 (7)
316 5636 422 5691 Nec
449 5637 857 5702 intempestivus.
883 5637 1087 5699 Codex,
1118 5635 1314 5702 κέριον.
1353 5633 1497 5702 Lego
1557 5633 1680 5686 καί-

164 5715 270 5759 οιον.
294 5706 420 5764 Vide
443 5720 562 5763 not.
588 5707 684 5773 '50,
713 5721 836 5777 pag.
866 5705 959 5761 57.
992 5709 1143 5777 Apud
1169 5705 1520 5761 Athanasium
1550 5718 1684 5772 quo-

1794 4501 2086 4574 praahuisse
2106 4544 2122 4569 ,
2151 4504 2279 4573 quia
2305 4503 2518 4559 occulte
2547 4519 2611 4558 ac
2655 4508 2882 4575 mystice
2917 4505 3111 4559 docere
3153 4503 3347 4573 voluit,

1794 4672 1900 4727 que
1953 4659 2006 4712 in
2058 4659 2315 4727 opusculo
2351 4657 2746 4728 pseudigrapho
2780 4667 2908 4710 tom.
2967 4657 3032 4721 11,
3067 4672 3189 4728 pag.
3223 4659 3348 4719 360.

1796 4728 2012 4800 legitur_
2041 4727 2598 4800 ὰκεροπερίσπαστος,
2635 4745 2730 4798 pro
2761 4727 3351 4800 ἀκαιροπερίσπαστος.

1888 4797 1941 4866 8)
1975 4797 2224 4851 Paulum.
2259 4797 2411 4851 Rulli.
2449 4815 2523 4862 Vl,
2565 4799 2618 4852 '5.

1888 4800 1941 4866 8)
1975 4800 2224 4851 Paulum.
2259 4800 2411 4851 Rulli.
2449 4815 2523 4862 Vl,
2565 4800 2618 4852 '5.

1865 4800 1942 4931 i9)
1982 4867 2205 4921 Lancea.
2241 4868 2412 4920 Simili
2448 4869 2605 4922 modo
2634 4864 2994 4920 Tertullianus
3023 4867 3074 4920 in
3104 4865 3241 4920 libro
3273 4866 3350 4922 De

1794 4935 2047 5005 baptismo
2089 4953 2208 5004 cap.
2248 4937 2280 4991 9
2327 4955 2340 4991 :
2380 4955 2398 4988 ι
2435 4937 2715 5004 Nunquam
2735 4936 2854 5005 (ait)
2877 4936 2996 4989 sine
3023 4951 3162 5006 aqua
3193 4936 3352 4990 Chri-

1794 5016 1909 5058 stus
1939 5045 1953 5057 .
1987 5045 2001 5058 .
2041 5046 2054 5060 .
2109 5006 2237 5061 Cum
2300 5007 2627 5069 vulneratur,
2653 5021 2790 5075 aqua
2820 5009 2886 5060 de
2910 5006 3074 5061 latere
3100 5020 3348 5060 urorum-

1793 5076 1870 5143 pit
1912 5093 1924 5127 :
1961 5075 2065 5128 scit
2099 5075 2280 5129 lancea
2319 5077 2521 5129 militis.
2559 5094 2577 5125 ι

1864 5143 1976 5214 (10)
2017 5143 2225 5198 Omnes.
2283 5144 2304 5198 ι
2358 5147 2481 5200 Cor.
2522 5160 2576 5206 ι,
2627 5145 2660 5198 5
2693 5154 2747 5198 et
2775 5143 2829 5199 4.
2883 5144 3047 5199 Biblia
3083 5164 3098 5200 :
3146 5144 3347 5210 πάντες

1792 5213 1852 5265 τὸ
1877 5213 1882 5214 “
1911 5214 2040 5286 αὐτὸ
2085 5215 2278 5286 βρῶμα
2327 5215 2723 5286 πνευματικόν,
2763 5231 2819 5268 κ.
2853 5231 2903 5269 τ.
2942 5214 2992 5269 λ.
3046 5216 3130 5280 Ει,
3171 5216 3349 5271 ἔπινον

1794 5298 1890 5351 pro
1927 5283 2098 5336 ἔπιον.

1860 5352 1904 5490 il
1925 5355 1972 5490 Ιζ
2011 5352 2080 5406 Ει
2111 5370 2304 5407 omnes.
2335 5353 2356 5406 Ι
2383 5353 2506 5408 Cor.
2537 5369 2636 5417 xu,
2663 5353 2751 5409 l3.

1891 5423 1951 5477 12
2010 5424 2354 5488 Impossibile.
2393 5423 2551 5477 Hebr.
2589 5441 2661 5488 v1,
2689 5425 2722 5478 4

1891 5423 1972 5488 12)
2010 5424 2354 5488 Impossibile.
2393 5423 2551 5477 Hebr.
2589 5441 2661 5488 v1,
2689 5425 2722 5478 4
2751 5433 2806 5480 et
2835 5425 2890 5481 5.

1862 5493 1972 5561 (13)
2019 5492 2194 5562 ρὶειιιε
2223 5505 2316 5547 est.
2353 5492 2546 5562 Ephes.
2579 5511 2653 5559 vt,
2696 5495 2782 5550 17.

1861 5559 1973 5629 (14)
2011 5559 2618 5636 ροηθνυεηιεν.”ϐοᾴει,
2664 5564 2960 5636 ἀρατότως.
3001 5562 3144 5636 Lego
3206 5563 3342 5636 ἀρα-

1796 5631 1986 5699 ρότως.
2023 5629 2246 5686 Videtur
2287 5648 2414 5690 vero
2445 5633 2660 5705 aliquod
2702 5629 2925 5692 verbum
2962 5629 3220 5690 ontissum
3247 5629 3345 5690 hic

1791 5705 1957 5758 fuisse
1995 5716 2024 5758 a
2057 5701 2296 5758 librario.

1815 5717 1957 5758 uisse
1995 5716 2024 5758 ἃ
2057 5716 2296 5758 librarlo.
