3676 6328
308 316 405 366 σπι

1522 305 1754 361 DlDYMl
1792 301 2257 359 ALEXANDRINI

3427 302 3522 358 692

308 429 451 501 quod
492 428 608 498 ipse
660 442 850 496 aquam
900 428 1063 482 etiam
1106 427 1171 481 ad
1211 427 1571 482 immortalem
1620 425 1865 495 baptismi

2066 441 2158 475 του
2195 422 2585 492 βαπτίσματος,
2613 419 2704 475 τοῦ
2733 423 2863 492 ἡμῖν
2890 420 3225 492 δωρηθέντος
3254 421 3528 491 ἐπιφανεῖ).

310 535 466 575 usum
500 520 821 582 transtulit,
856 528 1018 586 atque
1051 519 1100 572 id
1130 518 1271 587 quod
1304 519 1489 571 deerat
1534 517 1654 571 tldei
1699 517 1870 571 homi-

312 610 505 675 nibus,
538 623 633 676 per
663 608 983 677 baptismum
1017 623 1118 662 una
1164 623 1282 662 cum
1315 608 1494 661 divino
1533 607 1765 674 Spiritu,
1817 618 1871 662 et

312 700 654 755 concorditer
682 716 800 754 cum
834 700 940 757 Deo
966 712 1018 755 et
1047 700 1205 753 Patre
1233 699 1518 770 supplevit.
1566 698 1695 752 Nam
1738 699 1869 769 justi

314 807 513 862 magno
543 793 725 847 labore
749 795 835 846 vix
864 794 1105 846 umbram
1141 790 1305 847 divini
1343 792 1500 861 hujus
1536 790 1873 859 baptismatis

316 879 551 933 assecuti
586 891 750 946 sunt,
785 881 926 948 quod
960 881 1116 934 nobis
1149 895 1244 949 per
1278 880 1567 934 adventum
1598 894 1661 935 ac
1701 880 1872 933 mani-

314 970 656 1025 festationem
690 972 845 1035 Filii,
875 982 929 1025 et
976 970 1211 1040 Spiritus
1252 971 1341 1025 Dei
1388 980 1612 1039 propter.
1646 967 1871 1040 agnitio-

315 1076 439 1115 nem
502 1060 879 1114 immortalium
947 1062 1134 1114 harum
1184 1060 1553 1129 hypostasium
1617 1059 1871 1121 donatum

316 1151 440 1205 fuit.
470 1151 680 1206 Piscina
708 1151 853 1205 enim
884 1152 1166 1205 Trinitatis
1194 1150 1406 1205 ofhcina
1434 1160 1517 1204 est
1562 1166 1659 1219 pro
1701 1151 1875 1205 salute

318 1246 556 1299 omnium
610 1244 840 1296 fidelium
892 1244 1214 1307 hominum;
1267 1251 1322 1296 et
1370 1256 1500 1306 eos,
1532 1243 1623 1312 qui
1664 1242 1717 1297 in
1760 1244 1872 1312 ipsa

318 1336 632 1399 abluuntur,
665 1350 693 1388 a
729 1350 907 1389 morsu
944 1336 1102 1405 262
1134 1334 1398 1403 serpentis
1427 1334 1650 1397 liberat,
1680 1342 1734 1387 et
1764 1350 1875 1387 ma-

316 1438 399 1480 ter
426 1426 666 1480 omnium
700 1426 753 1481 fit
781 1442 876 1496 per
902 1428 1160 1495 Spiritum
1192 1435 1434 1480 sanetum
1460 1462 1476 1488 ,
1515 1440 1736 1479 manens
1764 1426 1876 1478 vir—

316 1532 401 1585 go.
436 1516 491 1569 In
523 1532 584 1571 ea
616 1534 873 1587 namque,
908 1528 966 1572 ut
994 1518 1191 1573 dictum
1224 1527 1339 1583 est,
1368 1518 1546 1573 omnia
1589 1518 1878 1585 accipimus

317 1608 713 1663 distributionis
743 1610 1067 1664 charismata
1090 1650 1105 1675 ,
1140 1619 1193 1663 et
1229 1609 1426 1664 ibidem
1472 1618 1582 1663 tum
1622 1608 1872 1662 caelestes

317 1699 551 1766 paradisi
579 1701 764 1768 gratiae
792 1702 1166 1770 obsignantnr,
1195 1718 1257 1756 ac
1288 1702 1726 1767 subscribuntur,
1761 1710 1871 1754 tum

1969 517 2061 569 τοῦ
2128 516 2257 568 Υἰοῦ
2313 516 2405 567 καὶ
2457 513 2547 565 τοῦ
2594 514 2907 583 Πνεύματος
2957 513 3050 566 τοῦ
3103 512 3237 565 Θεοῦ
3309 512 3394 563 διὰ
3442 512 3529 581 τὴν

1970 609 2261 676 ἐπίγνωσιν
2288 607 2381 677 τὴν
2409 610 2486 669 εἰς
2512 605 2608 668 τὰς
2631 606 2943 676 ἀκηράτους
2970 607 3295 666 ὑποστάσεις
3319 601 3528 667 ταύτας,

1971 699 2140 753 πολλὰ
2175 700 2438 769 καμόντες
2465 698 2513 750 οἱ
2541 697 2737 751 δίκαιοι
2765 698 2914 768 μόλις
2956 698 3165 767 ἔτυχον.
3241 698 3395 748 Ἐστι
3434 694 3534 764 γὰρ

1972 794 2004 863 ή
2044 790 2397 860 κολυμϐήθρα
2439 790 2537 857 τῆς
2576 789 2802 861 Τριάδος
2825 831 2838 853 ,
2874 792 3231 860 ἐργαστήριον
3264 787 3399 857 πρὸς
3436 804 3535 837 σω-

1970 883 2165 955 τηρίαν
2213 881 2420 935 πιστῶν
2464 881 2679 934 πάντων
2723 868 3030 953 ἀνθρώπων
3056 901 3069 913 ’
3116 880 3211 933 καλ⁸
3262 881 3387 942 τοὺς
3424 878 3537 929 λου-

1972 974 2199 1043 ομένους
2258 973 2316 1024 ὲν
2374 972 2541 1042 αὑτῇ,
2590 971 2683 1023 τοῦ
2741 972 3013 1043 δήγματος
3070 970 3398 1024 ἀπαλλάττει
3448 967 3535 1020 τοῦ

1972 1064 2167 1134 ὄφεως,
2218 1064 2311 1118 καὶ
2353 1066 2533 1134 μήτηρ
2580 1064 2795 1117 πάντων
2829 1064 3058 1131 γίνεται,
3094 1061 3172 1131 τῷ
3202 1061 3345 1129 ἁγίῳ
3376 1056 3538 1110 Πνεὺ-

1977 1174 2105 1228 ματι
2135 1156 2370 1226 μένουσα
2400 1154 2693 1225 Παρθένος.
2738 1156 2823 1207 Ἐν
2862 1156 2998 1226 αὑτῇ
3038 1154 3165 1225 γὰρ,
3202 1154 3278 1214 ὡς
3307 1152 3533 1220 εἴρηται,

1976 1249 2154 1302 πάντα
2185 1246 2551 1316 ὑποδεκόμεθα
2598 1247 2696 1316 τῆς
2738 1246 2998 1316 διανομῆς
3032 1247 3099 1299 τά
3144 1243 3273 1315 [lii
3308 1242 3379 1311 α]
3446 1260 3539 1311 χα-

1978 1338 2235 1409 ρίσματα,
2272 1338 2365 1389 καὶ
2399 1338 2575 1390 ἐκεῖσε
2608 1335 2702 1388 τοῦ
2738 1337 3065 1406 παραδείσου
3101 1338 3155 1388 αῖ
3178 1334 3380 1405 δωρεαὶ
3412 1335 3540 1386 ὑπο-

1975 1430 2297 1499 γράφονται,
2331 1428 2426 1480 καὶ
2466 1427 2683 1498 νύμφην
2714 1426 2889 1497 ἑαυτῷ
2930 1427 3027 1495 τὴν
3059 1427 3332 1497 ἡμετέραν
3370 1424 3539 1495 ψυχὴν

1975 1520 2237 1590 λαμϐάνει
2276 1520 2305 1571 ὁ
2347 1520 2578 1590 ποιήσας
2621 1519 2819 1588 αὑτὴν,
2862 1518 2999 1571 κατὰ
3042 1517 3252 1570 Παῦλον
3295 1515 3540 1568 ἐπιστέλ-

1976 1610 2136 1663 λοντα
2154 1627 2168 1641 ·
2201 1629 2219 1659 ι
2253 1610 2500 1680 Ἠρμοσά
2508 1627 2612 1679 μην
2636 1610 2777 1679 ὑμᾶς
2800 1610 2881 1661 ὲνὶ
2904 1608 3057 1679 ἀνδρὶ
3083 1608 3350 1679 παρθένον
3378 1608 3540 1675 ἁγνὴν

1980 1699 2332 1771 παραστῆσαι
2370 1698 2446 1770 τῷ
2480 1698 2716 1770 Χριστῷ.
2768 1717 2786 1749 ι
2831 1698 2942 1751 Καὶ
2975 1698 3027 1750 τί
3074 1698 3130 1750 δὲ
3180 1697 3457 1766 συντόμως
3486 1696 3542 1746 τὸ

320 1804 575 1857 sponsam
608 1792 708 1845 sibi
742 1793 977 1845 animam
1010 1803 1248 1848 nostram
1283 1794 1370 1848 ille
1396 1794 1657 1859 assumit,
1687 1793 1778 1863 qui
1802 1793 1874 1847 fe-

2066 1792 2160 1855 ’ξον
2195 1792 2255 1844 οὑ
2279 1790 2422 1859 λέγω
2453 1791 2511 1843 ὲν
2549 1791 2722 1860 αὑτῇ;
2757 1791 2853 1842 Ὃν
2882 1791 2943 1843 οὑ
2979 1790 3250 1859 τολμῶσιν
3280 1789 3330 1841 οἱ
3367 1790 3423 1840 ὲν
3454 1788 3541 1841 οὑ·

319 1883 395 1937 cit
429 1898 546 1939 eam
570 1925 585 1951 ,
611 1884 761 1953 juxta
793 1884 1015 1938 Paulum
1046 1886 1367 1941 scribentem
1394 1906 1444 1941 ε(
1474 1886 1738 1955 Despondi
1765 1885 1876 1954 (15)

318 1988 417 2026 vos
448 1974 537 2028 uni
572 1975 687 2028 viro
736 1977 997 2045 virginem
1028 1987 1228 2031 castam
1258 1977 1513 2031 exhibere
1537 2017 1551 2040 ,
1583 1976 1821 2031 Christo.
1853 1996 1870 2028 ι

321 2063 428 2117 Sed
455 2064 581 2132 quid
614 2065 665 2118 ni
698 2067 934 2121 breviter
968 2068 1018 2120 id
1050 2068 1225 2123 dicam
1249 2107 1263 2131 ,
1300 2068 1441 2138 quod
1476 2067 1649 2137 majus
1684 2081 1747 2121 ac
1789 2082 1876 2120 su-

319 2154 539 2210 blimius
569 2157 620 2211 in
650 2158 763 2227 ipsa
796 2170 879 2213 est
899 2160 923 2212 ?
946 2158 1114 2227 Quem
1150 2174 1253 2213 non
1278 2159 1477 2212 audent
1504 2159 1559 2212 in
1590 2159 1743 2214 coelis
1778 2174 1877 2212 an-

323 2246 425 2314 geli
459 2262 653 2303 vocare
680 2260 888 2318 patrem
911 2289 926 2314 ,
954 2265 1076 2303 eum
1113 2265 1213 2304 nos
1242 2251 1499 2304 discimus
1535 2250 1586 2304 in
1625 2260 1766 2304 terra
1801 2250 1879 2304 sic

321 2336 597 2404 appellare
643 2340 761 2393 sine
804 2340 909 2393 ulla
956 2341 1332 2409 trepidatione.
1380 2342 1553 2409 Atque
1596 2341 1697 2395 hoc
1747 2341 1877 2394 illud

320 2438 438 2493 est,
462 2430 603 2498 quod
629 2431 680 2484 in
712 2447 838 2485 xxvi
865 2432 1068 2501 psalmo
1093 2434 1239 2487 canit
1268 2433 1502 2488 Psaltes:
1533 2452 1550 2483 ι
1580 2431 1739 2486 Pater
1768 2431 1877 2502 (l6)

321 2536 504 2588 meus,
555 2532 611 2578 et
656 2534 831 2579 mater
860 2539 975 2579 mea
1027 2525 1430 2596 dereliquerunt
1478 2540 1602 2590 me;
1636 2506 1881 2595 i-zquasi

322 2613 467 2667 dicat
495 2632 508 2667 :
538 2612 645 2668 Nec
674 2615 817 2670 enim
848 2615 1183 2672 immortales
1228 2625 1541 2671 manserunt
1580 2615 1750 2669 Adam
1827 2624 1883 2670 et

321 2705 471 2761 Eva:
506 2725 525 2760 ς
561 2706 817 2763 Dominus
850 2718 1028 2762 autem
1069 2709 1361 2777 assumpsit
1401 2722 1523 2772 me;
1596 2706 1751 2776 quasi
1803 2706 1883 2761 di—

322 2808 453 2853 cat:
486 2799 550 2853 Et
581 2800 711 2854 mihi
766 2809 993 2855 matrem
1038 2800 1226 2866 dedit,
1270 2799 1533 2870 piscinam
1564 2817 1580 2865 ;
1634 2807 1840 2869 patrem
1866 2838 1882 2864 ,

323 2888 660 2943 Altissimum
690 2906 704 2955 ;
730 2890 988 2955 fratrem,
1020 2889 1353 2946 Salvatorem
1376 2931 1391 2957 ,
1423 2892 1513 2963 qui
1544 2900 1765 2962 propter
1790 2906 1886 2948 nos

326 2980 629 3047 baptizatus
659 2989 777 3035 est:
813 2997 957 3037 nunc
990 2996 1119 3051 ergo
1165 2997 1292 3036 vere
1335 2983 1450 3037 hazc
1489 2982 1611 3035 novi
1672 2982 1886 3051 genitus

328 3069 489 3124 simul
560 3079 614 3125 et
662 3072 937 3140 salvatus,
988 3076 1205 3144 quando
1252 3090 1357 3129 non
1418 3074 1646 3144 amplius
1685 3074 1884 3129 audio:

1981 1884 2157 1953 ρανοῖς
2200 1882 2420 1952 Πατέρα
2458 1881 2666 1943 καλεῖν,
2714 1882 2875 1951 ἡμεῖς
2922 1880 3258 1950 μανθάνομεν
3308 1878 3403 1930 ἐπὶ
3447 1879 3543 1947 γῆς

1976 1973 2178 2038 καλεῖν,
2207 1974 2408 2045 μηδένα
2431 1972 2769 2043 φοϐούμενοι.
2796 1972 2905 2025 Καὶ
2923 1971 3080 2024 τοῦτό
3107 1972 3283 2036 ἐστιν,
3313 1971 3343 2022 ὃ
3371 1972 3426 2023 ἐν
3459 1960 3543 2033 κς⁹

1976 2069 2159 2140 ᾄδεται
2195 2068 2423 2139 ψαλμῷ·
2467 2086 2486 2121 ‹
2531 2070 2590 2122 Ὀ
2628 2070 2809 2139 πατήρ
2849 2084 2949 2138 μου
2994 2067 3086 2121 καὶ
3127 2069 3161 2137 ἡ
3208 2068 3393 2138 μήτηρ
3448 2082 3547 2135 μου

1978 2158 2330 2227 ὲγκατέλιπόν
2360 2176 2426 2230 με
2457 2175 2471 2190 ’
2503 2178 2521 2210 ι
2557 2160 2657 2229 (οὑ
2688 2158 2817 2229 γὰρ,
2844 2158 3026 2226 φησιν,
3066 2156 3548 2227 ἐμεινανάθάνατοι

1991 2250 2160 2320 Ἀδὰμ
2175 2249 2413 2321 καὶΕὑα)
2434 2267 2445 2278 ο
2485 2268 2502 2300 ι
2551 2252 2579 2303 ὁ
2613 2248 2667 2302 δὲ
2698 2248 2893 2319 Κύριος
2909 2246 3270 2318 προσελάϐετό
3305 2246 3551 2316 με.»1ία“ι

1979 2343 2144 2396 ἔδωκέ
2197 2360 2311 2413 μοι,
2373 2341 2533 2413 φησὶ,
2608 2340 2818 2413 μητέρα
2862 2341 2961 2412 τὴν
2998 2338 3415 2410 κολυμϐήθραν,
3448 2352 3550 2388 πα-

1979 2435 2112 2507 τέρα
2136 2435 2225 2489 τὸν
2254 2433 2534 2503 Ὕψιστον,
2558 2433 2782 2501 ἀδελφὸν
2805 2432 2893 2485 τὸν
2923 2431 2988 2486 δι’
3012 2432 3159 2502 ἡμᾶς
3188 2429 3549 2499 βαπτισθέντα

1983 2527 2232 2598 Σωτῆρα.
2269 2526 2382 2579 Νῦν
2420 2522 2514 2579 οὖν
2553 2521 2668 2578 οἶδα
2718 2527 2932 2597 ἀληθῶς
2969 2523 3245 2593 γεννηθεὶς
3282 2521 3417 2592 ὁμοῦ
3460 2524 3551 2574 καὶ

1985 2617 2199 2681 σωθεὶς,
2233 2618 2321 2670 ὅτε
2356 2617 2552 2687 μηκέτι
2592 2616 2774 2669 ἀκούω
2797 2635 2809 2647 ·
2846 2635 2864 2667 ι
2908 2615 3193 2670 Κλαύσατε
3222 2610 3546 2680 τεθνηκότα,

1985 2710 2069 2762 ὅτι
2120 2708 2334 2774 ἐξέλιπε
2401 2706 2545 2776 φῶςο
2611 2726 2629 2758 ι
2680 2707 2816 2760 ἀλλὰ
2861 2707 2959 2779 τὴν
3017 2705 3274 2759 εὐκταίαν
3330 2704 3547 2772 φωνήν·

1992 2817 2010 2849 ι
2047 2797 2232 2859 Δεῦτε,
2276 2799 2475 2860 πάντες
2520 2798 2569 2850 οἱ
2619 2782 3011 2860 κεκοπιακότες
3054 2798 3146 2849 καὶ
3184 2792 3550 2865 πεφορτισμέο

1986 2907 2087 2953 νοι,
2114 2888 2269 2958 κάγὼ
2302 2888 2600 2943 ἀναπαύσω
2629 2890 2792 2960 ὑμᾶς,
2832 2908 2850 2940 ι
2878 2888 3122 2958 ἀλείψας,
3151 2887 3372 2949 λούσας,
3404 2883 3553 2937 ἐνδύ-

1991 2998 2086 3045 σας
2118 2980 2349 3033 ἕκαστον
2389 2979 2773 3044 ἀδιασπάστως
2804 2979 2921 3032 ὅλον
2944 2978 3198 3049 ἐμαυτὸν,
3228 2976 3323 3030 καὶ
3348 2973 3553 3045 θρέψας

1989 3073 2067 3144 τῷ
2098 3072 2312 3144 σώματι
2350 3090 2450 3143 μου
2483 3073 2576 3126 καὶ
2607 3071 2684 3143 τῷ
2713 3072 2924 3143 αἵματι.

333 3184 354 3217 σ
386 3166 582 3222 Deﬂete
635 3168 751 3238 (17)
826 3180 1132 3236 mortuum,
1208 3171 1333 3240 quia
1384 3170 1581 3225 defecit
1628 3171 1762 3238 lux;
1794 3190 1812 3223 ι
1877 3171 1969 3225 sed
2008 3179 2245 3239 Optatam
2292 3184 2477 3225 vocem
2506 3189 2519 3223 :
2553 3186 2572 3219 ι
2605 3168 2795 3223 Venite
2842 3166 2975 3238 (18),
3012 3178 3196 3220 omnes
3213 3163 3304 3233 qui
3347 3162 3557 3215 labora-

331 3261 431 3316 stis
470 3271 525 3315 et
576 3261 784 3315 onerati
815 3261 1023 3327 fuistis,
1051 3270 1105 3315 et
1147 3276 1247 3328 ego
1291 3262 1627 3331 requiescere
1674 3262 1865 3316 faciam
1906 3276 2037 3327 vos,
2068 3281 2086 3313 ι
2117 3277 2353 3332 ungens,
2416 3261 2642 3325 lavans,
2702 3259 2931 3314 induens
2968 3257 3206 3326 singulos
3287 3253 3556 3309 indivulse

331 3361 443 3409 toto
486 3368 572 3408 me
618 3351 771 3423 ipso,
816 3362 870 3408 et
909 3353 1151 3408 nutriens
1203 3368 1428 3423 corpore
1470 3368 1619 3420 meo,
1657 3360 1711 3409 et
1751 3353 2030 3425 sanguine.

953 3444 1103 3501 CAP.
1140 3445 1275 3499 XIV.

2624 3443 2781 3496 ΚΕΦ.
2832 3444 2925 3497 ῙΔ’.

332 3540 374 3591 Α
412 3538 592 3592 mundi
627 3539 996 3592 constitutione
1033 3554 1196 3607 aquas
1234 3538 1591 3606 sanctiﬁcatas
1642 3537 1803 3598 fuisse
1853 3554 1885 3589 a

2066 3535 2131 3603 api
2168 3534 2274 3589 τοῦ
2300 3536 2415 3607 ἀπο
2452 3533 2787 3607 καταϐολῆς
2816 3535 3047 3607 κόσμου
3082 3532 3154 3585 τὰ
3184 3530 3375 3607 ὕδατα
3394 3526 3559 3597 ἠτιάο

406 3608 609 3676 Spiritu
645 3618 825 3661 sancto
849 3650 864 3670 ,
910 3618 1062 3677 atque
1094 3609 1374 3675 anticipate
1406 3607 1551 3659 nobis
1591 3623 1704 3659 eam
1726 3649 1741 3671 ,
1774 3623 1890 3675 qua:

403 3690 477 3732 est
509 3694 573 3731 ea:
604 3677 859 3743 baptismo
879 3717 894 3741 ,
928 3678 1150 3731 salutem
1179 3677 1529 3743 dispensatam
1574 3693 1634 3729 ac
1679 3678 1891 3744 prwsti-

404 3758 570 3800 tutam
600 3763 728 3802 esse.
759 3746 829 3800 Μ
859 3746 1133 3801 Israelitas
1164 3748 1382 3800 salutem
1410 3746 1692 3799 obtinuisse
1718 3762 1781 3800 ea:
1806 3762 1889 3809 ea,

402 3834 519 3885 qua:
568 3818 692 3871 olim
738 3828 881 3881 erat,
927 3818 1168 3883 baptismi
1213 3817 1481 3884 imagine;
1514 3815 1674 3868 multo
1714 3828 1892 3869 autem

402 3888 570 3956 magis
597 3889 762 3955 ipsam
792 3888 1032 3956 consequi
1065 3887 1183 3956 itlos
1205 3927 1220 3952 ,
1243 3886 1334 3954 qui
1368 3902 1503 3937 nunc
1536 3886 1889 3953 baptizantur,

405 3955 670 4027 gratisque
695 3957 1062 4027 justiﬁcantur
1090 3955 1234 4027 (19),
1262 3963 1312 4010 et
1341 3957 1475 4008 beati
1508 3956 1887 4025 prwdicantur.

405 4114 524 4169 Jam
557 4127 684 4169 vero
708 4122 1064 4183 opportunum
1088 4120 1297 4181 tempus
1320 4121 1405 4168 est
1425 4151 1441 4175 ,
1467 4120 1526 4166 ut
1584 4112 1709 4166 dum
1738 4110 1890 4166 Scri-

337 4214 511 4275 ptura:
537 4203 988 4269 testimoniorum,
1002 4217 1121 4271 qua:
1135 4200 1301 4255 divini
1323 4200 1579 4271 Spiritus,
1599 4212 1656 4256 et
1672 4201 1895 4256 immor-

342 4295 469 4351 talis
507 4293 759 4363 baptismi
797 4293 1012 4362 propria
1062 4300 1220 4357 sunt,
1259 4300 1468 4361 partem
1506 4291 1742 4361 aliquam
1783 4292 1895 4345 col-

342 4387 480 4456 ligo,
511 4400 576 4440 ex
604 4383 770 4438 veteri
799 4384 960 4438 etiam
986 4382 1329 4437 Testamento
1356 4383 1696 4452 deprompta,
1722 4398 1895 4451 quan-

342 4485 455 4529 tum
488 4480 714 4542 potero,
762 4471 997 4526 scribam
1044 4469 1177 4540 (20).
1228 4470 1483 4539 Incipiam
1527 4480 1704 4525 autem
1739 4470 1896 4538 paulo

343 4564 527 4620 altius.
579 4562 853 4626 lndivisa,
912 4569 967 4616 et
1010 4560 1294 4616 inetl‘abilis
1347 4560 1585 4617 Trinitas
1651 4577 1771 4617 cum
1830 4561 1897 4614 ab

341 4665 547 4713 aeterno
580 4654 799 4711 humani
842 4652 999 4724 263
1036 4654 1250 4721 generis
1288 4654 1706 4708 imbecillitatem
1732 4693 1746 4717 ,
1787 4653 1897 4707 fra-

341 4749 712 4822 gilitatemque
738 4757 1141 4817 praenosceret;
1170 4746 1293 4799 dum
1326 4760 1393 4799 ex
1428 4744 1593 4799 nihilo
1625 4744 1896 4798 humidam

341 4842 704 4898 substantiam
754 4839 1038 4910 produxit,
1091 4837 1386 4893 remedium
1437 4837 1778 4903 hominibus,
1831 4852 1894 4891 ac

347 4937 682 4990 sanationem
710 4949 806 5004 per
827 4949 995 5004 aquas
1018 4932 1365 4987 obtinendam
1396 4929 1746 4998 prarparavit.
1774 4929 1895 4983 Ideo

349 5029 610 5098 Spiritum
667 5038 951 5093 sanctum,
1002 5040 1122 5080 cum
1161 5023 1434 5079 ferebatur
1480 5035 1643 5090 super
1693 5036 1894 5090 aquas,

344 5118 455 5187 jam
488 5133 553 5174 ex
583 5134 648 5173 eo
676 5130 916 5188 tempore
958 5118 1074 5174 illas
1118 5116 1488 5174 sanctificasse
1507 5112 1619 5186 (21)
1656 5123 1896 5179 conatat,

420 5313 532 5385 (15)
572 5311 853 5385 Despondi.
883 5310 922 5363 ll
951 5311 1076 5365 Cor.
1106 5326 1179 5385 xi,

420 5376 533 5452 (16)
572 5376 754 5434 Pater.
788 5380 878 5452 Ps.
912 5397 1059 5452 xxvi,
1111 5382 1176 5452 16
1212 5382 1327 5450 (seu
1368 5376 1474 5452 f0).

427 5446 539 5521 (17)
580 5452 795 5521 Deﬂete.
824 5446 1189 5521 Ecclesiastic.
1221 5446 1412 5521 mna
1434 5448 1546 5517 (seu
1579 5450 1685 5521 10).
1716 5446 1900 5521 Qrmca

2064 3600 2201 3659 ὸθαι
2242 3605 2356 3659 ὑπὸ
2402 3604 2507 3657 τοῦ
2540 3605 2710 3672 ἁγίου
2738 3600 3116 3672 Πνεύσιὶατος,
3154 3600 3245 3672 καί
3285 3613 3559 3665 προοικο-

2060 3674 2365 3745 νομεῖσθαι
2403 3674 2545 3743 ἡμῖν
2582 3671 2697 3742 τὴν
2722 3673 2851 3745 ἀπὸν
2868 3671 2970 3726 τοῦ
2994 3671 3417 3745 βαπτίσματος
3439 3681 3557 3745 σίων

2061 3740 2287 3814 τηξοίαν.
2337 3740 2454 3815 Καῖ
2492 3740 2780 3815 περὶτοῦ
2845 3740 3558 3815 Ἰσραηλίτας-*σωτηρίας

2062 3808 2446 3883 τετυχηκέναι
2488 3808 2607 3869 an};
2652 3814 2762 3881 τῆς
2792 3808 2985 3880 οὔσής
3015 3809 3158 3864 ποτὲ
3186 3808 3429 3883 ἐὶκόζος
3452 3808 3559 3883 {et}

2061 3876 2510 3953 βαπῖίόνματοςο
2540 3876 2751 3950 πολλῶ
2783 3883 2850 3936 δὲ
2893 3876 3080 3953 πλέον
3107 3878 3247 3953 τοὺς
3291 3876 3410 3930 νῦν
3437 3876 3556 3953 βαῖ

2064 3944 2469 4024 πτιζτομέὶιουςξ
2513 3954 2611 4008 καί
2661 3944 2875 4022 προῖκα
2922 3948 3409 4019 δικαιουμένους,
3456 3944 3560 3998 καὶ

2061 4022 2579 4095 μακαριζομένους.

2064 4116 2175 4171 Καὶ
2217 4115 2279 4184 δὴ
2309 4114 2498 4184 καιρὸς
2526 4115 2651 4185 ἥκει
2674 4112 2752 4183 τῷ
2775 4112 2935 4184 λόγῳ,
2962 4110 3060 4175 τὰς
3086 4109 3164 4180 τῷ
3191 4106 3359 4177 θεῖκῷ
3392 4101 3563 4159 Πνεύ-

2000 4223 2125 4276 ματι
2155 4206 2249 4257 καὶ
2283 4203 2360 4275 τῷ
2397 4203 2647 4273 ἀθανάτῳ
2678 4203 3007 4273 βαπτίσματι
3031 4200 3232 4261 οἰκείας
3259 4195 3562 4259 ἀποδείξεις

1996 4296 2387 4367 ἀναλεγόμενον
2418 4297 2483 4349 ὲκ
2524 4294 2723 4366 μέρους
2768 4296 2860 4347 καὶ
2892 4293 2998 4347 ἀπὸ
3034 4292 3134 4361 τῆς
3184 4288 3563 4360 πρεσϐυτέρας

1995 4386 2276 4458 διαθήκης,
2308 4386 2384 4449 ὡς
2408 4385 2473 4439 ἂν
2501 4385 2764 4454 δύνωμαι,
2795 4383 3042 4451 γράφειν.
3082 4379 3348 4449 Ἀρξομαι
3383 4376 3443 4429 δὲ
3475 4393 3565 4445 μι-

1998 4476 2128 4547 κρὸν
2170 4476 2395 4529 ἄνωθεν.
2463 4477 2529 4529 Ἢ
2575 4476 2881 4546 ἀδιαίρετος
2935 4474 3029 4527 καὶ
3083 4473 3319 4544 ἀρρητος
3368 4469 3560 4539 Τριάς,

2000 4566 2287 4637 προορῶσα
2331 4566 2391 4630 ἐξ
2428 4566 2622 4629 αἰῶνος
2668 4564 2761 4618 τοῦ
2805 4563 3137 4636 ἀνθρωπίνου
3183 4561 3299 4631 βίου
3333 4558 3402 4612 τά
3451 4558 3564 4611 ὀλι-

2004 4657 2196 4729 σθηρὰ,
2234 4657 2346 4727 ἅμα
2378 4656 2454 4727 τῷ
2489 4659 2829 4725 παραγαγεῖν
2860 4657 2923 4707 ὲκ
2955 4653 3028 4725 μὴ
3055 4654 3227 4706 ὄντων
3258 4652 3357 4721 τὴν
3390 4651 3563 4719 ὑγρὰν

2000 4749 2204 4813 οὑσίαν,
2244 4748 2573 4818 ηὑτρέπισεν
2614 4746 2914 4818 ἀνθρώποις
2968 4746 3066 4815 τὴν
3110 4745 3168 4795 ὲν
3214 4746 3326 4805 τοῖς
3375 4740 3565 4794 eam

1935 4820 1978 4874 D
2004 4838 2165 4891 ἴασιν.
2189 4837 2472 4908 Τοιγάρτοι
2492 4840 2557 4908 τῇ
2584 4835 2775 4890 ἑαυτοῦ
2804 4836 3040 4906 ὲπιφορᾷ
3065 4835 3123 4886 τὸ
3152 4833 3305 4901 ἆγιον
3337 4830 3567 4900 Πνεῦμα

2004 4928 2141 5000 [121
2176 4927 2246 5001 b]
2276 4930 2339 4980 έκ
2393 4928 2511 4981 τότε
2544 4928 2773 4996 ἀγιάσαν
2804 4927 2959 4989 αὑτὰ,
3002 4925 3093 4977 καὶ
3128 4923 3391 4991 ζωογονον
3431 4922 3567 4974 ἀπο⁴⁸

2003 5019 2222 5073 τελέσαν
2253 5022 2521 5089 φαίνεται.
2553 5020 2721 5074 Παντὶ
2745 5019 2853 5090 γὰρ
2884 5017 3142 5090 πρόδηλον
3184 5016 3420 5085 ὑπάρχει
3443 5052 3458 5077 ,
3490 5014 3565 5073 ὡς

2008 5112 2101 5166 καὶ
2131 5112 2194 5165 τὸ
2219 5112 2605 5184 ὑπερκείμενον
2635 5110 2712 5182 τῷ
2736 5109 3076 5180 ὑποκειμένῳ
3097 5109 3194 5178 τῆς
3220 5106 3430 5167 οἰκείας
3470 5121 3567 5175 με·

2079 5304 2190 5376 (19)
2231 5303 2619 5373 Jnstiﬁcantur.
2672 5302 2883 5367 Codex,
2956 5299 3349 5370 δικαιομένους.
3424 5297 3567 5367 Lego

2006 5376 2212 5429 δικαιου
2222 5376 2430 5445 μένους.

2080 5445 2191 5512 (20)
2222 5440 2494 5499 Βετίὸαηι.
2519 5442 2649 5496 Vide
2670 5450 2790 5512 pot.
2816 5440 2903 5512 45,
2936 5454 3056 5509 pag.
3088 5440 3214 5512 εδδ.

352 5517 556 5579 editio:
600 5517 721 5575 Ἐπὶ
762 5518 940 5590 νεκρῷ
990 5518 1253 5572 κλαῦσονο
1281 5517 1493 5585 ἐξέλιπε
1540 5517 1654 5590 γὰρ’
1688 5517 1822 5588 φῶς,
1857 5517 1906 5571 id

355 5604 459 5649 est:
491 5610 509 5643 ι
552 5590 726 5660 Super
750 5601 1018 5660 mortuum
1045 5590 1223 5657 plora;
1256 5590 1450 5660 defecit
1479 5592 1622 5643 enim
1657 5590 1765 5643 lux.
1805 5606 1824 5660 ξ

428 5661 561 5733 (18)
595 5656 791 5715 Venite.
818 5656 1128 5733 Matth.i’x_t,_
1158 5660 1245 5713 28.
1276 5657 1461 5733 Graeca
1498 5659 1703 5717 editio:
1750 5678 1767 5711 ι
1805 5656 1909 5713 Ve-

359 5729 472 5791 nite
500 5729 568 5789 ad
594 5746 679 5789 me
707 5745 915 5796 omnes,
939 5732 1030 5800 qui
1062 5729 1337 5798 laboratis,
1381 5748 1398 5782 ι
1434 5738 1538 5784 etc.

2081 5509 2192 5584 (21)
2234 5513 2615 5581 Sancti/icasse.
2669 5510 2800 5564 Rem
2852 5511 3037 5584 lectori
3085 5509 3316 5584 fortasse
3352 5520 3565 5584 gratam

2012 5580 2227 5650 faciam,
2256 5586 2299 5638 si
2324 5584 2755 5637 animadvertere
2788 5595 2890 5633 non
2925 5580 3188 5644 omittam,
3222 5580 3368 5648 plura
3407 5580 3568 5648 liidy‘

2016 5672 2160 5709 mum
2192 5655 2243 5709 in
2270 5657 2368 5709 hoc
2391 5653 2569 5722 capite
2591 5667 2658 5705 ex
2679 5650 2998 5722 Tertulliani
3028 5650 3161 5704 libro
3194 5650 3265 5703 De
3302 5650 3570 5714 baptismo

2018 5736 2314 5783 mutuatum
2348 5720 2474 5780 aut'
2499 5723 2766 5779 imitatum
2793 5735 2932 5777 esse.
2970 5720 3101 5775 Rem
3130 5724 3202 5775 ita
3242 5736 3299 5775 se
3340 5722 3564 5785 habere,
