3676 6370
198 356 274 414 693
1136 349 1224 404 DE
1261 347 1635 405 TRINITATE
1670 345 1873 400 LIBER
1914 342 2294 403 SECUNDUS.
3240 347 3347 404 σοι

194 472 423 529 ταδίδωσιν,
464 463 529 517 ἶν’
583 464 752 528 οὕτως
801 466 957 529 εἴπω,
1018 469 1333 538 ποιότητος,
1392 469 1487 522 καὶ
1537 470 1687 522 πᾶσα

1895 467 2157 521 vivificam
2200 466 2282 520 eis
2325 464 2432 518 vim
2458 503 2472 527 ,
2518 463 3014 537 fecunditatemque
3061 468 3341 524 tribuisse.

197 553 449 624 ὑποκειμένη
480 551 600 622 ὕλη,
630 552 730 621 τῆς
762 553 855 605 τοῦ
885 556 1230 627 ἐπικειμένου
1263 558 1407 627 φιλεί
1435 575 1550 621 πως
1580 558 1679 629 ἀρ-

1895 560 2043 613 nibus
2075 559 2219 612 enim
2257 558 2601 612 manifestum
2633 566 2715 613 est
2736 599 2752 623 ,
2789 557 2935 628 quod
2965 573 3026 613 ea
3064 572 3150 613 res
3182 600 3198 624 ,
3230 574 3352 629 quae

197 653 337 715 πὰζειν
363 645 619 714 ἰδιότητος.
655 644 815 699 Ὅθεν
845 646 1171 719 ἀδιακρίτως
1197 651 1357 703 ’παντὶ⁵
1384 649 1558 715 ὕδατι,
1588 636 1683 704 καί

1897 650 1940 703 ri
2001 649 2344 717 supervenit,
2406 648 2533 703 huic
2598 645 2702 719 ipsi
2767 648 3027 719 subjecta;
3082 649 3159 704 rei
3219 664 3353 718 pro-

195 749 235 800 ὲν
269 742 459 809 θαλάττῃ
483 739 559 802 δὲ,
589 738 832 809 ἀνάγκης
856 739 1261 811 καταλαϐούσης
1292 740 1573 811 βάπτισμα
1600 740 1681 807 γίο

1895 756 1986 803 ιιιι,
2051 749 2109 794 ιιι
2166 739 2245 794 sic
2304 739 2510 804 dicam,
2570 739 2889 810 qualitatem
2946 740 3350 805 communicat,

196 854 329 898 νεται,
353 834 412 895 ὡς
436 833 562 902 μιᾶς
601 849 659 883 τε
688 831 855 901 οὔσης
888 830 1101 900 φύσεως
1140 832 1344 886 ὑδάτων
1381 832 1474 887 καὶ
1506 832 1686 903 πάσης

193 922 494 994 ἁγιασθείσης.
533 922 719 985 Ὅπως
760 921 817 975 δὲ
853 921 914 975 τὸ
943 921 1222 976 θαλάττιον
1266 922 1407 995 ὕδωρ
1448 923 1688 994 ἁλμυρὸν

193 1018 455 1089 εὑρίσκεται,
500 1012 593 1064 τοῦ
644 1012 761 1075 ἐνὸς
807 1013 997 1081 γένους
1027 1013 1135 1068 τῶν
1181 1014 1387 1068 ὑδάτων
1422 1015 1684 1086 ὑπάρχον,

190 1110 309 1179 ἑτέρα
327 1100 555 1167 ἐπιδείξει
586 1105 679 1157 σὺν
702 1104 819 1175 Θεῷ
838 1107 1000 1174 φάναι
1018 1105 1386 1177 πραγματεία.
1410 1105 1690 1177 Αῦταρκες

190 1200 247 1260 δὲ,
277 1197 340 1257 είς
363 1192 414 1245 τὸ
455 1193 767 1263 κινούμενον
811 1195 928 1247 νυνὶ
970 1193 1286 1264 κεφάλαιον,
1320 1194 1689 1265 μνημονεῦσαι

187 1288 257 1341 τοῦ
294 1304 341 1338 τε
366 1283 739 1353 κοσμογράιρου
778 1283 1092 1349 Μωῦσέως,
1138 1284 1503 1355 ἐξηγουμένου
1550 1284 1691 1337 κατὰ

1786 830 2035 899 quodque
2061 828 2240 884 omnis
2272 828 2511 899 subjecta
2546 828 2771 883 materia
2805 828 2913 900 (22)
2945 829 3185 898 arripere
3216 842 3352 898 quo-

1786 921 1909 975 dam
1954 919 2111 975 modo
2156 919 2437 976 consuevit
2481 920 2622 975 illius
2665 921 3086 990 proprietatem,
3115 919 3256 988 quod
3302 919 3352 973 ei

1789 1013 2115 1082 supervenit.
2150 1011 2304 1069 Unde
2333 1013 2636 1081 promiscue
2665 1012 2854 1081 quavis
2888 1026 3063 1081 aqua,
3097 1010 3261 1065 etiam
3298 1010 3353 1065 in

1792 1105 1964 1171 mari,
2016 1106 2062 1160 si
2120 1106 2400 1176 repentina
2449 1105 2747 1161 necessitas
2794 1104 3007 1170 tulerit,
3061 1104 3355 1173 baptismus

1793 1199 1889 1263 fit;
1922 1198 2061 1266 quod
2097 1212 2203 1251 una
2250 1198 2320 1251 sit
2366 1213 2625 1266 aquarum
2677 1207 2905 1262 natura,
2938 1207 2992 1252 et
3036 1205 3148 1250 tota
3194 1194 3357 1250 fuerit

1793 1290 2144 1345 s:mctitlcata.
2216 1288 2496 1355 Quomodo
2554 1298 2732 1344 autem
2793 1288 2934 1344 salsa
2988 1289 3157 1342 maris
3217 1304 3355 1357 aqua

188 1378 299 1442 λέξιν
322 1374 505 1436 οὕτως·
555 1393 573 1425 ι
614 1375 724 1427 Καὶ
757 1375 979 1446 Πνεῦμα
1026 1376 1230 1446 Κυρίου
1269 1376 1564 1448 ἐπεφέρετο
1600 1378 1693 1430 ἐπὶ

1895 1395 1954 1434 us
1985 1394 2244 1449 aquarum
2272 1382 2485 1449 generis
2518 1396 2640 1435 esse
2677 1380 3003 1444 inveniatur,
3037 1380 3205 1434 altera
3240 1379 3358 1433 elu-

184 1469 265 1522 τῶν
294 1467 472 1520 ὑδάτων
491 1480 505 1493 ⁸
555 1485 574 1517 ι
612 1466 705 1519 τοῦ
736 1483 796 1519 τε
838 1468 1282 1538 πνευματοφόρου
1338 1467 1520 1533 Δαυῖδ,
1560 1468 1695 1538 ψάλ-

1895 1469 2063 1533 ιιιοιίο,
2119 1468 2226 1527 Deo
2273 1484 2428 1536 opem
2479 1467 2721 1533 ferente,
2774 1469 3169 1524 demonstrabit
3219 1466 3357 1539 (25).

188 1562 353 1623 λοντοςο
387 1577 404 1609 ι
448 1556 654 1628 Κύριος
704 1558 795 1610 ἐπὶ
841 1558 1049 1613 ὑδάτων
1093 1559 1323 1614 πολλῶν.
1370 1579 1389 1612 ι
1426 1559 1593 1613 Τοῦτο
1636 1561 1694 1615 δὲ

1895 1561 2003 1615 [icit
2047 1575 2178 1615 vero
2229 1561 2296 1615 ad
2344 1561 2487 1624 hoc,
2538 1561 2605 1614 de
2637 1576 2743 1630 quo
2778 1562 3022 1630 agimus,
3068 1560 3357 1630 capitulum

186 1652 567 1708 συνενδείκνυται
595 1649 655 1702 οὐ
696 1649 928 1720 μικρῶς,
960 1652 1054 1703 καὶ
1082 1651 1143 1704 τὸ
1169 1650 1403 1723 ὕπερθεν
1425 1652 1533 1705 τῶν
1568 1653 1697 1723 Ἰορ-

1898 1651 2213 1716 strandnm,
2249 1659 2306 1703 ut
2349 1664 2840 1704 commemoremus
2883 1666 3003 1705 cum
3049 1666 3363 1722 cosmogra-

184 1743 366 1798 δανείων
396 1738 620 1813 ῥείθρων
654 1739 984 1809 γεγενῆσθαι
1020 1740 1080 1793 τὸ
1116 1740 1269 1810 ἅγιον
1316 1741 1573 1812 Πνεῦμα,
1603 1740 1696 1794 τοῦ

1895 1759 1963 1795 tm
1998 1742 2198 1796 Mosem
2231 1742 2301 1795 ita
2328 1742 2392 1796 ad
2417 1742 2640 1795 verbum
2671 1752 3019 1796 enarrantem
3045 1758 3058 1795 :
3090 1760 3108 1794 ι
3144 1743 3209 1797 Ει
3241 1742 3364 1813 Spi-

181 1809 406 1889 Δεσπότοῦ
430 1809 848 1902 βαπτιζομένου,
881 1833 975 1885 καὶ
1011 1834 1371 1905 μεμενηκέναι
1405 1809 1490 1887 ἐπ’
1517 1832 1695 1887 αὐτόν.

1895 1851 1936 1887 is
1995 1833 2108 1904 (24)
2164 1834 2372 1888 Domini
2424 1832 2697 1888 ferebatur
2744 1849 2905 1904 super
2965 1849 3171 1904 aquas;
3204 1809 3364 1888 itum

184 1925 329 1995 '0',an
351 1924 401 1977 δὲ
431 1924 488 1976 τὸ
519 1926 817 1996 τηνικαῦτα
857 1927 915 1980 ὲν
943 1925 1071 1980 εἴδει
1098 1928 1443 1997 περιστερᾶς.
1487 1926 1697 1997 Ἐπειδὴ

1895 1924 2152 1980 ritifernm
2201 1923 2455 1979 Davidem
2509 1923 2826 1992 psnllentem
2856 1941 2870 1977 :
2907 1942 2927 1976 ι
2958 1925 3216 1980 Dominus
3249 1924 3365 1997 (25)

182 2019 229 2072 τὸ
252 2018 369 2082 ζῶον
388 2016 540 2071 τοῦτο
572 2018 827 2089 ἁκέραιόν
853 2018 912 2072 τέ
942 2020 1057 2072 ἐστι
1081 2020 1174 2071 καὶ
1204 2018 1366 2088 χολῆς
1391 2018 1699 2089 ἐπέρηται.

187 2131 201 2162 ι
242 2109 433 2163 Γίνεσθε
466 2128 485 2161 ι
536 2110 666 2183 γὰρ.
695 2110 881 2180 φησὶν,
921 2126 941 2161 ι
979 2109 1227 2181 ἀκέραιοι
1258 2110 1333 2173 ὡς
1362 2111 1417 2162 αἱ
1455 2127 1705 2181 περιστε-

181 2202 270 2275 ραί.
301 2222 319 2256 ›
346 2203 509 2273 Είπερ
537 2201 596 2255 δὲ
638 2202 734 2255 κα)⁵
770 2203 836 2255 ὲκ
862 2202 960 2272 τῆς
989 2201 1359 2271 συναγομένης
1387 2201 1566 2271 ψήφου
1600 2203 1707 2255 ἀπὸ

179 2297 254 2348 τοῦ
273 2295 517 2365 ὀνόματος
544 2293 641 2347 τοῦ
672 2312 775 2365 μνη
784 2292 1130 2364 μονευθέντος
1163 2293 1365 2364 πτηνοῦ
1391 2294 1712 2364 ἐπικουρίαν

181 2386 277 2440 τινὰ
302 2385 373 2438 δεῖ
397 2385 473 2456 τῷ
519 2385 665 2455 λόγῳ
690 2384 866 2455 τούτῳ
903 2382 1240 2455 πορίζεσθαι,
1273 2384 1367 2437 καὶ
1410 2384 1547 2455 αὑτὴ
1579 2386 1709 2436 ὑπο-

182 2478 399 2550 σημαίνει
426 2495 546 2541 πως
582 2476 645 2530 τὸ
689 2476 1097 2548 ἀπερίγραπτον
1132 2476 1227 2529 τοῦ
1274 2474 1425 2545 ἁγίου
1469 2474 1709 2546 Πνεῦμα-

182 2700 328 2755 nullus
373 2702 561 2757 dubito
598 2723 609 2756 :
645 2716 752 2771 quo
793 2710 949 2769 pacto
988 2708 1163 2754 autem
1213 2700 1265 2754 id
1302 2698 1417 2753 fieri
1453 2699 1706 2769 potuerit,

183 2772 399 2842 deinceps
436 2770 696 2842 quaeram.
751 2771 968 2825 Interim
1001 2786 1152 2842 quae
1196 2786 1262 2825 ex
1320 2785 1386 2842 eo
1437 2770 1711 2842 volumine

183 2839 677 2910 tlieologus'noster
740 2841 1067 2906 desumpsit,
1136 2839 1446 2894 summatim
1506 2840 1704 2893 indico.

183 2910 214 2963 l.
242 2910 366 2977 Ergo
390 2925 506 2978 quae
536 2911 716 2979 capite
764 2911 797 2964 '5
826 2921 878 2964 et
923 2911 978 2972 4,
1012 2913 1075 2963 de
1103 2910 1274 2979 prima
1304 2925 1565 2978 aquarum
1599 2925 1717 2963 san-

182 2979 475 3034 ctificatione
508 2996 581 3034 ex
616 2979 809 3035 Genesi
848 2980 1082 3049 disputat
1113 2980 1496 3043 Tertullianus,
1530 2993 1589 3049 ea
1629 2979 1717 3032 Di-

182 3051 342 3118 dymus
369 3052 622 3117 prmsenti
646 3066 813 3120 segm.
851 3048 945 3103 121
991 3051 1019 3103 b
1082 3049 1439 3120 imitaturill.
1470 3048 1714 3120 Probati-

182 3133 277 3169 cant
306 3120 564 3186 piscinam
602 3118 851 3186 baptismi
890 3122 1114 3189 figuram
1153 3120 1285 3173 dicit
1318 3118 1705 3179 Tertullianns,

182 3202 276 3242 can.
321 3189 353 3242 5
401 3206 416 3242 :
461 3189 515 3242 id
576 3189 750 3242 ipsum
800 3188 971 3242 fusius
1024 3190 1182 3242 docet
1233 3190 1488 3242 Didvmus
1542 3202 1705 3242 seum.

181 3202 416 3253 (δειλοί

181 3256 349 3322 125b,-
380 3259 451 3312 ita
512 3256 694 3312 tamen
737 3267 795 3312 ut
841 3258 1035 3312 alicubi
1085 3256 1472 3312 Tertullia'num
1512 3256 1714 3311 imitari

182 3328 417 3380 videatur.
438 3327 529 3381 ill.
557 3327 688 3394 Quae
715 3329 779 3383 de
802 3330 1094 3383 chrismate
1113 3329 1326 3397 scripsit
1375 3328 1462 3383 ille
1509 3343 1627 3394 cap.
1661 3328 1713 3390 7,

179 3397 316 3468 planet
330 3398 522 3452 similia
554 3407 682 3468 sunt
708 3398 796 3463 iis,
824 3413 943 3467 quae
969 3400 1054 3453 hic
1082 3398 1309 3466 legimus
1339 3414 1506 3468 segm.
1542 3397 1643 3451 126
1662 3416 1715 3454 a.

181 3464 253 3518 IV.
287 3466 408 3532 Qua!
444 3469 511 3522 de
550 3466 787 3534 Spiritus
834 3464 1007 3523 sancti
1054 3464 1315 3523 descensu
1351 3464 1515 3536 su'pra
1563 3468 1720 3536 Chri-

180 3544 297 3608 stunt
325 3540 397 3591 ait
426 3540 715 3608 presbyter
741 3535 869 3592 Afer
897 3552 1015 3606 cap.
1037 3536 1103 3608 A8,
1142 3537 1375 3605 aliquam
1410 3534 1719 3608 babentaf-

180 3604 441 3677 unitatem'
464 3604 615 3661 cum'
639 3608 721 3661 bis
744 3649 758 3670 ,
812 3623 930 3677 qua:
964 3604 1380 3662 ‘Alexandrinus
1427 3605 1717 3661 catechista

181 3676 322 3747 dictat
346 3691 515 3747 segni.
554 3677 651 3730 121
682 3681 731 3732 b.
778 3676 999 3732 Demum
1031 3692 1147 3746 quae
1180 3677 1338 3747 docet
1390 3677 1592 3745 primus
1632 3690 1723 3728 ca-

178 3744 269 3809 pite
293 3752 323 3798 δ
349 3744 494 3810 οιθ,
529 3748 604 3801 de
634 3749 839 3810 diluvii,
870 3763 933 3801 ac
962 3749 1027 3800 de
1048 3744 1225 3800 'maris
1258 3747 1422 3800 Rubri
1456 3748 1631 3813 aquis,
1667 3754 1721 3798 et

178 3818 231 3890 tle
252 3829 377 3883 aqua
414 3831 648 3890 amara,
680 3834 797 3890 quae
812 3816 1106 3890 poculenta
1155 3816 1293 3890 facta
1327 3825 1430 3883 est,
1463 3830 1527 3870 ea
1562 3814 1724 3885 paulo

181 3882 253 3935 Ion
290 3882 365 3939 ius
428 3882 745 3955 ersequittir
778 3882 913 3940 aliet‘
946 3902 1115 3953 segni.
1149 3885 1251 3938 122
1283 3904 1335 3939 a.

236 3900 338 4007 (ἓξ)
378 3902 638 4007 £ubiecta
687 3957 926 4007 materia.
958 3956 1036 4007 Ex
1067 3954 1335 4007 Tertulliai

236 3953 338 4024 (22)
378 3953 638 4023 διιῌεεὶα
687 3957 926 4011 materia.
958 3956 1036 4009 Ex
1067 3954 1398 4009 Tertulliano
1430 3954 1546 4009 hac
1589 3953 1724 4024 hau-

181 4023 631 4095 sisse'Didymum
678 4029 927 4081 arbitror.
961 4024 1095 4079 Nam
1142 4026 1186 4079 is
1234 4040 1354 4093 cap.
1402 4025 1435 4078 4
1492 4024 1612 4078 libri
1644 4023 1727 4095 De

184 4093 411 4160 baptismo
441 4093 621 4165 'plane
641 4096 815 4151 aﬂinia
842 4096 999 4150 habet
1028 4111 1096 4165 :71
1131 4095 1385 4150 Sanctum
1408 4105 1609 4159 autem,
1641 4094 1726 4145 in-

180 4164 295 4228 quit,
334 4164 523 4233 utiqne
561 4181 725 4235 super
765 4176 1007 4219 sanctum
1044 4164 1347 4229 ferebatur,
1400 4174 1490 4217 aut
1538 4166 1606 4217 ab
1640 4177 1725 4224 eo,

185 4238 303 4297 quod
336 4235 805 4302 superferebatur,
854 4237 907 4288 id
946 4238 1086 4304 quod
1123 4235 1347 4300 ferebat,
1386 4236 1726 4287 sanctitatem

183 4304 533 4373 mutuabatur.
598 4306 860 4371 Quoniam
914 4304 1152 4373 snbjema
1209 4318 1437 4373 quaeque
1482 4305 1726 4365 materia.

181 4372 280 4437 ejus
306 4389 422 4442 quae
459 4376 703 4443 desuper
747 4372 1023 4439 imminet,
1064 4372 1375 4441 qualitatem
1423 4374 1598 4441 rapiat
1636 4387 1731 4426 ne-

1800 2032 1961 2086 super
2015 2032 2182 2085 aquas
2240 2016 2455 2072 multas.
2494 2035 2513 2068 ι
2542 2015 2611 2069 At
2658 2016 2708 2069 id
2756 2015 2929 2085 ipsum
2980 2017 3143 2071 simul
3191 2032 3258 2072 ex
3300 2030 3369 2071 eo

1805 2110 1969 2163 etiam
2001 2110 2134 2163 satis
2162 2108 2483 2172 ostenditur,
2507 2108 2648 2176 quod
2676 2122 2836 2179 supra
2865 2106 3120 2164 Jordanis
3143 2106 3367 2171 ﬂuenta,

1805 2203 1930 2254 dum
1986 2201 2244 2256 Dominus
2300 2201 2698 2268 baptizabatur,
2766 2200 3077 2270 apparuerit
3134 2199 3369 2270 Spiritus

1809 2300 2065 2357 sanctus,
2114 2301 2168 2346 et
2218 2292 2479 2346 manserit
2530 2307 2693 2361 super
2735 2307 2875 2347 eum.
2918 2290 3082 2363 264
3111 2291 3372 2362 Apparuit

1808 2394 1986 2438 autem
2022 2394 2148 2438 tunc
2181 2385 2234 2438 in
2265 2383 2527 2439 columbae
2561 2384 2742 2453 specie
2771 2383 2906 2454 (26),
2940 2386 3066 2453 quia
3100 2382 3201 2437 hoc
3248 2381 3370 2436 mi-

1813 2477 1918 2529 mal
1975 2486 2028 2530 et
2077 2476 2299 2544 simplex
2330 2475 2441 2544 (27)
2473 2485 2590 2538 est,
2642 2484 2698 2529 et
2768 2475 2872 2530 bile
2912 2484 3063 2529 caret
3103 2473 3239 2547 (28).
3288 2473 3372 2526 Ait

1812 2701 1999 2825 Baga-3:.)
2038 2700 2443 2755 Demonstrabit.
2482 2699 2659 2756 Codex
2687 2738 2702 2763 ,
2739 2699 3001 2771 ἐπιδείξῃ.
3044 2699 3222 2771 Lego,
3252 2701 3374 2755 ἐπι,

2030 2839 2095 2893 Et
2125 2841 2359 2912 spiritus.
2379 2839 2513 2912 Gen.
2544 2858 2583 2901 ι,
2608 2841 2664 2894 2.
2694 2839 2866 2912 Editio
2888 2840 3117 2912 Graeca:
3146 2838 3251 2912 Καὶ
3274 2840 3375 2895 Πν.

1813 2909 1945 2964 Θεοῦ
1976 2912 2134 2979 ὲπεφ.
2166 2910 2350 2964 ἐπάνω
2392 2911 2484 2965 τοῦ
2520 2912 2733 2979 ὓδατος,
2763 2911 2813 2963 id
2848 2920 2963 2965 est:
2996 2928 3014 2961 ι
3055 2909 3121 2964 Ει
3145 2909 3379 2976 Spiritus

1818 2983 1906 3034 Dei
1942 2981 2215 3035 ferebatur
2253 2996 2416 3050 super
2450 2996 2665 3049 aquam.
2712 3003 2730 3037 ι
2766 2982 2935 3047 Quem
2966 2980 3140 3034 locum
3186 2980 3378 3050 eodem

1816 3054 1972 3104 modo
2007 3065 2119 3122 quo
2144 3048 2417 3122 Didymus,
2443 3048 2640 3122 passim
2676 3052 3102 3122 interpretantur
3139 3050 3233 3122 alii
3271 3048 3376 3122 Pa-
3484 3084 3487 3091 ι

1817 3130 1945 3182 tres,
1984 3117 2215 3191 maxime
2243 3117 2642 3176 'Tertullianns.
2679 3117 3034 3191 Hieronymus
3068 3117 3381 3191 in‘Dialoga

461 3189 515 3243 id
576 3189 750 3258 ipsum
800 3185 994 3260 fusius!
1023 3190 1182 3260 docet
1233 3190 1488 3260 Didymus
1514 3202 1710 3260 segni.
1739 3185 1781 3241 C
1814 3193 2056 3244 adversus
2087 3190 2447 3256 Luciferianos
2508 3208 2653 3245 num.
2706 3193 2762 3255 6,
2807 3185 2995 3245 scribit
3025 3207 3040 3244 :
3073 3207 3093 3240 ι
3126 3185 3382 3256 Spiritus,

1820 3262 1992 3328 inquit
2051 3260 2282 3330 Moyses,
2347 3261 2555 3314 Domini
2617 3261 2886 3317 ferebatur
2917 3274 3080 3330 super
3117 3273 3313 3330 aquas.
3357 3277 3378 3310 ι

1821 3330 1895 3383 Ex
1940 3345 2048 3400 quo
2071 3329 2315 3400 Aapparet
2373 3330 2636 3400 baptisma
2694 3348 2798 3386 non
2848 3344 2971 3385 esse
3019 3329 3135 3384 sine
3179 3329 3383 3400 Spiritu

1819 3398 2025 3454 sancio.
2068 3398 2250 3466 Itaque
2285 3398 2484 3467 ἱρεῖαι
2524 3399 2755 3468 Spiritus
2788 3400 3019 3462 Domini,
3063 3418 3081 3450 ι
3125 3407 3185 3451 ιιι
3224 3398 3384 3466 Didy-

1820 3485 1959 3592 gius.
2015 3469 2121 3524 Sed
2172 3468 2533 3525 Tertullianus
2568 3467 2772 3542 legisse
2821 3470 3031 3524 videtur
3086 3486 3105 3519 ι
3148 3467 3385 3537 Spiritus

1869 3554 1935 3592 ei.
1971 3557 1990 3589 ι

1869 3554 1935 3592 ει.
1971 3557 1990 3589 ι

1892 3607 2003 3674 (25)
2046 3607 2319 3663 Dominus.
2348 3609 2493 3667 Psal.
2524 3625 2715 3671 xxvm.
2747 3611 2801 3665 5.

1893 3678 2005 3749 (26)
2048 3678 2113 3731 1η
2143 3678 2395 3733 columba:
2447 3682 2631 3748 specie.
2682 3680 2997 3749 biatthreus,
3050 3675 3388 3749 Marcus,_et

1822 3746 2056 3802 Joannes
2100 3750 2249 3803 aiunt
2291 3746 2678 3812 tantummodo,
2711 3748 2972 3817 Spiritum
3000 3756 3253 3817 sanctum
3290 3746 3384 3799 de-

1822 3819 2096 3890 scendisse
2132 3817 2263 3872 ὡσεὶ
2305 3818 2652 3890 περιστεράν,
2696 3816 2893 3890 idest,
2933 3835 2951 3868 ι
3000 3817 3138 3890 sicut
3176 3816 3383 3869 colum-

1826 3888 1968 3960 bam.
2003 3907 2029 3960 ιΔ
2058 3886 2296 3960 Respicit
2325 3885 2453 3958 ergo
2490 3885 2741 3960 Didymus
2785 3889 2872 3960 22
2894 3885 3213 3960 versiculum
3278 3892 3384 3960 ter-

1828 3958 1885 4009 tii
1915 3957 2105 4023 capitis
2141 3956 2296 4012 Luca:
2337 3977 2350 4011 :
2382 3954 2467 4013 tibi
2502 3954 2680 4013 tanien
2728 3973 2831 4013 non
2864 3959 3057 4027 legitur
3106 3971 3120 4008 :
3166 3955 3224 4006 ὲν
3255 3954 3387 4027 εἴδει

1827 4028 2173 4096 περιστερᾶς,
2211 4029 2262 4081 id
2307 4040 2410 4091 est,
2457 4046 2477 4080 ‹
2522 4029 2575 4082 in
2616 4027 2874 4083 columbae
2912 4026 3123 4096 specie;
3173 4043 3191 4075 ι
3234 4026 3386 4096 sed;

1830 4094 2125 4170 σωματικῷ
2150 4097 2277 4151 εῖδει
2317 4097 2447 4150 ὡσεὶ
2486 4099 2834 4170 περιστεράν,
2885 4094 2953 4170 id
2986 4104 3090 4170 est,
3135 4105 3193 4148 ut
3228 4094 3393 4170 vertit

1830 4113 2125 4219 σωῖρατικῳ
2150 4113 2277 4151 ειοει
2317 4113 2447 4150 ωσει
2486 4113 2834 4170 περιστεραν,
2885 4113 2937 4151 tu
2986 4113 3090 4160 eat,
3135 4113 3193 4148 ut
3228 4113 3392 4148 vertit

1829 4166 1872 4243 _V
1935 4183 1985 4236 ς.
2036 4168 2337 4243 interpres._
2379 4186 2396 4220 ι
2454 4169 2725 4243 corporali
2776 4166 2975 4243 specie.
3001 4166 3140 4219 sicut
3176 4164 3392 4243 colum:

1828 4232 1974 4290 barri.
2025 4255 2043 4289 ι
2088 4232 2626 4293 ΑειἈιηιιιιοείιιδῖιι
2675 4232 2820 4292 Ιίιπό
2859 4234 3259 4305 Πείηιῃδιειζὶἰε,
3303 4232 3391 4286 ubi

1831 4306 1995 4360 multa
2031 4321 2152 4360 eum
2180 4308 2460 4374 scripsisse
2484 4322 2608 4361 mox
2646 4308 2885 4363 dicemus
2930 4304 2997 4360 iis
3026 4304 3246 4374 similia,
3273 4317 3399 4374 qua:

1832 4375 1935 4430 hoc
1964 4376 2173 4447 inloco
2217 4371 2470 4447 Didymus
2505 4378 2824 4442 dictaverat,
2858 4391 2977 4447 cap.
3008 4373 3063 4440 4,
3097 4390 3265 4447 segni.
3298 4371 3388 4433 25.

185 4454 313 4497 cesso
361 4454 446 4499 est
479 4481 495 4497 .
538 4484 568 4516 ,ν
616 4484 630 4497 .
668 4446 740 4498 Ita
801 4448 1102 4516 detsancto
1152 4444 1484 4516 sanctificata
1538 4451 1726 4516 natura
1775 4515 1781 4516 ί
1833 4446 1986 4516 quasi
2022 4446 2208 4514 legerit
2238 4444 2377 4516 apud
2422 4447 2644 4510 Lucam,
2691 4469 2709 4499 ι
2745 4449 2797 4501 in
2838 4444 3016 4516 specie
3044 4444 3392 4516 columbae,»

182 4524 442 4585 gquﬁarum,
474 4525 533 4568 et
560 4515 677 4583 ipsa
705 4514 1043 4585 sanctificare
1065 4515 1335 4585 concepit.
1367 4531 1387 4565 ι
1425 4514 1724 4585 Atquinam
1759 4515 1802 4570 D
1832 4514 1911 4585 Sic
1963 4512 2200 4585 loqu—itur
2246 4512 2317 4571 εἰ
2366 4517 2501 4572 Cum
2542 4518 2832 4571 secundum
2868 4512 3094 4585 Graecos
3128 4514 3180 4567 in
3216 4512 3397 4585 specie

184 4581 280 4634 tieri
313 4587 487 4651 potuit
515 4581 1001 4638 utAlexandrinus
1030 4584 1189 4637 homo
1222 4581 1471 4637 Latinum
1501 4584 1726 4649 scripto-

186 4654 661 4723 remiimitaretnr?
697 4655 937 4723 Ignoscet
981 4654 1168 4717 lector,
1208 4655 1253 4706 si
1287 4654 1353 4707 ad
1389 4651 1727 4723 conjecturas

185 4722 435 4793 confugio.
473 4725 557 4777 Ac
614 4721 843 4791 primum
880 4724 1093 4793 quidem
1144 4723 1347 4778 Latinae
1387 4721 1579 4791 linguae
1606 4737 1726 4793 orn-

184 4790 293 4844 uino
320 4790 521 4864 etpers
556 4794 790 4847 fortasse
848 4790 951 4846 non
985 4801 1101 4864 erat
1138 4794 1410 4864 Didymus,
1449 4806 1619 4864 eaque
1660 4791 1729 4843 de

186 4873 325 4933 causa
352 4863 587 4917 Latinas
628 4878 784 4917 voces
813 4878 979 4933 segm.
1012 4862 1045 4916 6
1077 4878 1109 4914 a
1142 4862 1365 4917 inseruit
1406 4879 1419 4914 :
1466 4864 1565 4915 nisi
1594 4862 1731 4933 forte

183 4928 411 4985 liuiinutn
447 4928 899 5002 Aquileiensem,
941 4935 1028 5002 qui
1061 4948 1176 4997 sex,
1218 4942 1379 5002 atque
1406 4947 1471 4984 co
1503 4932 1730 5000 amplius

188 5003 323 5055 annis
354 5001 707 5056 Alexandria:
745 5001 1022 5071 Didymutn
1063 5003 1299 5062 audivit,
1335 5001 1524 5054 Latina
1558 5002 1727 5071 ei_in-

188 5078 522 5138 lerpretatum
555 5068 984 5142 conjicere'quts
1016 5073 1183 5127 malit.
1220 5072 1421 5142 Deinde
1449 5085 1568 5125 cum
1600 5068 1732 5124 Ter-

186 5142 367 5195 tulliani
401 5159 618 5197 nomen
654 5144 707 5196 in
736 5141 994 5197 Orientali
1024 5149 1185 5197 etiam
1215 5141 1453 5195 Ecclesia
1498 5143 1733 5194 maxime

187 5219 345 5264 notum
376 5212 523 5267 foret
552 5213 574 5280 (
597 5228 722 5265 eum
756 5215 893 5266 enim
924 5231 943 5263 ι
971 5214 1205 5265 οιιιιιὶιιιιι
1234 5211 1587 5267 Ecclesiarum
1614 5225 1732 5264 ser-

186 5292 319 5335 mone
352 5279 633 5338 celebrari
685 5300 705 5335 ι
744 5292 967 5337 testatur
1001 5282 1258 5335 Eusebius
1300 5282 1351 5334 in
1396 5279 1731 5350 Chronico),

186 5350 361 5421 idcirco
384 5354 574 5421 aliqua
602 5351 792 5407 saltem
821 5354 1055 5418 ejusdem
1079 5367 1239 5420 opera
1268 5350 1453 5405 Graece
1477 5364 1735 5421 conversa

188 5416 331 5473 fuisse
355 5416 689 5478 incredibile
726 5416 960 5476 nonest.
995 5416 1213 5475 Dem'um
1239 5437 1360 5475 cum
1390 5424 1522 5474 duos
1547 5419 1613 5474 de
1638 5420 1735 5473 ba-

187 5499 356 5554 ptismo
379 5493 558 5549 libros
582 5492 947 5546 Tertullianus
966 5493 1227 5555 ediderit,
1267 5491 1494 5544 alterum
1529 5487 1735 5552 Latine,

188 5560 264 5629 qui
282 5572 487 5629 exstat,
516 5566 757 5616 alterum
789 5562 995 5626 Grmce,
1019 5572 1075 5615 ut
1107 5571 1335 5616 testatur
1367 5561 1591 5629 ipsemet
1614 5574 1733 5627 cap.

189 5627 245 5679 15
272 5628 453 5700 Latini
477 5635 611 5687 libri
639 5632 711 5686 De
734 5634 1010 5698 baptismo,
1029 5634 1146 5685 ideo
1172 5627 1430 5700 suspicari
1451 5629 1593 5700 licet,
1612 5645 1741 5683 non~

188 5699 312 5753 nulla
335 5717 400 5756 ex
436 5705 528 5767 iis,
560 5719 690 5771 qua:
729 5706 779 5760 in
813 5702 1006 5759 Latino
1033 5717 1173 5758 nunc
1201 5698 1449 5772 legimus,
1476 5701 1527 5755 in
1551 5698 1740 5755 Greco

189 5780 327 5824 etiam
353 5775 660 5831 exstitisse.

1831 4581 2089 4655 columba:
2134 4585 2391 4655 Spiritum
2430 4588 2772 4641 descendisse
2817 4584 2901 4655 sit
2931 4584 3213 4655 scriptum.
3248 4581 3306 4655 ξ-
3332 4581 3398 4635 Et

1831 4654 1971 4725 atlini
2001 4657 2155 4710 modo
2176 4648 2415 4724 loquitur
2453 4673 2576 4725 cap.
2608 4656 2659 4721 7,
2694 4670 2871 4725 segm.
2894 4653 2987 4721 37,
3008 4648 3137 4707 item
3174 4660 3231 4705 ut
3262 4648 3399 4706 Ter-

1833 4722 2085 4779 tullianns
2131 4722 2266 4779 libro
2297 4726 2372 4780 De
2404 4722 2660 4793 baptismo
2695 4722 2812 4792 cap.
2850 4724 2905 4779 8.

1904 4794 2015 4865 (27)
2058 4793 2310 4865 Simplex.
2341 4790 2550 4861 Codex,
2588 4790 2814 4865 ἀκέρεον
2869 4806 2966 4862 pro
3003 4790 3401 4865 _dt_xépatow___et

1831 4861 2230 4937 mox,:&xéps0t
2264 4881 2362 4932 pro
2399 4865 2664 4937 ἀκέραιοι.
2693 4861 2829 4937 Vide
2858 4861 2983 4937 not.
3002 4862 3071 4937 ξι)
3092 4901 3107 4927 ,
3131 4861 3259 4937 pag.
3307 4861 3397 4914 57.

1833 4933 2003 4988 Simili
2050 4931 2207 4989 modo
2233 4931 2276 4986 ε
2304 4950 2400 5004 pro
2440 4931 2823 5004 at‘ialiquando
2859 4931 3130 5004 scribitur_
3157 4933 3213 5004 _i_n
3246 4943 3399 4984 vetu-

1832 5005 2071 5059 stissimo
2094 5019 2155 5057 ac
2181 4998 2378 5057 celebri
2407 5006 2592 5058 codice
2620 4998 2818 5057 nostra).
2864 5003 3021 5067 hujus
3060 4998 3403 5054 bibliotheca:

1835 5073 2017 5128 Sancti
2062 5073 2358 5128 Salvatoris
2388 5074 2658 5137 Bononia},
2699 5072 2966 5127 Lactantii
3012 5068 3402 5131 Institutiones,

1835 5143 2341 5267 Lustitutionumque
2385 5146 2655 5215 epitomeu
2702 5146 3032 5199 continente.
3080 5137 3157 5192 lta
3204 5155 3270 5194 ex
3317 5157 3398 5209 gr.

1879 5230 1923 5266 lc
1948 5227 2159 5267 versus.

1879 5230 1923 5266 lc
1948 5227 2159 5276 versus,

1836 5281 2227 5351 Καρποφόρον
2242 5280 2415 5352 γαῖάν
2430 5297 2493 5335 τε
2508 5282 2607 5335 καὶ
2638 5280 2856 5347 ὕδατος
2876 5279 3126 5351 οἴδματα
3154 5278 3402 5337 πόντου.

1836 5357 1924 5419 qui
1965 5370 1993 5403 a
2029 5351 2305 5407 Lactantio
2335 5351 2555 5407 aﬂertur
2581 5352 2674 5408 lib.
2706 5368 2745 5417 ι,
2787 5365 2905 5421 cap.
2970 5361 3143 5420 sexto,
3196 5352 3277 5406 sic
3331 5353 3401 5403 ibi

1837 5423 2070 5491 scriptus
2093 5433 2176 5476 est
2200 5422 2290 5477 fol.
2318 5423 2350 5477 5
2377 5441 2390 5476 :

2117 5491 2845 5547 ΚΑΡΠΟΦΟΡΟΝΓΕΑΝΤΕ

2118 5564 2163 5685 1';
2166 5562 2956 5685 atp'AATUCOIAMATAIIUN

1840 5704 1907 5759 Ει
1926 5704 2282 5777 locus,_qnem
2308 5702 2360 5777 in
2386 5703 2545 5777 editis
2569 5702 2959 5777 exemplaribus
2981 5701 3117 5757 libro
3146 5711 3313 5769 t,cap.
3347 5695 3401 5762 'l,

1841 5775 2076 5833 inveniet
2106 5773 2292 5835 lector.
2329 5772 2385 5831 in
2415 5773 2604 5832 eodem
2631 5772 2816 5831 codice
2844 5772 2925 5829 sic
2962 5781 3212 5831 exaratus
3244 5780 3326 5826 est
3360 5785 3379 5825 :
