3676 6332
318 297 420 351 m3

1510 299 1737 357 DlDYMl
1775 300 2241 355 ALEXANDRlNl

3417 301 3507 358 696

319 414 465 467 enim
516 411 804 467 Christus:
834 430 853 465 ι
884 411 1067 469 Estotc
1120 414 1231 485 (29)
1278 414 1548 485 simplices
1593 418 1731 472 sicut
1784 434 1878 473 co-

2021 437 2087 482 ος.
2129 421 2282 471 Ἐστι
2316 417 2423 487 γάρ
2485 416 2780 488 περιστερὰ
2812 418 2941 487 μιᾶς
2966 415 3057 469 καὶ
3085 415 3403 468 ὀκτακοσίων
3429 418 3511 487 di;

323 503 536 560 lumbze.
575 506 768 573 »ρηοά
822 508 865 561 si
917 510 1077 562 etiam
1134 524 1199 564 ex
1247 523 1500 572 numero,
1550 509 1637 577 qui
1673 510 1879 579 colligi-

326 608 410 650 tur
443 612 509 651 ex
544 609 974 655 commemoratae
1026 601 1259 657 volucris
1298 603 1541 666 nomine,
1586 602 1881 670 adiumen-

324 696 435 740 tum
472 686 682 755 aliquod
713 686 830 758 (50)
861 689 1090 742 orationi
1148 697 1342 743 nostra:
1372 703 1690 756 comparare
1717 703 1879 756 opor-

324 787 435 841 tet,
486 778 532 832 is
580 794 790 847 quoque
844 780 1149 833 subindicat
1201 780 1639 850 quodammodo,
1712 780 1882 848 Spiri-

328 878 440 922 tum
493 878 736 922 sanctum
790 885 909 924 esse
968 870 1537 937 incircumscriptum:
1594 885 1718 923 nam
1780 884 1881 923 vox

327 960 626 1031 περιστερά
659 960 815 1030 (qtae
864 962 1165 1014 columbam
1214 962 1498 1031 designat)
1528 960 1668 1014 valet
1705 960 1880 1013 octin-

327 1060 486 1120 genta
534 1057 586 1105 et
633 1067 794 1104 unum
822 1052 929 1123 (51)
962 1073 972 1107 :
1006 1054 1093 1121 qui
1128 1068 1386 1108 numerus
1422 1054 1756 1123 signiﬁcatur
1784 1066 1879 1118 per

328 1158 363 1194 α
385 1184 399 1207 ,
430 1152 480 1197 et
507 1161 551 1196 ω
578 1162 590 1196 :
619 1142 725 1197 duo
767 1154 942 1196 autem
980 1144 1093 1199 haec
1136 1145 1398 1199 elementa
1432 1155 1558 1198 sunt
1590 1144 1799 1197 initium
1833 1152 1887 1197 et

327 1233 453 1288 ﬁnis
482 1234 718 1288 omnium
754 1235 1160 1289 elementorum.
1196 1234 1362 1288 Porro
1393 1235 1650 1288 diluvium
1689 1236 1882 1297 etiam,

334 1323 474 1390 quod
512 1324 768 1376 mundum
808 1339 835 1375 a
868 1328 1035 1378 veteri
1072 1324 1355 1393 iniquitate
1388 1325 1701 1394 expurgavit
1734 1325 1844 1394 (32)
1868 1362 1885 1388 ,

335 1414 496 1485 265
538 1416 761 1484 mystice
819 1424 979 1483 atque
1036 1417 1247 1470 occulte
1297 1417 1614 1470 delictorum
1660 1416 1887 1470 munda-

334 1507 529 1559 tiunem
563 1521 591 1558 a
643 1506 819 1559 divina
852 1505 1059 1575 piscina
1114 1507 1431 1572 faciendam,
1486 1506 1885 1577 quodammodo

330 1596 740 1665 praenuntiabat.
774 1597 838 1651 Et
863 1615 984 1652 arca
1001 1600 1134 1667 ipsa,
1156 1615 1273 1666 qua:
1291 1599 1409 1653 illos
1433 1598 1689 1661 servavit,
1715 1597 1807 1667 qui
1832 1597 1887 1650 in

332 1701 451 1739 eam
483 1685 698 1739 admissi
726 1696 869 1751 sunt,
891 1687 1065 1757 imago
1087 1688 1195 1757 (55)
1222 1698 1338 1742 erat
1368 1688 1681 1742 venerandae
1707 1686 1893 1742 Eccle-

1983 526 2106 578 φου,
2146 510 2345 570 αἵτινες
2380 506 2661 577 δηλοῦνται
2699 507 2785 559 διὰ
2822 507 2916 559 τοῦ
2959 507 3103 575 ἄλφα
3146 506 3236 559 καὶ
3264 523 3335 559 ω·
3369 507 3427 559 τὰ
3464 507 3511 562 δὲ

1984 600 2219 668 στοιχεῖα
2246 596 2417 650 ταῦτα
2462 596 2603 666 ἁρχὴ
2642 596 2737 649 καὶ
2762 595 2913 658 τέλος
2934 596 3069 648 ὅλων
3105 596 3396 664 καθέστηκε
3423 597 3512 649 τῶν

1985 691 2280 760 στοιχείων.
2310 690 2417 742 Καὶ
2447 690 2475 740 ὀ
2498 687 2877 757 κατακλυσμὸς
2903 687 3080 739 τοίνυν
3098 726 3112 749 ,
3135 688 3161 738 ὁ
3184 685 3279 755 τὴν
3307 686 3512 755 ἀρχαίαν

1982 780 2196 834 ἀδικίαν
2221 777 2534 848 ἐκκαθάρας
2560 776 2653 829 τοῦ
2678 776 2904 845 κόσμου,
2924 774 3290 845 προεφήτευεν
3312 772 3430 844 [122
3466 773 3512 846 α]

1982 869 2140 921 οἱονεί
2164 885 2277 930 πως
2307 864 2787 936 ἐπικεκρυμμένως
2805 865 2900 919 τὸν.
2922 863 3028 917 ἀπὸ
3052 862 3151 931 τῆς
3178 862 3323 924 θείας
3350 863 3515 931 κολυμ-

1986 958 2193 1031 ϐήθρας
2243 957 2351 1010 τῶν
2377 957 2660 1028 ἁμαρτιῶν
2702 955 3063 1025 καθαρισμόνο
3102 953 3195 1006 καὶ
3242 956 3273 1023 ἡ
3319 953 3516 1016 κιϐωτὸς

1985 1050 2146 1121 αὐτὴ,
2184 1046 2402 1101 σώσασα
2428 1050 2553 1110 τοὺς
2610 1049 2667 1099 ὲν
2740 1049 2872 1115 αὐτῇ
2922 1044 3337 1115 είσφρήσαντας,
3379 1044 3517 1097 είκὼν

1985 1140 2083 1210 τῆς
2114 1141 2314 1208 σεπτῆς
2348 1137 2642 1207 ἐτύγχανεν
2677 1136 2999 1207 Ἐκκλησίας
3032 1138 3124 1189 καὶ
3153 1137 3252 1206 τῆς
3300 1138 3516 1190 ἐντεῦθεν

1987 1227 2337 1299 ὑπαρχούσης
2375 1229 2506 1297 ἡμῖν
2534 1227 2743 1297 ἀγαθῆς
2778 1227 3007 1292 ἐλπίδος·
3045 1229 3136 1281 καὶ
3163 1230 3197 1297 ἡ
3234 1228 3516 1297 περιστερὰ,

1988 1321 2178 1374 κλάδον
2205 1320 2388 1382 ἐλαίας
2420 1318 2694 1388 κομίσασα
2726 1322 2783 1371 ἐν
2809 1321 2874 1389 τῇ
2910 1319 3144 1390 κιϐωτῷ,
3185 1318 3279 1371 καὶ
3325 1318 3413 1387 τῆς
3436 1319 3517 1387 γῆς

1987 1412 2082 1481 τὴν
2104 1408 2369 1474 ἀνάδειξιν
2403 1408 2709 1479 μηνύσασα,
2777 1411 3039 1481 ἐσήμαινε
3067 1409 3159 1462 τοῦ
3200 1408 3351 1476 ἁγίου
3380 1409 3518 1461 Πνεύ-

1990 1520 2159 1574 ματος
2189 1502 2286 1574 τὴν
2345 1502 2686 1572 ὲπιφοίτησιν
2720 1502 2813 1555 καὶ
2843 1503 2943 1573 τὴν
2995 1502 3204 1556 ἄνωθεν
3242 1501 3518 1571 διαλλαγήν-

1992 1594 2255 1665 σύμϐολον
2288 1593 2397 1665 γὰρ
2425 1596 2458 1664 ἠ
2516 1594 2673 1646 ἐλαία
2719 1593 2818 1662 τῆς
2870 1594 3113 1664 εἰρήνης.
3164 1592 3323 1645 Ἀλλά
3372 1593 3453 1645 καὶ
3492 1595 3517 1661 ἡ

1990 1686 2194 1758 ἐρυθρὰ
2220 1685 2454 1739 θάλαττα
2481 1684 2831 1754 είσδεξαμένη
2868 1684 3222 1755 Ἰσραηλίτας,
3244 1681 3351 1735 οὔτ’
3374 1684 3520 1737 ὲνδυά-

334 1777 448 1838 site,
476 1791 539 1831 ac
566 1778 736 1839 honze,
763 1793 879 1846 quae
908 1778 1032 1832 inde
1063 1778 1216 1832 nobis
1241 1789 1341 1839 est,
1371 1778 1504 1846 spei.
1534 1777 1598 1831 Et
1622 1775 1888 1839 columba,

2021 1795 2211 1841 ἀντας,
2241 1776 2452 1832 οὕτ’ὲπ’
2485 1776 2664 1846 ἀδήλῳ
2682 1773 3095 1841 πιστεύσαντας,
3130 1774 3225 1827 καὶ
3255 1773 3360 1826 τῶν
3385 1775 3521 1843 ἐπηρο

334 1883 452 1936 qua:
474 1882 677 1920 ramum
700 1869 850 1922 olivae.
876 1869 926 1921 in
955 1884 1131 1921 arcam
1159 1867 1295 1925 tulit.
1314 1885 1374 1921 ac
1400 1867 1601 1921 telluris
1631 1865 1890 1920 detectiq-

337 1974 454 2012 nem
489 1959 760 2022 iudicavit,
810 1960 1039 2027 Spiritus
1083 1961 1251 2013 sancti
1294 1960 1578 2012 adventum
1620 1957 1890 2028 signiﬁca-

335 2050 446 2116 bat,
471 2051 847 2119 caelestemque
874 2052 1391 2115 reconciliationem;
1418 2049 1717 2120 symbolum
1746 2051 1889 2102 enim

335 2140 484 2209 pacis
510 2149 591 2194 est
622 2141 758 2195 olea.
793 2142 930 2208 Quin
967 2141 1127 2194 etiam
1166 2155 1312 2194 mare
1343 2140 1602 2203 Rubrum,
1642 2139 1780 2207 quod
1803 2153 1895 2192 eos

336 2231 609 2286 lsraelitas
636 2234 871 2300 excepit,
906 2232 998 2299 qui
1031 2246 1204 2300 neque
1232 2229 1494 2299 ancipites
1518 2229 1628 2299 (54)
1654 2229 1891 2291 fuerunt,

338 2338 515 2391 neque
539 2324 589 2376 in
620 2325 827 2378 incerto
863 2324 1229 2386 crediderunt,
1249 2324 1496 2390 quodque
1530 2321 1694 2375 illosa
1719 2320 1894 2382 malis,

339 2428 458 2487 qua:
487 2416 614 2485 ipsis
651 2416 702 2469 in
740 2416 971 2486 Egypto
998 2431 1025 2469 a
1054 2413 1333 2469 Pharaone
1395 2414 1620 2483 ejusque
1652 2412 1893 2467 exercitu

490 2662 1561 2721 DEVS’RESPONDITVIGINTIETVNO

521 2736 866 2789 VhltSlllVS’
890 2734 1473 2803 QVOHVMHOCPIHN

518 2805 879 2859 cnuvmusr

619 2895 1402 2949 ΛΥΤΟΦΥΕΟΑΔΙΔΛΚΤΟΕΑ

624 2966 1444 3020 ΜΗΤΟΡΑΟΤΥΛΗΙΚΤΟΟΟΥ

621 3034 1418 3088 ΝΟΜΛΜΗΤΕΛΟΓΩΧΟΡΟΥ

624 3103 1443 3158 ΜΕΝΟΟΕΝΠΥΡΙΝΕΟΝΤΟΥ

623 3174 1371 3226 ΤυΘΕΟΟΜΙΚΡΑΔΕΘΕΟΥ

627 3243 1277 3297 ΜΕΡΙΟΛΝΤΕΛΟΙΗΩΟ

418 3333 1439 3399 NVMQUISPOTESTSVSPICARIDE

490 3404 1073 3460 IOVEESSEDICTVM
1108 3445 1122 3460 .
1166 3444 1179 3459 .
1226 3444 1239 3458 .
1286 3446 1300 3459 .
1344 3447 1357 3461 .

353 3494 503 3551 Hunc
532 3511 691 3564 porro
710 3496 945 3552 codicem
978 3514 996 3547 ι
1027 3494 1451 3564 insignissimnm
1492 3512 1509 3543 ι
1538 3491 1728 3546 merito
1750 3500 1904 3564 vocat

352 3562 763 3620 Montl‘auconus
813 3567 863 3618 in
919 3566 1100 3619 Diario
1137 3562 1371 3625 'Italico,
1421 3577 1652 3629 eumque
1708 3562 1905 3616 Steculo

351 3644 527 3701 sexto,
584 3646 675 3689 aut
723 3636 951 3702 septimo
988 3646 1267 3689 exaratum
1308 3633 1437 3687 dicit
1482 3646 1710 3685 :vernm
1757 3632 1907 3697 equi-

352 3706 505 3768 dem,
539 3705 640 3759 nisi
684 3708 812 3757 tanti
858 3706 959 3759 viri
1005 3707 1323 3758 auctoritate
1361 3704 1685 3765 deterrerer,
1720 3702 1907 3768 quinto

351 3776 526 3844 potius
557 3774 751 3828 saeculo
784 3776 1043 3844 scriptum
1066 3774 1426 3844 arbitrarer):
1460 3786 1520 3844 ea
1570 3786 1697 3844 sane
1737 3771 1904 3823 inter-

352 3840 656 3912 punctionis
703 3840 1035 3913 signa,'qua3
1064 3842 1297 3897 Isidorus
1328 3840 1657 3909 Hispalensis
1704 3855 1905 3913 memo-

352 3910 455 3977 rat,
489 3914 631 3967 nulla
664 3913 731 3967 ibi
756 3910 1084 3979 occurrunt,
1132 3918 1222 3966 sed
1260 3916 1519 3965 duntaxat
1568 3910 1769 3979 virgula
1812 3926 1905 3962 su-

351 3996 522 4050 perne
555 3980 817 4050 apposita)
842 4000 998 4050 quam
1032 3983 1307 4051 superiore
1334 3982 1385 4033 in
1420 3981 1711 4049 specimine
1737 3980 1907 4051 lector

353 4049 677 4105 ubservavit.
712 4053 839 4117 Quae
863 4049 985 4105 eum
1020 4049 1247 4116 ita—sint,
1281 4053 1402 4119 quis
1431 4049 1907 4119 tniretur,‘codicis

354 4135 566 4188 quoque
629 4121 992 4174 Passioneiani
1070 4117 1385 4188 scriptorem
1472 4121 1524 4173 in
1605 4117 1905 4184 hujusmodi

355 4193 545 4242 menda
578 4190 863 4245 incidisse?
887 4191 1179 4257 praesertim
1210 4205 1329 4256 cum
1368 4204 1503 4257 opus
1532 4190 1697 4242 hocce
1724 4203 1785 4241 ex
1816 4202 1906 4241 ve-

355 4260 667 4313 tustissimis
698 4260 1024 4314 membranis
1050 4260 1373 4327 descriptum
1402 4260 1468 4311 ab
1499 4273 1563 4311 eo
1594 4258 1757 4327 fuisse.
1776 4272 1906 4311 con-

351 4326 518 4395 jicere
556 4329 736 4391 liceat,
776 4339 832 4381 ut
865 4330 1037 4382 dicam
1087 4330 1138 4381 in
1178 4325 1318 4383 notis
1354 4328 1418 4381 ad
1449 4342 1617 4395 segm.
1656 4325 1754 4380 159
1782 4328 1832 4379 ιι.

429 4398 538 4468 (28)
570 4397 684 4468 Βᾷζε
715 4411 874 4451 caret.
910 4399 965 4451 In
1005 4398 1139 4451 libro
1168 4399 1242 4451 De
1282 4397 1557 4468 baptismo,
1600 4411 1720 4464 cap.
1741 4396 1899 4468 _8,_ea

1993 1867 2243 1939 τημένων
2275 1868 2456 1930 αὐτοῖς
2491 1866 2674 1920 κακῶν
2703 1868 2760 1918 ὲν
2792 1864 3053 1935 Αἰγύπτῳ
3098 1866 3207 1918 ἀπὸ
3238 1864 3425 1936 Φαραὼ
3450 1866 3521 1918 καί

1994 1960 2088 2012 τού
2117 1958 2519 2029 στρατεύματος
2547 1957 2709 2010 αὐτοῦ
2743 1956 3115 2021 ἀπαλλάξασα,
3144 1956 3240 2008 xal.
3266 1958 3405 2008 πᾶσα
3428 1956 3523 2024 δὲὴ

1998 2048 2250 2112 ὑπόθεσις
2274 2048 2376 2117 τῆς
2409 2048 2517 2100 ἀπὸ
2572 2046 2845 2114 Αἰγύπτου
2895 2046 3072 2099 αὐτῶν
3101 2044 3245 2110 ὀδοῦ,
3284 2044 3438 2107 τύπος
3474 2041 3524 2114 ἦν

1996 2143 2092 2211 τῆς
2147 2143 2204 2195 ἐν
2261 2140 2339 2211 τῷ
2387 2140 2720 2210 βαπτίσματι
2778 2138 3069 2208 σωτηρίας.
3140 2138 3372 2206 Ἐμήνυε
3421 2134 3525 2207 γάρ,

1998 2234 2266 2300 Αἴγυπτος
2295 2230 2393 2301 μὲν
2418 2231 2508 2284 τὸν
2550 2231 2772 2300 κόσμον,
2800 2230 2857 2283 ὲν
2883 2223 2926 2296 ᾧ
2953 2229 3011 2281 οὐ
3037 2228 3215 2291 καλῶς
3240 2226 3525 2297 βιοτεύοντες

2001 2324 2309 2394 πράττομεν
2336 2321 2541 2385 κακῶς·
2559 2324 2587 2374 ὁ
2610 2321 2666 2374 δὲ
2690 2321 2836 2384 λαὸς,
2866 2322 2991 2385 τοὺς
3020 2320 3114 2374 νῦν
3144 2320 3511 2392 φωτιζομένους

2002 2416 2070 2471 τά
2097 2415 2152 2468 δὲ
2193 2414 2380 2477 ὕδατα,
2438 2413 2827 2485 μεσιτεύσαντα
2854 2413 2933 2483 τῷ
2969 2412 3081 2484 λαῷ
3108 2414 3208 2484 τὴν
3244 2414 3526 2483 ἀσφάλειαν,

2002 2684 2118 2722 rum
2145 2669 2309 2733 vocis,
2340 2668 2651 2738 περιστερά,
2682 2666 2850 2736 prima
2876 2667 3047 2721 littera
3067 2683 3111 2738 π
3128 2666 3272 2721 valet
3290 2682 3441 2730 Lxxx,
3467 2666 3529 2719 al-

2002 2748 2112 2790 tera
2144 2754 2198 2800 ι’,
2227 2746 2280 2790 et
2322 2739 2391 2791 ita
2414 2736 2590 2807 ‘porro
2627 2754 2640 2789 :
2684 2746 2741 2790 ιιι
2781 2738 2992 2791 tandem
3033 2736 3303 2793 efﬁciatur
3349 2752 3523 2789 summa

2000 2806 2513 2876 octingentornmet
2542 2808 2701 2860 unius
2731 2824 2743 2858 :
2775 2808 2864 2875 qui
2894 2823 3151 2860 numerus
3177 2807 3433 2876 erduohus
3460 2806 3528 2876 iti-

2000 2876 2120 2928 dem
2147 2874 2424 2930 élementis
2446 2892 2481 2929 a
2503 2886 2555 2928 et
2575 2895 2619 2929 ω
2638 2874 2828 2943 magno
2852 2876 3006 2929 simul
3034 2875 3266 2945 sumptis
3290 2874 3529 2945 coalescit.

2005 2945 2256 3015 Didymus
2287 2960 2445 3013 porro
2489 2947 2601 2999 haec
2634 2942 2925 3012 sumpsisse
2970 2942 3180 2999 videtur
3227 2959 3296 3015 ex
3341 2942 3531 3003 Irenaeo.

2003 3014 2300 3080 qtti’tauten
2346 3029 2407 3067 ea
2444 3030 2548 3069 non
2589 3030 2649 3068 ex
2690 3016 2926 3081 propria,
2972 3015 3065 3068 sed
3113 3030 3180 3068 ex
3217 3014 3530 3067 delirantium

1930 3094 1971 3151 ο
2004 3084 2380 3138 haereticorum
2440 3086 2704 3138 sententia
2754 3085 3065 3153 scripserat.
3114 3082 3307 3152 Capite
3337 3082 3531 3153 quidem

2007 3153 2077 3206 14
2136 3154 2291 3221 primi
2327 3153 2450 3207 libri
2511 3170 2525 3207 :
2585 3172 2605 3205 ι
2644 3154 2811 3219 Quem
2863 3150 3077 3223 (inquit)
3132 3150 3257 3207 enin
3289 3150 3352 3205 ad
3392 3151 3535 3223 bapti-

2004 3238 2177 3278 smum
2234 3223 2570 3277 accessisset.
2629 3221 2885 3278 columba
2946 3225 3240 3276 descensus
3290 3221 3536 3289 perspicue

2003 3292 2255 3355 Ostendit,
2305 3308 2424 3361 qua:
2459 3294 2669 3359 quidem
2707 3300 2788 3345 est
2825 3309 2870 3345 ω
2899 3301 2953 3345 et
2976 3309 3043 3361 α.
3093 3290 3423 3361 Hujusdenim
3457 3304 3536 3361 nu-

2004 3376 2185 3415 merus
2213 3372 2296 3415 est
2323 3359 2491 3414 unum
2532 3371 2584 3415 et
2613 3362 2916 3430 octingenta
2964 3360 3190 3430 (Grmce
3226 3377 3240 3412 :
3270 3359 3383 3430 ἥτις
3412 3359 3534 3430 ἐστίν

2003 3449 2049 3483 ω
2092 3431 2183 3502 καὶ
2225 3433 2363 3502 α·ᾃὸ
2410 3432 2519 3502 γὰρ
2560 3427 3024 3502 ἀριθμὸςίαύτῆς,
3066 3429 3180 3502 μίαΔ
3217 3427 3310 3482 καὶ
3344 3427 3537 3502 ὀκτακό-

2007 3501 2178 3569 σιαι).
2223 3518 2240 3551 ι
2283 3498 2469 3568 Capite
2491 3498 2634 3553 'vero
2668 3498 2908 3565 proxime
2942 3498 3183 3567 sequenti
3228 3514 3243 3549 :
3295 3517 3313 3549 ι
3366 3498 3535 3551 Eodem

2007 3572 2165 3623 modo
2208 3569 2455 3624 Christus
2505 3580 2705 3638 septem
2744 3570 3054 3638 litterarum
3102 3578 3187 3623 est
3233 3607 3248 3621 .
3292 3604 3307 3620 .
3346 3605 3361 3619 .
3389 3569 3536 3638 Atque

2006 3640 2105 3693 hac
2141 3640 2352 3693 ratione
2398 3640 2512 3706 ipse
2557 3635 2614 3693 se
2655 3637 2782 3690 dicit
2817 3655 2871 3703 a,
2910 3649 2960 3690 et
3003 3656 3067 3703 ω,
3102 3645 3157 3691 ut
3215 3635 3533 3708 περιστεράν,

2008 3711 2196 3774 idest,
2249 3709 2549 3763 columbam
2602 3709 2799 3762 indicet
2846 3727 2859 3760 :
2915 3709 3057 3761 hunc
3102 3709 3247 3760 enim
3290 3721 3538 3758 numcrum

2007 3779 2165 3832 habet
2196 3781 2307 3833 haec
2333 3779 2465 3831 avis.
2507 3795 2525 3829 ι
2578 3780 2651 3831 Ac
2682 3786 2800 3843 post
2828 3778 3083 3831 Irenaeum
3122 3776 3468 3843 Tertullianus
3494 3774 3533 3824 in

2007 3848 2142 3900 libro
2183 3847 2255 3900 De
2305 3842 2778 3916 prwscriptionibus
2816 3847 3194 3916 _Itazretigorum
3257 3859 3371 3912 cap.
3419 3842 3480 3895 50
3524 3859 3535 3895 :

2013 3935 2030 3968 ι
2069 3916 2278 3972 Marcus
2308 3914 2545 3985 zquidam
2597 3914 2834 3984 (inquit)
2886 3927 2941 3968 et
3011 3915 3341 3969 Colarhasus
3373 3926 3535 3966 novam

2009 3986 2251 4039 haeresim
2284 4002 2350 4040 ex
2384 3987 2690 4040 Grarcorum
2723 3985 3006 4053 alphabeto
3042 3993 3422 4053 componentes
3447 4019 3498 4053 ._.
3528 4018 3538 4030 .

2006 4056 2230 4125 Propter
2275 4057 2411 4111 hanc
2446 4056 2585 4110 cnim
2612 4050 2826 4108 causam
2846 4054 3124 4125 Christum
3161 4050 3379 4125 dixisse;
3401 4070 3417 4101 ι
3448 4050 3540 4117 Ego

2006 4120 2128 4179 suni
2172 4142 2205 4181 α
2255 4135 2309 4179 et
2352 4144 2415 4179 ω.
2478 4143 2496 4176 ι
2552 4124 2785 4191 Denique
2839 4120 3019 4176 Jesutn
3053 4124 3324 4177 Chrisuim
3354 4124 3543 4175 descen-

2007 4196 2177 4259 disse,
2225 4195 2277 4248 id
2327 4206 2429 4257 est,
2474 4195 2773 4248 columbam
2834 4194 2885 4245 in
2934 4192 3116 4247 Jesutn
3160 4195 3393 4254 venisse,
3442 4204 3541 4256 qlta‘.

2006 4264 2195 4319 Graeco
2226 4266 2439 4318 nomine
2473 4280 2591 4318 cum
2633 4261 2931 4334 περιστερά
2962 4264 3333 4334 pronuntietur
3353 4260 3544 4334 ,_liahet

2007 4336 2301 4388 secundum
2335 4349 2637 4396 ntnnerum,
2687 4327 2902 4386 liCCCl.
2945 4327 2970 4383 »⁷
2997 4331 3173 4386 Simili
3207 4331 3359 4384 modo
3383 4327 3542 4381 Hiero-

2008 4419 2200 4475 nymus
2231 4404 2323 4456 lth.
2355 4419 2391 4456 ιι
2427 4405 2477 4456 in
2514 4402 2973 4475 Zachariamcap.
3012 4400 3064 4458 8.
3093 4401 3294 4475 scribit
3321 4417 3341 4475 ;Δ
3365 4417 3382 4449 ι
3417 4396 3543 4461 Quod

357 4459 993 4540 scripsit_Tertullianus,
1019 4483 1163 4540 qua:
1203 4468 1289 4540 bis
1328 4459 1682 4540 aliquantum:
1707 4465 1888 4520 simili:

2021 4459 2188 4529 nutent
2223 4489 2505 4527 numerum
2540 4484 2745 4540 septem
2783 4459 3006 4524 millium
3041 4470 3105 4522 ad
3138 4459 3541 4540 Christiano—rum

358 4548 501 4591 sunt.
534 4536 715 4590 «Tunc
750 4538 836 4593 ille
858 4538 1229 4593 sanctissimus
1257 4536 1507 4606 Spiritus,
1538 4535 1731 4604 inquit.
1889 4574 1905 4588 .

357 4623 523 4674 super
556 4608 802 4674 baptismi
855 4622 1059 4674 aquas,
1107 4605 1356 4675 tanquam
1398 4606 1679 4675 pristinam
1728 4605 1908 4675 sedem

360 4690 769 4745 recognoscens,
803 4677 1157 4745 conquiescit,
1184 4674 1445 4730 columba:
1471 4674 1911 4745 ﬁguratlelapsus

359 4747 414 4799 in
446 4744 751 4818 Dominum,
783 4757 835 4800 ut
871 4744 1059 4799 natura
1085 4746 1316 4814 Spiritus
1342 4746 1513 4818 sancti
1546 4744 1909 4818 declararetur

358 4831 455 4884 per
474 4814 671 4869 animal
702 4817 1079 4886 simplicitatis,
1108 4827 1161 4870 et
1192 4815 1551 4886 innocentia;
1580 4814 1719 4886 quod
1748 4814 1909 4867 etiam

360 4882 715 4953 corporaliter
771 4882 884 4954 ipso
936 4887 1054 4939 t'elle
1102 4882 1607 4954 careat‘columha.
1658 4884 1907 4951 Ideoque,

366 4972 387 5006 ι
420 4955 621 5020 Estote,
662 4974 682 5008 ι
716 4953 907 5025 inquit,
938 4974 955 5006 ι
988 4955 1276 5023 simplices,
1301 4953 1735 5025 sicuteolumbze.
1765 4954 1913 5025 {Cy-

364 5027 579 5093 prianus
609 5023 819 5093 quoque
850 5030 902 5078 in
936 5025 1072 5079 libro
1102 5026 1177 5077 De
1215 5026 1412 5078 unitate
1436 5023 1689 5093 Ecclesin
1712 5023 1912 5093 colum-

362 5092 483 5146 bam
522 5104 679 5147 vocat
718 5092 745 5146 ‹“
776 5095 968 5147 animal
1002 5110 1103 5147 non
1140 5094 1262 5149 felle
1299 5108 1562 5148 amarum.
1601 5111 1620 5145 ι
1656 5092 1723 5147 Ει
1763 5092 1913 5147 Ruﬁ-

362 5178 466 5215 nus
510 5163 562 5213 in
596 5164 851 5219 psalmum
882 5179 1025 5217 van
1080 5164 1273 5218 similia
1302 5164 1485 5219 habet.

434 5230 547 5297 (29)
588 5230 786 5285 Estote.
820 5233 1003 5287 Matth.
1053 5249 1107 5298 Χ,
1143 5233 1229 5287 16.

436 5302 550 5371 (ὅθ)
590 5301 836 5369 Aliquod.
872 5302 1099 5356 Vocibus
1127 5304 1250 5367 illis,
1278 5322 1297 5355 ι
1328 5301 1563 5371 aliquod,
1586 5300 1912 5366 snbindicat,

365 5366 780 5441 quodammodo,
817 5390 835 5422 ι
866 5388 970 5425 non
999 5374 1179 5441 magni
1201 5366 1257 5426 se
1288 5366 1463 5427 facere
1492 5372 1629 5425 hanc
1656 5372 1912 5426 rationem

364 5438 651 5493 manifesto
690 5444 925 5493 ostendit
959 5438 1210 5510 Didymus
1244 5464 1255 5497 :
1297 5458 1361 5496 ac
1408 5442 1598 5494 merito
1640 5442 1851 5510 quidem
1899 5460 1912 5496 :

365 5523 491 5569 nam
522 5520 576 5563 et
614 5510 804 5578 frigida
851 5510 981 5565 satis
1016 5509 1116 5574 est,
1160 5521 1213 5563 et
1245 5527 1307 5564 cx
1339 5511 1551 5565 turbido
1578 5511 1740 5565 etiam
1770 5509 1917 5565 fonte

365 5578 605 5633 derivata
639 5582 869 5645 videtur,
904 5589 961 5633 ut
1004 5596 1125 5634 mox
1160 5581 1354 5634 dicam.

436 5648 548 5721 (51)
590 5649 896 5721 Οσιὶίηθεηια
942 5661 987 5705 et
1035 5667 1213 5703 unum.
1247 5650 1287 5705 Ε
1316 5651 1503 5705 Graeco
1538 5649 1609 5721 ad
1647 5649 1867 5721 verbum
1898 5666 1912 5705 :

372 5733 393 5779 κ
429 5718 509 5778 est
546 5719 871 5777 calculorum
910 5721 1337 5798 octingentorum
1368 5732 1422 5779 et
1461 5720 1636 5779 unius.
1683 5738 1701 5775 ι
1748 5718 1916 5777 Nimi-

2010 4560 2204 4598 nomen
2240 4543 2473 4597 diximus
2504 4537 2793 4610 pertinere,
2833 4551 3057 4608 supputa
3093 4540 3281 4594 Graece
3315 4537 3543 4595 ἐπτακεις

2010 4614 2233 4684 χιλίους,
2266 4623 2320 4665 et
2344 4610 2720 4682 Χριστιανούς,
2749 4622 2802 4664 et
2831 4610 3077 4684 eumdem
3104 4624 3399 4669 numerum,
3425 4621 3543 4684 suni-

2012 4676 2262 4752 inanique
2297 4676 2551 4751 reperies,
2589 4683 2638 4735 id
2669 4690 2771 4745 est,
2806 4681 2951 4733 mille
2995 4688 3291 4749 nongentos
3331 4676 3537 4742 quadra—

2011 4755 2154 4822 ginta
2192 4764 2245 4805 et
2280 4768 2463 4803 unum.
2502 4771 2520 4802 ι

2084 4822 2194 4893 (52)
2228 4822 2573 4893 Expurgavit.
2618 4818 2989 4893 Tertullianus
3020 4816 3161 4893 libro
3204 4814 3540 4893 D_e‘bapti.s_mo

2013 4885 2131 4959 cap.
2173 4885 2250 4946 8:
2290 4885 2322 4942 ι’
2376 4885 2502 4944 Post
2571 4906 2737 4960 aquas
2810 4888 2989 4941 diluvii
3068 4888 3316 4959 {ir-quit)
3379 4885 3544 4953 quibus

2014 4963 2269 5031 iniquitas
2312 4963 2529 5027 antiqua
2568 4968 2789 5029 purgata
2829 4968 2931 5024 est,
2982 4970 3101 5027 post
3132 4960 3468 5028 baptismum,
3498 4960 3542 5005 ut

2015 5032 2085 5085 ita
2115 5034 2364 5095 dixerim,
2403 5031 2605 5093 mundi,
2653 5049 2671 5078 ι
2707 5040 2813 5082 etc.
3482 5092 3490 5095 Α
3550 5072 3559 5091 ,

2085 5100 2197 5170 (55)
2218 5092 2420 5168 Imago.
2454 5092 2682 5153 Constat
2716 5099 2767 5150 id
2802 5095 3043 5170 ex__Petri
3079 5096 3399 5170 testimonio.
3419 5111 3445 5170 _r
3470 5092 3546 5144 Ar-

2015 5165 2217 5226 ca‘No'e
2240 5165 2440 5239 (inquit
2468 5169 2826 5239 Hieronymus
2868 5166 2970 5239 lib.
2988 5178 3167 5219 contra
3204 5165 3538 5239 baciferam“

2016 5257 2137 5311 pag.
2178 5236 2298 5305 I95,
2337 5235 2434 5311 _ed.
2494 5235 2712 5311 Veron.)
2770 5235 3021 5311 Ecclesiae
3049 5247 3203 5311 typus
3226 5236 3341 5311 iuit,
3365 5236 3546 5287 dicente

2017 5303 2175 5364 l‘eiro
2218 5303 2475 5378 Apostolo
2505 5324 2517 5359 :
2554 5327 2573 5359 ι
2603 5309 2657 5361 In
2693 5303 2817 5360 arca
2868 5303 2977 5359 Noe
3010 5303 3183 5374 pauci.
3226 5306 3278 5358 id
3306 5312 3410 5378 ‘est
3438 5310 3541 5355 octo

2017 5381 2209 5433 animae
2255 5374 2415 5433 salvae
2442 5379 2595 5431 facta:
2625 5387 2749 5430 sunt
2786 5389 2881 5443 per
2904 5390 3096 5443 aquam
3135 5391 3148 5426 :
3176 5374 3319 5442 quod
3347 5383 3401 5443 el_
3454 5382 3539 5422 nos

2018 5464 2158 5501 nunc
2188 5450 2378 5502 similis
2417 5448 2599 5503 ferina:
2628 5440 2892 5513 baptisma
2937 5440 3111 5514 salvos
3151 5440 3297 5497 fecit.
3339 5460 3355 5494 ι
3388 5440 3545 5514 Itaque

2018 5519 2381 5572 Tertullianus
2410 5533 2531 5586 cap.
2582 5518 2614 5569 8
2661 5508 2780 5568 libri
2832 5514 2906 5566 De
2948 5513 3201 5583 baptismo
3249 5515 3371 5567 ait:
3427 5529 3445 5563 ι
3475 5508 3547 5560 ubi

2019 5588 2255 5642 Ecclesia
2283 5598 2366 5643 est
2394 5602 2518 5641 arca
2555 5587 2801 5654 ﬁgurata.
2836 5602 2854 5634 ι

2090 5658 2200 5733 (54)
2236 5658 2517 5717 Λιιεὲυὲιθε.
2544 5650 2674 5711 Vide
2703 5664 2811 5709 not.
2847 5654 2898 5720 5,
2933 5665 3050 5727 pag.
3082 5650 3204 5705 252.
