3676 6304
98 327 183 384 697
1091 322 1176 377 DE
1214 323 1585 378 TRINITATE
1623 322 1821 378 LIBER
1861 324 2244 382 SECUNDUS.

3184 328 3286 387 698

98 439 259 507 ἐδήλου
294 433 352 486 τὺ
390 431 694 502 βάπτισμα⁸
734 435 762 486 6
806 431 863 486 δὲ
925 432 1124 504 Φαραὼ
1163 433 1257 486 κοιλ¹
1307 435 1354 485 οἱ
1401 434 1632 498 ὁπλῖται,

1826 433 2110 495 minehant,
2167 433 2433 497 liberavit,
2484 446 2649 506 alque
2683 436 2815 490 adeo
2857 443 2962 490 tota
3002 434 3138 505 fuga:
3175 439 3286 493 illo-

96 529 172 580 τὸν
198 521 363 576 Σατὰν
417 522 511 573 καὶ
546 523 672 583 τοὺς
719 521 996 592 ὑπηρέτας
1043 521 1225 573 αὐτοῦ·
1269 523 1505 590 Μωῦσῆς
1550 523 1626 586 δὲ,

95 620 150 685 τῇ
182 612 348 685 ρἀδῳ
373 612 436 664 τὺ
468 612 664 681 πικρὸν
712 611 856 682 ὕδωρ
914 612 1182 682 χρήσιμον
1232 614 1482 681 ποιήσας,
1524 630 1624 665 σω-

96 705 264 775 τηρίαν
286 702 578 771 καθολικὴν
631 703 1018 774 προηγόρευεν.
1073 703 1241 766 Αὐτὸς
1303 705 1410 775 γὰρ
1464 704 1631 757 τύπον

95 799 261 865 ἔφερεν
298 793 391 846 τοῦ
447 793 702 866 Χριστοῦο
746 797 780 864 ἡ
806 794 862 846 δὲ
899 792 1111 865 ῥάϐδος,
1159 793 1251 846 τοῦ
1281 793 1533 865 σταυροῦ·
1571 795 1632 848 τὸ

94 887 138 938 δὲ
165 885 346 955 πικρὸν
378 883 546 955 ὕδωρ,
591 883 683 936 τοῦ
731 884 1110 954 εύλογηθέντος
1166 884 1352 947 ὓδατος
1399 886 1499 953 τῆς
1543 903 1633 938 κο-

92 974 404 1045 λυμϐήθρας.
445 975 541 1027 τοῦ
569 975 906 1044 δυσχρήστου
932 973 1029 1043 μέν
1063 991 1189 1026 ποτε
1244 975 1496 1044 φανέντος
1520 977 1632 1039 τοῖς

91 1068 334 1128 ἀπίστοις,
369 1067 683 1136 εὑρεθέντος
704 1066 758 1118 δὲ
787 1068 899 1127 τοῖς
925 1068 1130 1129 πιστοῖς
1161 1068 1238 1130 εἰς
1293 1068 1469 1118 πᾶσαν
1505 1067 1633 1119 ἀνά-

89 1157 242 1226 ψυξιν,
275 1157 369 1210 καὶ
418 1174 438 1206 ι
500 1157 587 1219 Ὦς
617 1157 802 1228 δρόσος
847 1155 1113 1226 ’Λερμὼν,
1159 1159 1191 1226 ἡ
1239 1159 1632 1212 καταϐαίνουσα

91 1247 167 1297 ἐπὶ
195 1244 260 1297 τὰ
295 1245 398 1315 ὅρη
440 1245 598 1300 Σιών.
643 1265 662 1298 ι
721 1245 912 1298 Δίδωσι
982 1248 1038 1300 δὲ
1077 1249 1206 1318 ἡμῖν
1242 1249 1320 1310 είς
1357 1247 1513 1300 τοῦτο
1544 1249 1633 1300 εύ-

92 1337 261 1404 πορὲαν
286 1338 594 1408 μαρτυρίας
619 1340 712 1392 καὶ
745 1342 778 1410 ἠ
811 1341 990 1410 βίϐλος
1041 1340 1147 1394 τῶν
1184 1339 1498 1402 Βασιλειῶν,
1539 1342 1633 1392 καὶ

91 1427 205 1497 αὐτὴ
225 1429 278 1479 ἐν
307 1426 437 1498 [122
464 1428 516 1499 b]
537 1431 830 1501 ἀπορρήτῳ
857 1432 925 1485 τὰ
951 1433 1108 1499 ὃμοια
1129 1431 1237 1484 τῶν
1263 1431 1634 1502 προκειμένων

93 1518 460 1586 ὑποφαίνουσα,
512 1522 568 1573 ὲν
603 1523 754 1591 ῥήσει
786 1523 880 1575 καὶ
912 1522 1164 1575 ὑποθέσει
1189 1523 1253 1592 τῇ
1284 1523 1633 1591 ὑπογεγραμα-

93 1611 227 1681 μένη-
257 1629 275 1660 ι
349 1611 672 1678 Ἐλισσαῖος,
731 1615 922 1683 φησὶν,
952 1613 1220 1684 ἐπορεύθη
1267 1615 1381 1684 μετ’
1431 1612 1628 1666 αὐτῶν*

90 1701 168 1753 καὶ
202 1698 359 1770 ἦλθον
391 1704 470 1766 εἰς
518 1704 608 1757 τὸν
645 1705 935 1774 Ἰορδάνην,
993 1707 1086 1759 καὶ
1130 1705 1352 1775 ἔτεμνον
1379 1705 1446 1758 τὰ
1474 1704 1624 1770 ξύλα.

1731 538 1847 576 rum
1889 538 1954 576 ex
1995 523 2230 594 Egypto
2275 525 2524 592 historia,
2571 535 2725 595 typus
2772 534 2887 580 erat
2918 525 3031 595 (55)
3079 526 3288 594 salutis,

1730 631 1892 684 quam
1927 616 1980 669 in
2019 616 2284 684 baptismo
2306 617 2706 685 consequimur.
2743 616 3022 682 Significal
3045 627 3102 671 at
3145 617 3288 671 enim

1731 706 1999 776 .Egypttts
2027 706 2244 775 quidem
2272 708 2550 773 mundum,
2577 709 2629 761 in
2661 722 2789 776 quo,
2823 707 2925 760 nisi
2959 717 3103 761 recte
3139 708 3289 760 viva-

1731 805 1877 863 mns‘,
1910 798 2048 852 male
2101 798 2377 852 nobiscum
2425 801 2629 870 agitur;
2686 800 2907 869 populus
2950 809 3126 854 autem
3173 817 3287 868 eos,

1731 885 1821 950 qui
1851 883 2118 952 baptismo
2156 900 2296 938 nunc
2326 884 2738 952 illuminantur;
2771 903 2923 956 aqua:
2975 903 3124 954 vero,
3169 905 3287 958 quae

1732 974 1928 1043 populo
1976 974 2282 1029 securitatis
2319 975 2484 1030 veluti
2519 978 2862 1032 medialrices
2894 976 3132 1044 fuerunt,
3202 980 3289 1032 ba-

1731 1063 1984 1133 ptismum
2011 1065 2392 1134 designabant;
2443 1065 2655 1121 Pharao
2698 1077 2896 1130 autem,
2943 1083 3006 1122 ac
3047 1069 3242 1124 milites
3268 1110 3284 1132 ,

1734 1155 2006 1217 Satanam,
2040 1154 2261 1223 ejusque
2293 1155 2596 1220 ministros;
2623 1157 2832 1224 Moyses
2850 1170 2997 1219 vero,
3029 1156 3115 1224 qui
3143 1171 3290 1209 ama-

1733 1260 1846 1297 ram
1876 1243 1984 1313 (56)
2013 1260 2203 1314 aquam
2235 1247 2384 1315 virga
2416 1247 2598 1299 utilem
2627 1247 2770 1314 fecit,
2797 1247 3021 1300 salutem
3064 1248 3281 1302 univer-

1732 1331 1899 1385 salem
1973 1332 2383 1400 praenuntiabal.
2452 1334 2570 1402 Ipse
2635 1336 2776 1389 enim
2834 1347 3014 1404 typum
3071 1338 3290 1407 gerebat

1732 1419 1964 1482 Christi;
2024 1421 2168 1487 virga
2240 1436 2387 1484 vero,
2436 1423 2651 1486 crucis,
2693 1439 2828 1493 aqua
2876 1435 3056 1478 autem
3104 1441 3286 1481 al'nars

1735 1510 2064 1564 benedictum
2124 1511 2346 1578 piscina:
2403 1526 2594 1580 aquam
2654 1517 3137 1580 praemonstrabat:
3173 1531 3290 1584 qua:

1732 1617 1870 1668 aqua
1900 1603 2104 1656 inutilis
2135 1604 2350 1672 quidem
2390 1604 2677 1674 aliquando
2703 1606 2818 1658 visa
2842 1615 2926 1661 est
2961 1607 3289 1673 infidelibus,

1736 1691 1978 1747 lidelibus
2001 1707 2132 1747 vero
2162 1694 2308 1747 utilis
2331 1696 2395 1749 ad
2417 1709 2631 1749 omnem
2663 1695 3124 1766 refrigerationem
3152 1711 3294 1751 com-

90 1791 182 1842 Καὶ
209 1769 313 1843 ἰδοὺ
343 1794 374 1844 6
412 1787 494 1855 εἷς
515 1793 591 1855 ὡς
624 1769 948 1847 καταϐάλλει
985 1793 1080 1864 τὴν
1103 1769 1277 1855 δοκὸν,
1298 1792 1358 1845 τὸ
1395 1769 1628 1863 σιδήριον

1827 1794 1876 1836 ta
1896 1793 1994 1848 est,
2025 1794 2078 1838 et
2104 1803 2122 1834 ι
2149 1783 2424 1853 Tanquam
2463 1800 2550 1839 ros
2565 1787 2794 1840 Aermon
2828 1786 2938 1855 (57)
2965 1786 3294 1842 descendens

91 1879 321 1943 ἐξέπεσεν
355 1883 436 1944 εἰς
468 1883 528 1934 τὸ
553 1881 716 1954 ὕδωρ·
753 1884 846 1936 καὶ
880 1882 1190 1953 ἀνεϐόησενο
1211 1879 1282 1934 T0
1327 1879 1500 1952 κύριε
1538 1881 1632 1934 καὶ

1826 1887 1891 1926 er
1913 1884 2119 1928 montes
2143 1873 2291 1928 Sion.
2307 1893 2326 1925 ι
2357 1875 2461 1929 Sed
2480 1875 2613 1929 liber
2633 1891 2844 1944 qttoque
2866 1876 3170 1943 Regnorum
3210 1876 3294 1928 lu-

89 1971 200 2022 αὐτὸ
246 1973 602 2042 κεχρημένον.
653 1976 761 2026 Kal.
781 1970 929 2028 εἶπεν
955 1977 982 2028 6
1023 1974 1305 2046 ἄνθρωπος
1332 1973 1425 2026 τοῦ
1473 1972 1629 2025 Θεοῦ·

91 2062 182 2114 Ποῦ
211 2062 433 2127 ἕπεσενς
471 2066 581 2117 Kal.
633 2065 901 2130 ἐπέδειξεν
957 2067 1103 2136 αὐτῷ
1152 2067 1242 2118 τδν
1287 2067 1468 2119 τόπον.
1524 2066 1633 2118 Kal

91 2153 339 2206 ἀπέκλασε
402 2154 576 2218 ξύλον,
604 2157 698 2209 καὶ
727 2157 946 2227 ἔρριψεν
987 2157 1118 2210 αὐτὸ
1144 2159 1275 2221 ἐκεῖ,
1313 2159 1406 2210 καὶ
1433 2156 1633 2210 ἐπεπό-

93 2243 200 2294 λασε
251 2242 313 2294 τὸ
343 2243 604 2314 σιδήριον·
636 2245 730 2297 καὶ
754 2241 923 2298 εἶπεν·
971 2246 1220 2313 ’Υψωσον
1252 2247 1478 2318 σεαυτῷ.
1529 2247 1635 2299 Καὶ

95 2335 298 2398 ἐξέτεινε
359 2335 462 2404 τὴν
493 2338 651 2406 χεῖρα
677 2317 876 2401 αὐτοῦς
915 2338 1010 2391 καὶ
1054 2337 1244 2390 ἔλαϐεν
1260 2339 1409 2392 αὑτό.
1435 2358 1454 2390 ι
1485 2339 1637 2409 Ἐδη-

96 2425 229 2476 λοῦτο
263 2424 402 2495 γὰρ..
427 2425 515 2478 διὰ
560 2427 658 2496 μὲν
701 2427 1001 2481 Ἐλισσαίου
1041 2428 1136 2480 τοῦ
1191 2427 1478 2499 ἀνθρώπου
1541 2428 1634 2482 τοῦ

96 2513 208 2566 Θεοῦ
236 2513 327 2566 τοῦ
357 2513 684 2584 πυθομένου,
717 2537 735 2568 ι
770 2516 878 2568 Ποῦ
928 2517 1180 2582 ἐξέπεσεν
1238 2520 1270 2588 ἡ
1317 2518 1472 2588 ἀξίνη
1501 2535 1515 2583 ;
1564 2539 1581 2571 ι
1607 2521 1636 2572 6

100 2603 216 2672 μετὰ
269 2604 579 2673 ἀνθρώπων
629 2606 919 2676 γενόμενος
969 2607 1119 2671 Θεὸς,
1168 2610 1196 2660 6
1244 2609 1409 2662 πάλαι
1445 2609 1632 2662 εἰπών·

103 2713 119 2744 ι
163 2695 336 2767 Ἀδὰμ,
365 2697 467 2749 ποῦ
498 2693 574 2762 εἶ;
614 2716 633 2748 ι
666 2698 753 2750 διὰ
778 2698 832 2751 δὲ
852 2697 945 2750 τοῦ
980 2698 1096 2760 ἐνὸς
1123 2698 1431 2769 προσώπου,
1462 2700 1554 2753 τοῦ
1577 2700 1638 2752 τὸ

101 2785 230 2850 ξύλον
259 2787 711 2852 καταϐάλλοντος,
743 2791 834 2841 καὶ
864 2791 1288 2856 ἐπιδεικνύοντος
1333 2793 1422 2847 τὸν
1453 2794 1634 2857 τόπον,

99 2879 148 2929 ἐν
185 2873 226 2946 ᾧ
270 2881 304 2949 ἠ
330 2880 490 2950 ἀξίνη
534 2879 745 2943 ἔπεσεν,
773 2884 802 2934 6
837 2881 1006 2952 Ἀδὰμ
1030 2884 1058 2933 6
1088 2882 1166 2953 τῷ
1221 2885 1472 2956 ἀλαθήτῳ
1522 2885 1639 2956 Θεῷ

98 2970 526 3041 ἀποκρινάμενος·
557 2991 576 3024 ι
614 2973 820 3043 Γυμνός
842 2976 974 3044 εἰμι,
1002 2975 1095 3028 καὶ
1120 2975 1375 3047 ὲκρύόην,
1410 2997 1427 3028 ι
1450 2979 1543 3031 καὶ
1561 2979 1639 3050 τῷ

100 3061 257 3130 τοιᾷδε
313 3064 519 3132 ῥήματι
573 3062 752 3127 δείξας
793 3064 882 3116 τὸν
935 3064 1119 3129 τόπον,
1156 3065 1283 3119 ἔνθα
1331 3067 1640 3137 αἰδούμενος
1669 3111 1714 3172 c

102 3151 368 3172 ιμ,Α⁸---ᾉ-
450 3153 524 3172 Ei,
562 3153 610 3172 01
649 3153 882 3172 19,\,~,,
1005 3157 1018 3172 \
1099 3156 1114 3172 \
1264 3157 1277 3172 ι
1395 3153 1422 3172 'I'
1473 3157 1532 3172 nl

101 3151 401 3222 ἐκρύπτετο,
447 3153 528 3205 ἔτι
559 3153 616 3205 δὲ
646 3153 897 3222 ἐδηλοῦτο
936 3157 1028 3209 καὶ
1065 3156 1125 3209 τὸ
1155 3157 1340 3225 φυτὸν,
1365 3153 1426 3212 οῦ
1468 3157 1643 3228 ἥψατο

98 3243 180 3294 οὐκ
204 3246 278 3305 είς
304 3243 447 3296 δέον*
477 3244 564 3298 διὰ
593 3245 650 3298 δὲ
694 3245 789 3297 τοῦ
819 3246 1073 3310 πεσόντος
1105 3248 1320 3318 σιδήρου
1351 3250 1429 3312 είς
1460 3249 1519 3302 τὸ
1551 3249 1647 3319 βά-

100 3334 174 3396 θος
196 3334 252 3386 τὸ
276 3335 508 3402 ἀφανὲς,
560 3339 594 3406 ἡ
635 3335 861 3406 δύναμις
900 3337 998 3408 τῆς
1040 3338 1379 3410 ἀνθρωπείας
1436 3339 1648 3408 φύσεως

99 3423 422 3490 ἐσημαίνετο,
455 3427 489 3494 ἡ
518 3425 821 3479 ἐκπεσοῦσα
853 3424 946 3478 τοῦ
979 3427 1153 3493 φωτὸς
1195 3428 1356 3480 ἓνεκα
1387 3427 1480 3481 τοῦ
1525 3431 1634 3481 ἐπι-

100 3513 257 3566 θαλείν
290 3518 453 3585 χεῖρα
484 3517 563 3578 είς
589 3516 649 3569 τὸ
679 3516 831 3582 ξύλον
881 3518 982 3588 τῆς
1029 3517 1194 3588 ζωῆςο
1221 3518 1308 3571 διὰ
1339 3519 1394 3571 δὲ
1422 3519 1516 3572 τοῦ
1547 3519 1648 3587 φά-

99 3623 169 3656 ναι
221 3607 300 3659 δτι
352 3602 424 3677 ἦν
477 3608 572 3659 καὶ
599 3608 729 3660 αὐτὸ
780 3609 1134 3679 κεχρημένον,
1192 3608 1254 3661 τὸ
1318 3609 1458 3662 δόσει
1513 3609 1646 3663 Θεοῦ

101 3698 363 3766 ἐτχηκέναι
400 3697 492 3751 τὸν
522 3699 958 3770 πρωτόπλαστον,
1003 3702 1070 3771 ἢν
1095 3701 1274 3771 ἀφῆκε
1308 3701 1554 3770 δύναμιν,
1581 3702 1648 3773 ἢν

102 3792 178 3841 καί
217 3791 320 3844 ἔδει
353 3790 435 3862 τῷ
467 3790 740 3856 δεδωκότι,
769 3793 886 3846 οἵαν
937 3793 1158 3864 εἴληφεν
1207 3793 1513 3848 ἀποδοῦναι·
1562 3793 1650 3847 διὰ

101 3881 145 3933 δὲ
171 3881 255 3934 τοῦ
305 3881 610 3953 ληφθέντος
639 3883 817 3947 ξύλου,
853 3886 947 3938 καὶ
982 3885 1230 3956 ῥιφέντος
1260 3885 1399 3939 κατὰ
1430 3886 1525 3938 τοῦ
1565 3886 1649 3940 τό-

103 3990 185 4026 που
208 3975 295 4027 τοῦ
328 3976 550 4044 ἔχοντος
575 3975 636 4028 τὸ
667 3976 1014 4047 ζητούμενον,
1036 3981 1064 4031 6
1097 3976 1465 4047 πολυύμνητος
1497 3994 1651 4029 σταυ-

105 4064 193 4134 ρὸς·
221 4065 308 4118 διὰ
335 4065 396 4118 δὲ
441 4063 540 4118 τοῦ
575 4063 706 4136 [125
736 4065 791 4137 a]
833 4065 1116 4135 Ἰορδάνου,
1151 4066 1213 4118 τὸ
1239 4067 1504 4120 ἀθάνατον
1551 4065 1650 4134 βά-

103 4171 302 4226 πτισμα·
334 4159 396 4209 ἐν
421 4157 533 4226 γὰρ
558 4155 633 4226 τῷ
669 4157 905 4227 Ἰορδάνῃ
935 4157 1066 4210 ὁτὸν
1103 4156 1371 4226 Ἰορδάνην
1401 4157 1646 4226 ποιήσας,

104 4246 434 4316 βαπτισθῆναι
463 4247 531 4300 δι’
559 4249 707 4319 ἡμᾶς
732 4247 1081 4318 κατηξίωσεν.
1116 4247 1212 4300 Διὰ
1245 4247 1302 4301 δὲ
1337 4246 1429 4300 τοῦ
1461 4249 1651 4301 ἐπιπο-

104 4340 236 4393 λάσαι
269 4343 383 4404 τοῖς
425 4339 582 4392 ὕδασι
621 4339 714 4392 τὸν
743 4339 976 4408 σίδηρον,
1011 4339 1104 4391 καὶ
1143 4336 1317 4390 ἐλθεῖν
1373 4336 1508 4406 πρὸς
1559 4337 1648 4388 τὸν

1733 1963 2002 2017 culentum
2056 1965 2210 2019 nobis
2260 1966 2362 2020 hac
2407 1966 2474 2020 de
2524 1981 2582 2020 re
2641 1969 2846 2035 przebet
2899 1967 3287 2031 testimonium,

1733 2069 1855 2106 cum
1884 2063 1938 2108 et
1971 2054 2086 2122 ipse
2118 2054 2315 2109 similia
2346 2057 2772 2126 praecedentibus
2807 2071 3004 2110 arcane
3046 2055 3290 2110 subindi-

1733 2154 1816 2198 cet
1852 2145 1902 2197 in
1929 2145 2164 2214 capitulo
2194 2154 2356 2215 atque
2381 2147 2621 2214 historia,
2652 2160 2768 2215 qua:
2797 2147 2884 2202 hic
2911 2145 3289 2202 subscribitur.

1741 2253 1759 2286 ι
1788 2235 2010 2290 Elisteus
2071 2236 2283 2308 (inquit)
2325 2238 2415 2291 ivit
2455 2237 2563 2308 (58)
2599 2253 2719 2292 cum
2773 2240 2854 2293 eis
2888 2257 2904 2292 :
2944 2247 2998 2293 et
3034 2245 3298 2291 venerunt

1735 2330 1801 2379 ad
1824 2326 2129 2394 Jordanem,
2161 2339 2216 2383 et
2241 2329 2520 2384 caedebant
2546 2331 2706 2399 ligna.
2739 2329 2807 2383 Et
2835 2343 2964 2384 ecce
2999 2344 3134 2383 unus
3160 2328 3286 2383 dum

1736 2418 1923 2488 dejicit
1971 2421 2201 2484 trabem,
2274 2420 2474 2476 ferrum
2520 2421 2714 2476 cecidit
2763 2421 2926 2492 266
2971 2422 3022 2474 in
3078 2435 3292 2490 aquam.

1736 2510 1803 2563 Et
1858 2511 2217 2565 exclamavit:
2261 2525 2294 2566 ο
2348 2511 2605 2565 domine:
2644 2523 2690 2566 et
2732 2511 2863 2565 illud
2897 2512 3294 2564 commodatum

1739 2601 1982 2673 (fuerat).
2015 2602 2081 2656 Et
2110 2603 2245 2656 dixit
2271 2602 2436 2657 homo
2465 2603 2594 2656 Dei:
2629 2601 2726 2656 Ubi
2757 2601 2988 2656 cecidit?
3024 2602 3088 2655 Et
3113 2611 3295 2656 osten-

1737 2693 1814 2745 dit
1841 2693 1890 2745 ei
1945 2691 2142 2755 locum;
2202 2700 2257 2744 et
2311 2691 2469 2760 Degit
2520 2691 2747 2760 lignum,
2795 2699 2849 2744 et
2888 2689 3016 2742 illud
3072 2689 3296 2758 projecit

1737 2781 1881 2844 illnc,
1912 2791 1966 2836 et
1995 2783 2257 2835 innatavit
2289 2782 2510 2836 ferrum.
2541 2783 2606 2836 Et
2638 2782 2814 2836 dixit:
2842 2779 3046 2834 Attolle
3071 2780 3188 2834 tibi.
3228 2777 3297 2833 Et

1737 2872 1978 2928 extendit
2030 2889 2247 2926 manum
2293 2888 2468 2936 suam,
2517 2880 2570 2928 et
2614 2875 2823 2942 accepit
2861 2871 3010 2926 illud.
3038 2890 3057 2923 ι
3085 2870 3292 2926 Etenim

1737 2979 1834 3033 per
1862 2963 2111 3019 Elisteum
2145 2965 2362 3034 quidem
2398 2966 2666 3019 hominem
2711 2967 2824 3029 Dei,
2869 2973 2924 3018 et
2967 2964 3300 3032 interrogan-

1746 3064 1874 3117 tem,
1939 3073 1957 3106 ι
1984 3055 2084 3110 Ubi
2136 3057 2330 3110 cecidit
2361 3075 2380 3108 ι
2421 3057 2664 3112 securis?
2696 3056 3100 3127 signiﬁcabatur
3137 3053 3298 3121 Deus,

1744 3148 1834 3216 qui
1867 3163 1986 3201 cum
2018 3149 2324 3203 hominibus
2349 3160 2595 3204 versatus
2620 3157 2723 3213 est,
2755 3149 2956 3217 quique
2985 3146 3112 3202 olim
3135 3146 3298 3201 dixit:

1749 3241 1950 3292 tAdam
1979 3239 2115 3310 (59),
2136 3240 2223 3293 ubi
2250 3256 2308 3294 es
2328 3241 2352 3293 7
2374 3259 2394 3292 ι
2449 3239 2552 3295 Per
2610 3254 2768 3293 unam
2819 3253 2947 3293 vero
2999 3251 3299 3309 personam,

1743 3343 1861 3398 quae
1897 3330 2094 3400 lignum
2136 3330 2343 3398 dejicit,
2393 3340 2448 3384 et
2496 3330 2735 3386 ostendit
2777 3329 2975 3394 locum,
3025 3328 3077 3382 in
3126 3341 3288 3396 quem

1743 3424 1946 3479 securis
1997 3424 2210 3488 cecidit,
2262 3423 2499 3478 Adamus
2555 3423 2968 3494 designabatur,
3024 3421 3114 3488 qui
3171 3418 3306 3474 Deo-

1744 3529 1905 3584 quem
1963 3513 2096 3567 nihil
2151 3513 2300 3577 latet,
2358 3513 2654 3581 respondit,
2688 3531 2706 3563 ι
2732 3511 2914 3565 Nudus
2941 3509 3052 3579 (40)
3078 3524 3218 3570 sum.
3249 3514 3304 3561 et

1743 3618 1832 3657 me
1887 3604 2162 3669 abscondi,
2201 3622 2219 3654 ι
2275 3611 2436 3672 atque
2485 3602 2570 3656 his
2609 3601 2788 3656 verbis
2835 3600 3007 3654 locum
3045 3598 3300 3662 ostendit,

1745 3695 1834 3749 ubi
1889 3710 2000 3764 pra:
2053 3694 2374 3748 verecundia
2435 3708 2552 3748 sese
2609 3693 2971 3747 abscondebat
3019 3707 3033 3744 :
3089 3691 3305 3756 insuper

1746 3801 1874 3840 vero
1931 3785 2278 3839 indicabatur
2331 3785 2493 3838 etiam
2556 3785 2776 3854 planta,
2832 3797 2993 3851 quam
3048 3781 3304 3850 tetigerat

1746 3886 1930 3932 contra
1966 3877 2086 3942 fas;
2113 3891 2208 3943 per
2237 3875 2437 3930 ferrum
2480 3885 2681 3938 autem,
2729 3875 2871 3944 quod
2901 3873 3092 3928 cecidit
3119 3874 3170 3925 in
3205 3874 3306 3926 ob-

1748 3985 1958 4023 scuram
1989 3968 2436 4037 profunditatem,
2471 3968 2550 4021 vis
2581 3969 2827 4022 humana:
2851 3976 3057 4020 natura:
3085 3967 3308 4020 denota-

1748 4061 1925 4125 hatur,
1963 4075 2083 4130 qua:
2129 4060 2332 4113 excidit
2358 4075 2386 4112 a
2420 4059 2556 4124 luce,
2602 4068 2884 4128 propterea
2917 4058 3058 4126 quod
3090 4071 3306 4111 manum

1750 4152 1990 4219 iniecerit
2044 4151 2204 4205 homo
2266 4152 2319 4204 in
2366 4151 2565 4219 lignum
2606 4145 2760 4214 vitae;
2801 4163 2898 4218 per
2934 4149 2984 4202 id
3011 4162 3140 4202 vero
3165 4148 3306 4216 quod

1749 4241 1904 4305 dixit,
1951 4259 1970 4292 ι
1999 4243 2062 4296 Ει
2092 4241 2224 4294 illud
2257 4241 2653 4295 commodatum
2689 4242 2882 4304 fuerat,
2917 4258 2935 4291 ι
2971 4238 3309 4310 signiﬁcaba-

1753 4343 1858 4397 tur,
1893 4347 1958 4386 ex
1986 4333 2126 4386 dono
2155 4333 2246 4387 Dei
2279 4331 2530 4386 habuisse
2548 4332 2934 4402 prot0plastum
2965 4346 3108 4395 eam,
3143 4343 3306 4399 quam

106 4429 440 4493 ἀπολέσαντα,
472 4428 536 4481 τὸ
569 4428 656 4480 διὰ
694 4427 790 4481 τοῦ
821 4429 1163 4498 φωτίσματος
1191 4429 1272 4490 είς
1314 4428 1374 4480 τὸ
1403 4428 1647 4496 οὐράνιον

1826 4425 1932 4478 Iisit
1959 4425 2106 4488 vim;
2138 4437 2297 4492 quam
2349 4424 2512 4477 etiam
2558 4423 2706 4476 illum
2760 4422 3044 4490 oportebat
3095 4419 3165 4481 ei,
3216 4419 3308 4487 qui

107 4522 447 4593 ἀναφέρεσθαι
483 4522 703 4591 ὕψωμα,
748 4521 840 4574 καὶ
870 4521 968 4591 τὴν
997 4520 1262 4592 προτέραν
1290 4518 1644 4588 ἀποδέχεσθαι

106 4613 372 4684 χάριν,καὶ
417 4613 516 4683 τὴν
564 4613 797 4684 ἀρχαίαν
837 4610 1236 4681 ἀπολαμϐάνειν
1273 4610 1522 4681 πατρίδα·
1560 4609 1646 4662 διὰ

167 4833 266 4900 (55)
302 4833 480 4902 Typus
509 4841 646 4885 erat.
680 4830 806 4885 “me
849 4831 936 4886 vix
1001 4831 1220 4900 attingit
1277 4829 1643 4902 Tertullianus

113 4903 188 4958 lib.
211 4904 277 4957 De
302 4900 449 4966 tam.
474 4919 592 4970 cap.
617 4903 670 4957 9.
704 4903 866 4957 Valde
901 4902 1091 4956 similia
1125 4915 1250 4954 vero
1281 4901 1441 4970 habet
1470 4900 1644 4954 Theo-

115 4976 301 5026 doretus
331 4975 385 5027 in
412 4967 824 5026 Commentariis
851 4974 902 5024 in
936 4971 1105 5039 Epist.
1136 4969 1246 5022 lad
1275 4967 1396 5024 Cor.
1429 4984 1544 5034 cap.
1585 4985 1641 5031 x,

115 5056 233 5096 vers.
258 5045 306 5105 Ι,
337 5055 474 5096 tom.
513 5041 595 5104 III,
633 5058 754 5111 pag.
794 5041 914 5095 166.
951 5041 1109 5111 Lege,
1135 5040 1178 5092 si
1215 5039 1407 5108 placet,
1433 5055 1549 5111 qua:
1579 5041 1644 5091 de

116 5126 248 5166 sensu
278 5113 508 5183 mystico
538 5109 673 5165 libro
700 5127 774 5183 xu
811 5123 992 5183 contra
1028 5109 1310 5183 Faustum
1329 5123 1445 5177 cap.
1473 5109 1551 5183 ἩΔ
1592 5115 1646 5161 et

118 5198 245 5250 seqq.
288 5179 510 5251 scripsit
553 5182 886 5249 Augustinus
923 5179 1039 5234 :ibi
1093 5180 1237 5235 enim
1299 5180 1412 5232 hate
1443 5187 1497 5231 et
1540 5179 1654 5248 ipse

116 5253 328 5319 eteuupla
347 5251 577 5322 profert.

174 5317 272 5390 (36)
305 5317 581 5377 Ainaram.
609 5319 969 5373 Tertullianns
994 5319 1228 5373 breviter
1254 5317 1651 5390 haecexponit.

123 5409 139 5441 ι
170 5387 283 5444 Item
310 5393 431 5464 (ait)
487 5405 626 5464 aqua
684 5391 750 5464 de
789 5391 1166 5464 amaritudinis
1212 5387 1444 5464 vitiouin
1499 5402 1652 5464 usum

121 5456 436 5515 coniunctium
471 5456 756 5515 suavitatis
803 5459 965 5513 Mosei
1004 5459 1144 5527 ligno
1183 5457 1528 5512 remediatur.
1560 5456 1653 5508 Li-

121 5545 257 5595 guum
292 5532 421 5584 illud
451 5540 571 5584 erat
603 5530 871 5593 Christus,
903 5539 1176 5581 venenatae
1204 5536 1258 5580 et
1297 5540 1494 5579 amarae
1518 5537 1662 5580 retro

1753 4517 1924 4586 ipsam
1952 4515 2198 4576 dederat.
2227 4514 2387 4569 talem
2426 4514 2706 4570 restituere
2744 4515 2957 4582 qualem
2999 4519 3303 4580 acceperat.

1751 4607 1855 4662 Per
1885 4606 2083 4677 lignum
2135 4621 2286 4671 vero,
2326 4606 2468 4676 quod
2495 4616 2772 4675 acceptum
2797 4613 2898 4669 est,
2925 4616 2977 4658 et
3009 4603 3306 4673 projectum

1820 4827 1931 4896 (57)
1960 4825 2228 4895 Tanquam
2261 4841 2346 4879 ros
2404 4827 2646 4879 Aermom
2681 4823 2757 4877 Ex
2819 4822 3202 4896 Psal._cxxm,
3253 4825 3307 4878 5.

1751 4893 2030 4951 Hebraeum
2068 4893 2362 4964 exemplar,
2409 4907 2461 4948 et
2509 4896 2724 4962 Vulgata
2750 4893 3262 4964 translatiohabent
3293 4909 3308 4948 :

1753 4986 1772 5018 ι
1811 4966 2079 5020 llermon:
2118 4983 2136 5015 ι
2171 4963 2353 5019 Graeca
2377 4965 2545 5019 Biblia
2579 4973 2630 5017 et
2671 4964 2922 5031 Didymus
2952 4977 2964 5013 :
2992 4963 3308 5027 «Αειίιιοιι,›

1749 5051 1931 5091 vocem
1975 5036 2180 5089 scilicet
2209 5036 2377 5088 tribus
2408 5042 2738 5089 constantem
2769 5032 3005 5101 syllabis.

1830 5107 1942 5176 (38)
1977 5175 1980 5176 ν
2010 5104 2142 5176 luit,
2194 5115 2320 5176 etc.
2354 5102 2739 5176 lV__rlleg._v1,
2800 5099 2943 5176 l_-7._
2973 5099 3316 5176 compluten-

1757 5170 2024 5230 sis‘editio
2079 5175 2257 5231 aliter.
2297 5175 2366 5226 At
2400 5170 2580 5226 Biblia‘
2607 5170 2946 5242 Francofurti
2975 5173 3116 5224 edita
3153 5171 3316 5242 Didy-

1760 5247 1833 5298 mi
1858 5245 2142 5298 lectionem
2172 5246 2224 5296 iu
2259 5243 2442 5296 multis
2481 5243 2760 5296 exhibent.
2796 5239 3091 5309 Utramque
3118 5239 3315 5295 editio-

1759 5329 1878 5370 nem
1905 5316 2147 5369 conl‘erat
2172 5314 2338 5366 lector
2370 5328 2490 5366 cum
2532 5315 2632 5366 hoc
2660 5311 2866 5380 Didymi
2901 5310 3036 5364 loco.

1830 5384 1944 5456 (59)
1993 5384 2188 5456 Adam.
2247 5381 2382 5456 _Ge_n_.
2433 5397 2515 5456 ιιι,
2561 5382 2614 5436 9.
2659 5382 2865 5456 ῌοωιιι
2918 5390 3096 5456 autem
3129 5394 3316 5434 omnes

1771 5451 2028 5524 theologi,
2065 5453 2192 5521 quid
2228 5452 2294 5524 de
2325 5453 2480 5507 Verbi
2523 5463 2644 5506 ante
2677 5451 3106 5524 lucarnationem
3147 5464 3312 5524 appa-

1771 5517 2054 5577 ritiouibus
2082 5517 2353 5575 Senserint
2377 5524 2696 5576 vetustiores
2725 5519 2935 5585 Patres,
2963 5532 3100 5587 quos
3137 5517 3314 5588 sequi-

123 5588 477 5655 uaturaevenas
518 5601 571 5654 in
599 5588 974 5654 saluberrimas
991 5613 1155 5664 aquas
1171 5595 1660 5664 haptismi,scilicet
1768 5604 1856 5648 tur
1891 5594 2067 5664 h_oc__in
2096 5592 2522 5664 loco_Didymus,
2545 5601 2618 5664 Aut
2647 5600 2701 5648 et
2725 5606 2894 5661 segtn.
2925 5590 2993 5642 52
3020 5588 3070 5641 ὁ.

123 5683 179 5720 ex
218 5685 330 5725 sese
382 5671 704 5726 rentedians.
743 5687 762 5720 ι
801 5667 927 5733 Quae
980 5681 1108 5720 vero
1148 5667 1404 5734 Didymus
1441 5665 1656 5734 subjicit

123 5751 270 5810 usque
282 5739 348 5796 ad
369 5756 536 5812 segm.
563 5740 664 5795 125
682 5739 734 5806 ί),
748 5740 814 5794 de
831 5740 893 5795 tis
907 5754 1010 5794 nou
1029 5733 1261 5809 loquitur
1275 5733 1648 5793 Tertullianus.

1835 5662 1948 5734 (40)
1976 5661 2182 5720 Nudus.
2212 5659 2362 5718 Gen.
2383 5677 2464 5728 ιιι,
2501 5661 2586 5718 10.
