3740 6304
398 286 503 340 699

1602 280 1835 335 DIDYMI
1879 278 2335 335 ALEXANDRINI

3522 282 3625 336 700

400 402 453 454 iu
503 415 624 453 eum
678 399 876 462 locum,
930 399 1018 453 ubi
1045 407 1160 455 erat
1184 398 1324 469 quod
1359 398 1721 468 quaerebatur,
1750 409 1957 458 sancta,

2094 396 2114 447 ὲ
2156 392 2246 446 τοῦ
2281 393 2529 463 γράφειν,
2563 411 2581 443 ι
2608 393 2857 462 ’Υψωσον
2916 394 3147 466 σεαυτῷ,
3188 414 3206 447 ι
3252 396 3347 448 καὶ
3374 395 3460 448 διὰ
3506 398 3623 461 τοῦ,

402 490 720 560 hymnisqtte
797 493 1011 557 semper
1070 491 1389 545 celebranda
1455 506 1587 543 crux
1649 490 1963 557 designaba-

400 588 488 631 tur
538 578 672 647 (ll);
725 592 817 646 per
870 578 1160 632 Iordanem
1216 579 1378 649 267
1437 594 1598 643 vero,
1662 578 1964 632 immortale

399 670 699 737 baptisma;
740 685 862 723 nam
910 671 962 722 in
1002 668 1234 724 Jordane
1292 672 1337 724 is
1376 670 1464 738 qui
1498 668 1785 723 Iordanem
1816 668 1962 722 fece-

402 770 506 824 rat,
539 760 800 828 baptizari
846 771 1063 829 propter
1100 777 1194 815 nos
1250 762 1496 830 dignatus
1534 772 1635 815 est.
1675 761 1826 815 Ferri
1868 776 1962 814 au-

403 858 507 902 tem
560 850 820 903 innatalio
862 852 915 905 in
963 852 1137 919 aquis,
1174 851 1397 921 ejusque
1438 865 1686 905 accessus
1730 850 1794 904 ad
1842 865 1961 904 eum

401 938 491 1006 qui
527 938 655 992 illud
682 940 959 1003 amiserat,
986 941 1345 1006 signiﬁcabat,
1379 956 1475 994 nos
1508 956 1603 1007 per
1640 940 1960 1007 baptismum

404 1029 455 1082 in
492 1029 767 1084 etelestem
804 1031 1188 1085 sublimitatem
1218 1031 1423 1094 extolli,
1450 1038 1505 1084 et
1534 1030 1812 1097 pristinam
1844 1044 1963 1091 gra-

401 1121 533 1172 tiam
561 1122 856 1189 suscipere,
889 1130 943 1174 et
969 1132 1200 1175 veterem
1228 1122 1453 1189 patriam
1490 1121 1746 1187 recipere.
1786 1118 1959 1173 Verba

401 1225 530 1265 vero
572 1210 681 1271 illa,
715 1231 733 1262 ι
766 1212 951 1265 attolle
997 1212 1114 1275 tibi,
1141 1233 1159 1264 ι
1199 1222 1357 1279 atque
1391 1212 1503 1265 haec
1542 1210 1666 1273 alia,
1715 1230 1732 1261 ι
1766 1211 1963 1264 Exten-

399 1301 480 1355 dit
515 1316 730 1355 manum
760 1311 816 1355 et
860 1302 1098 1370 accepit,
1135 1320 1153 1353 ι
1187 1301 1523 1370 signiﬁcant,
1567 1316 1701 1369 opus
1739 1316 1859 1355 esse
1908 1311 1964 1353 ut

406 1392 666 1458 sciamus,
709 1394 852 1463 quod
879 1394 965 1448 ille
1003 1393 1116 1463 ipse
1144 1434 1158 1456 ,
1202 1394 1293 1462 qui
1324 1393 1390 1447 ad
1430 1394 1750 1463 baptismum
1782 1409 1963 1447 acces-

400 1484 498 1549 sit,
526 1486 746 1538 credere
784 1485 960 1552 debet,
1002 1494 1056 1538 et
1103 1485 1366 1548 attollere,
1419 1486 1471 1538 id
1517 1494 1622 1547 est,
1661 1484 1965 1553 gloriﬁcare

399 1575 512 1645 (42)
549 1591 612 1630 eo
645 1578 822 1642 modo,
859 1578 947 1645 qui
993 1576 1243 1646 baptismi
1305 1577 1420 1646 lege
1460 1593 1520 1631 ac
1549 1576 1773 1631 formula
1825 1590 1963 1641 prie-

400 1670 635 1736 scriptus
675 1669 793 1734 luit,
841 1679 895 1723 et
950 1669 1069 1724 illas
1109 1684 1299 1724 manus
1340 1684 1482 1723 nunc
1527 1681 1669 1724 recte
1694 1668 1758 1721 ad
1792 1668 1957 1721 Deum

2073 502 2091 534 ι
2145 484 2401 547 Ἐξέτεινε
2429 483 2526 554 τὴν
2556 487 2730 554 χεῖρα,
2764 486 2857 538 καὶ
2881 486 3057 548 ἔλαϐε,
3116 506 3134 537 ι
3176 486 3237 538 τὸ
3272 486 3381 539 δεῖν
3410 488 3621 550 εἰδέναι,

2064 575 2137 638 ὼς
2171 575 2329 627 αὑτὸν
2363 574 2452 626 τὸν
2508 575 2796 644 προσιόντα
2853 575 2928 645 τῷ
2963 578 3291 646 φωτῖσματι,
3342 578 3624 631 πιστεῦσαι

2066 664 2257 735 χρεὼν,
2287 665 2381 717 καὶ
2425 663 2655 733 ὑψῶσαι,
2684 665 2825 717 τοῦτ’
2866 665 2979 718 ἔστι
3034 667 3500 732 δοξάσαι,οὖτως,
3552 672 3623 732 ὡς

2066 756 2423 825 βαπτισθῆναι
2464 757 2879 826 προστέτακται,
2908 758 3001 809 καὶ
3030 758 3264 811 ἐκτεῖναι
3286 758 3379 810 νῦν
3400 759 3498 822 τὰς
3514 764 3621 829 χεῖ-ι

2067 864 2164 918 ρας
2194 846 2369 909 καλῶς
2398 850 2477 910 είς
2523 846 2614 898 τὸν
2636 842 2792 912 Θεὸν,
2828 848 2893 910 ἃς
2926 849 3115 911 πάλαι,
3157 848 3235 919 τῷ
3276 850 3443 919 κοινῷ
3484 851 3625 920 λόγῳ

2062 938 2158 1005 τῆς
2196 937 2330 1007 πρὸς
2362 938 2451 990 τὸν
2495 939 2664 1008 Ἀδὰμ
2699 938 2932 1007 φυσικῆς
2960 938 3221 1002 ὲνὼσεως,
3246 940 3307 992 οὑ
3343 940 3521 1003 καλῶς
3548 945 3623 1004 εἰς

2062 1029 2121 1080 τὸ
2150 1029 2313 1097 φυτὸν
2360 1030 2454 1098 τῆς
2490 1030 2633 1099 ζωῆς
2656 1030 2934 1083 ἐπέϐαλεν.
2974 1031 3076 1082 Τὸν
3106 1030 3160 1083 δὲ
3201 1032 3480 1085 ἀνανεύειν
3508 1033 3625 1085 ἐθέ-

2063 1117 2236 1180 λοντα,
2293 1119 2371 1170 ὄτι
2406 1119 2497 1171 καὶ
2543 1119 2601 1171 τὸ
2630 1120 2825 1189 χωρίον
2855 1118 3011 1171 τοῦτο
3043 1121 3343 1189 προφητεία
3372 1123 3502 1190 περὶ
3531 1122 3622 1174 τοῦ

2065 1206 2433 1277 βαπτίσματός
2476 1211 2643 1271 ἐστιν,
2692 1210 2838 1275 ἀξιον
2884 1212 3150 1273 ἀπαιτεῖν,
3196 1212 3246 1263 τί
3272 1212 3331 1263 τὸ
3361 1215 3623 1282 χρήσιμον

2063 1299 2168 1350 τῶν
2198 1300 2411 1352 τοιῶνδε
2460 1301 2717 1371 ῥημάτων
2762 1301 2854 1353 καὶ
2887 1301 3254 1372 διηγημάτων,
3278 1303 3414 1372 πρὸς
3444 1305 3472 1355 δ
3508 1304 3623 1372 βλέ-

2064 1406 2179 1441 πων
2212 1389 2239 1440 6
2270 1390 2411 1460 ἱερὸς
2466 1394 2814 1461 συγγραφεὺς
2853 1392 3025 1444 ταῦτα
3076 1392 3337 1449 τέθεικεν.
3368 1396 3481 1447 Καὶ
3526 1396 3622 1463 τῆς

2064 1482 2119 1532 ὲν
2149 1481 2355 1552 ἰεριχὼ
2379 1484 2435 1535 δὲ
2465 1485 2646 1553 πηγῆς
2668 1485 2729 1537 τὸ
2766 1486 2958 1555 πικρὸν
2993 1486 3084 1538 καὶ
3118 1487 3433 1554 ἀγονοποιὸν
3461 1488 3619 1558 ὕδωρ,

2065 1572 2331 1641 προσηνὲς
2356 1574 2449 1626 καὶ
2475 1574 2692 1643 γόνιμον
2721 1575 3047 1638 ἀποτελέσας
3074 1577 3102 1627 6
3133 1577 3291 1639 αὐτὸς
3317 1579 3619 1646 προφήτης,

2066 1663 2123 1713 ὲν
2148 1662 2222 1732 τῷ
2261 1663 2393 1726 ἃλας
2415 1666 2508 1717 καὶ
2540 1664 2701 1735 ὕδωρ,
2730 1666 2823 1717 καὶ
2856 1668 2934 1728 είς
2964 1666 3145 1737 ὑδρίαν
3175 1667 3361 1738 καινὴν
3424 1668 3618 1736 βαλεῖν,

397 1760 708 1823 extendere,
738 1776 875 1829 quas
900 1761 1026 1814 olim
1060 1760 1329 1815 communi
1364 1759 1625 1812 naturalis
1655 1774 1776 1812 cum
1812 1756 1957 1811 Ada-

2094 1754 2157 1806 ;αὶ
2182 1755 2275 1805 ἀπ’
2297 1755 2463 1824 αὑτῆς
2489 1758 2567 1819 είς
2590 1756 2650 1808 τὸ
2678 1761 2904 1826 πηγαῖον
2938 1756 3099 1827 ὕδωρ,
3129 1759 3220 1811 καί
3250 1760 3435 1826 φάναι,
3477 1779 3495 1810 ι
3520 1760 3621 1814 τά·

402 1866 491 1903 mo
523 1839 734 1905 unionis
770 1852 977 1905 ratione
1011 1866 1115 1905 non
1154 1861 1302 1906 recte
1338 1851 1401 1903 in’
1422 1850 1654 1919 plantam
1688 1850 1807 1903 vitae
1832 1849 1961 1918 inje-

399 1942 494 1995 cit.
532 1940 683 2008 Quod
710 1942 756 1996 si
790 1943 910 2011 quis
942 1958 1192 2007 renuens,
1237 1956 1302 1996 ac
1342 1958 1404 1997 ea
1436 1957 1555 2011 qua:
1585 1942 1832 2005 dicimus,
1860 1942 1963 1995 im-

398 2032 631 2100 probans
664 2033 987 2101 baptismum
1026 2034 1079 2087 in
1116 2033 1217 2087 hoc
1246 2032 1538 2100 Scriptum
1564 2033 1682 2086 loco
1711 2046 1964 2100 praenun-

398 2125 519 2177 tiari
553 2124 842 2190 inlicietur,
881 2126 947 2179 ab
992 2124 1085 2179 illo
1128 2125 1389 2179 sciscitari
1428 2140 1525 2194 par
1567 2134 1681 2191 est,
1715 2138 1958 2192 quaenam

397 2211 471 2266 sit
527 2212 710 2266 talium
765 2213 1051 2269 verborum
1129 2228 1194 2268 ac
1279 2216 1641 2268 narrationum
1719 2213 1958 2279 utilitas,

395 2316 556 2372 quam
593 2303 705 2371 (45)
739 2305 1033 2372 respexerit
1074 2320 1232 2359 sacer
1270 2306 1521 2375 scriptor,
1555 2305 1678 2357 dum
1718 2304 1831 2358 haec
1862 2318 1959 2372 po-

396 2394 525 2446 suit.
568 2392 703 2447 Cum
745 2409 875 2449 vero
915 2394 1056 2450 idem
1096 2397 1353 2464 propheta
1411 2395 1596 2458 fontis,
1636 2396 1727 2465 qui
1783 2396 1836 2449 in
1872 2394 1961 2450 Je-

394 2483 547 2535 richo
577 2492 713 2549 erat,
753 2499 945 2553 aquam
986 2500 1051 2539 ex
1094 2498 1276 2539 amara
1316 2495 1371 2540 et
1409 2487 1581 2541 sterili
1623 2502 1868 2552 suavem,
1907 2496 1961 2543 et

395 2577 676 2630 fecundam
722 2575 875 2641 fecit,
930 2577 1097 2631 salem
1138 2586 1192 2631 et
1240 2593 1440 2646 aquam
1513 2588 1622 2631 tum
1667 2578 1720 2632 in
1763 2594 1956 2633 novam

396 2666 510 2736 (44)
563 2668 834 2739 hydriam,
870 2675 980 2721 tum
1030 2683 1094 2722 ex
1144 2683 1204 2723 ea
1246 2668 1297 2721 in
1343 2668 1500 2724 Ioniis
1542 2684 1736 2737 aquam
1787 2670 1958 2738 proji-

393 2759 565 2825 ciens,
606 2771 659 2814 et
700 2761 945 2830 inquiens
970 2761 1105 2832 (45).
1137 2778 1155 2812 t
1178 2760 1302 2814 llaec
1334 2762 1464 2815 dicit
1496 2761 1787 2816 Dominus:
1817 2762 1959 2817 Salio

393 2864 564 2917 aquas
603 2850 761 2915 istas;
791 2870 810 2901 ι
854 2853 1229 2920 praenuntiavit
1259 2866 1354 2921 per
1381 2848 1783 2907 renovationem
1838 2855 1960 2922 qui-

398 2942 518 2992 dem
558 2940 762 3009 hydriaa
798 2949 853 2993 et
892 2956 1065 3009 aquae,
1121 2956 1314 2994 novam
1364 2944 1484 2995 novi
1526 2942 1745 2999 [mlieris
1787 2945 1956 3012 pisci-

394 3046 559 3095 nam;
618 3046 714 3101 per
761 3032 927 3087 salem
982 3048 1130 3095 vero,
1190 3033 1368 3098 ﬁdem,
1415 3043 1469 3087 et
1510 3050 1652 3099 eam,
1694 3050 1850 3103 quam
1888 3053 1953 3091 ex

394 3122 499 3176 hac
545 3124 891 3191 percipimus,
953 3124 1274 3189 utilitatem;
1330 3138 1425 3193 per
1478 3140 1670 3192 aquam
1721 3128 1954 3193 demum,

397 3224 539 3276 quae,
565 3223 687 3261 cum
716 3220 860 3263 esset
886 3210 1159 3278 qualitatis
1202 3228 1416 3280 expers,
1456 3211 1707 3279 fecunda,
1744 3225 1797 3270 et
1829 3232 1957 3272 sua-

396 3299 478 3352 vis
504 3300 753 3355 omnibus
809 3299 956 3355 facta
1014 3312 1115 3366 est,
1170 3304 1528 3372 prophetarit,
1578 3306 1717 3373 quod
1752 3308 1857 3376 qui
1891 3308 1957 3362 ad

395 3390 717 3460 baptismum
786 3393 1084 3459 accedunt,
1148 3397 1343 3450 veteris
1417 3398 1689 3453 maestitiae
1760 3403 1959 3456 tunicis

394 3492 692 3547 exuruntur,
751 3491 806 3537 et
858 3499 1025 3539 onera
1086 3486 1393 3553 deponunt,
1453 3498 1507 3542 et
1566 3505 1718 3544 nova:
1769 3494 1958 3558 gratiae

396 3574 539 3627 dono
592 3572 905 3640 induuntur,
968 3588 1022 3631 et
1074 3576 1323 3632 salutaris
1375 3577 1612 3648 Spiritus
1668 3582 1959 3651 participa-

404 3666 549 3720 tione
601 3665 871 3731 lruuntur,
934 3678 1097 3738 atque
1148 3672 1434 3738 adoptione
1480 3672 1530 3724 in
1572 3673 1729 3728 lilios.
1792 3673 1960 3729 Porro

401 3754 637 3821 Spiritus
681 3758 853 3810 sancti
896 3771 1104 3811 summe
1139 3759 1437 3814 ineffabiles
1469 3761 1521 3813 in
1553 3762 1959 3829 baptismalihus

398 3849 556 3918 aquis
594 3850 831 3916 divitias,
878 3860 931 3904 et
966 3853 1399 3922 pr0pitiationem
1430 3854 1539 3925 (46)
1571 3856 1790 3925 pulchre
1818 3856 1959 3910 idem

394 3943 655 4011 propheta
684 3944 1046 4011 praedocuisse
1079 3945 1309 4010 videtur,
1357 3962 1421 4000 ac
1466 3946 1592 4000 illud
1631 3947 1786 4001 simul
1818 3947 1960 4000 iudi-

393 4048 565 4097 casse,
597 4034 663 4087 ad
694 4048 906 4096 omnes,
937 4036 1025 4103 qui
1062 4047 1473 4099 convertuntur,
1501 4048 1555 4091 et
1585 4040 1650 4091 ad
1682 4040 1961 4091 universas

394 4124 658 4177 humanas
693 4124 829 4175 vitas
864 4124 1081 4177 extendi
1122 4127 1486 4180 universalem
1519 4128 1752 4195 Spiritus
1784 4127 1959 4179 sancti

394 4214 807 4279 providentiam,
856 4214 990 4267 adeo
1036 4225 1095 4265 ιιι.
1141 4230 1297 4267 uerno
1342 4231 1552 4281 eorum,
1612 4219 1699 4283 qui
1751 4218 1959 4280 nolunt,

396 4300 633 4369 n-jectus
679 4300 1023 4365 inveniatur;
1077 4318 1200 4354 cum
1259 4302 1620 4358 Nehemanum
1660 4305 1823 4375 268
1856 4306 1961 4375 Sy-

2064 1848 2527 1920 δελέγειΚὺριοςο
2574 1852 2757 1920 Ἰαμαι
2784 1851 2852 1902 τὰ
2902 1850 3067 1903 ὕδατα
3097 1852 3285 1904 ταῦτα·
3330 1871 3349 1903 ι
3390 1852 3621 1919 προηγό-

2065 1956 2243 2009 ρευσε,
2302 1940 2387 1993 διὰ
2421 1942 2518 2012 μὲν
2546 1942 2644 2011 τῆς
2663 1943 3008 2013 καινουργίας
3027 1943 3210 2013 ὑδρίας
3240 1944 3333 1997 καὶ
3378 1944 3475 1996 τοῦ
3507 1944 3621 1999 ὑδα-

2060 2049 2171 2095 τος,
2218 2031 2316 2102 τὴν
2346 2032 2472 2085 νέαν
2503 2032 2905 2104 κολυμϐήθραν·
2939 2034 3025 2087 διὰ
3066 2034 3121 2086 δὲ
3162 2035 3267 2087 τῶν
3304 2035 3471 2098 ἀλῶν,
3526 2036 3619 2105 τὴν

2063 2123 2242 2175 πίστιν
2265 2125 2358 2176 καὶ
2384 2124 2482 2195 τὴν
2510 2123 2569 2189 ἐξ
2594 2125 2764 2195 αὑτῆς
2795 2125 3000 2195 ὄνησιν·
3037 2123 3122 2178 διὰ
3150 2126 3205 2178 δὲ
3233 2126 3326 2179 τοῦ
3354 2127 3417 2179 τὸ
3438 2129 3617 2183 ἄποιον

2063 2212 2225 2284 ὕδωρ,
2259 2215 2477 2285 γόνιμον
2507 2216 2600 2269 καὶ
2623 2216 2873 2286 νόστιμον
2925 2218 3059 2270 πᾶσι
3092 2216 3438 2285 γεγενῆσθαι,
3483 2234 3609 2287 προ-

2065 2307 2383 2375 εφήτευσεν,
2404 2306 2479 2368 ὼς
2500 2307 2548 2357 οἱ
2576 2305 3024 2376 προσομιλοῦντες
3049 2305 3124 2376 τῷ
3157 2306 3514 2377 βαπτίσματι,
3530 2308 3617 2377 τῆς

2061 2396 2292 2459 παλαιᾶς
2321 2394 2445 2466 [123
2468 2394 2519 2467 b]
2552 2396 2903 2466 στυγνότητος
2942 2396 3263 2450 ἀποδύονται
3300 2398 3426 2461 τοὺς
3467 2400 3618 2467 χιτῶ-

2060 2505 2177 2550 νας,
2201 2489 2292 2539 κα).
2313 2486 2657 2540 ἀποτίθενται
2678 2485 2746 2539 τὰ
2779 2488 2991 2557 φορτία,
3013 2489 3103 2541 κα)⁵
3136 2489 3228 2558 τῆς
3254 2489 3379 2552 νέας
3406 2489 3617 2560 χάριτος

2060 2578 2330 2631 ἐνδύονται
2347 2578 2444 2647 τὴν
2458 2577 2682 2647 δωρεὰν,
2698 2579 2789 2631 καὶ
2804 2578 3229 2648 ἀπολαύουσιτῆς
3243 2580 3337 2632 τοῦ
3360 2582 3616 2652 σωτηρίου

2060 2670 2373 2740 Πνεὺματος
2396 2669 2683 2739 μετουσίας
2716 2671 2807 2722 καὶ
2826 2669 3108 2733 υἱοθεσίας.
3125 2674 3278 2723 Δοκεῖ
3298 2689 3389 2741 μοι
3422 2673 3616 2735 καλῶς,

2059 2762 2138 2814 ὅτι
2165 2760 2255 2814 τοῦ
2277 2762 2429 2828 ἁγίου
2447 2760 2583 2811 Πνεὺ
2592 2776 2757 2829 ματος
2777 2759 2865 2812 τὸν
2882 2760 2973 2811 ἐπὶ
2994 2764 3102 2823 τοῖς
3118 2762 3488 2830 βαπτιστικοῖς
3510 2762 3619 2814 ὕδα-

2062 2869 2143 2907 σιν
2170 2852 2532 2923 ἀρρητότατον
2556 2850 2782 2904 πλοῦτον
2805 2852 2897 2903 καὶ
2930 2850 3153 2921 ἱλασμὸν
3198 2852 3571 2922 προδιδάσκων
3593 2857 3618 2904 ὀ

2058 2944 2238 3005 αὑτὸς.
2274 2942 2367 2996 καὶ
2400 2944 2480 2995 ὃτι
2509 2944 2586 3005 είς
2610 2944 2815 3004 πάντας
2833 2943 2956 3004 τοὺς
2971 2945 3390 3013 ἐπιστρέφοντας
3419 2947 3514 2997 καὶ
3548 2948 3617 3008 εἰς

2062 3034 2264 3097 πάντας
2282 3034 2405 3096 τοὺς
2422 3032 2788 3103 ἀνθρωπίνους
2809 3032 2952 3101 βίους
2975 3033 3269 3104 διατείνειὴ
3301 3036 3392 3086 ἐπὶ
3408 3037 3619 3088 πάντων

2063 3121 2401 3193 πνευματικὴ
2420 3124 2662 3191 πρόνοια,
2689 3121 2764 3184 ὡς
2793 3121 2990 3190 μηδένα
3004 3120 3111 3172 τῶν
3132 3121 3189 3172 οὑ
3209 3119 3471 3173 θελόντων
3496 3122 3620 3173 ἀπό·

2059 3213 2249 3283 ϐλητον
2266 3211 2629 3281 εὑρίσκεσθαι,
2661 3212 2763 3262 Νεε
2772 3211 2875 3280 μὰν
2896 3210 2984 3262 τὸν
3005 3209 3169 3279 Σύρον
3188 3210 3277 3261 τὸν
3305 3209 3621 3280 λεπρὸνμτδν

2059 3303 2370 3372 ἀλλόφυλον,
2395 3301 2651 3372 δεηθέντα
2671 3300 2831 3353 αὑτοῦ
2849 3300 2946 3369 τῆς
2970 3316 3034 3351 πε
3042 3299 3261 3369 ριοδὶας,
3281 3303 3359 3363 εἰς
3375 3301 3465 3351 τὸν
3493 3301 3616 3369 Ἰορ-

2059 3395 2222 3464 δάνην
2262 3394 2484 3455 ἑπτάκις
2540 3390 3045 3460 καταῦαπτισθῆναι
3075 3390 3337 3459 ἔπεμψεν⁹
3388 3391 3529 3443 ὥστε
3556 3395 3616 3461 τῇ

2060 3486 2152 3538 ἐπὶ
2198 3485 2303 3536 τῶν
2348 3484 2551 3537 ὑδάτων
2586 3482 2677 3535 τοῦ
2709 3482 2912 3553 Κυρίου
2943 3484 3090 3551 φωνῇ
3118 3482 3178 3534 τὸ
3210 3481 3377 3544 πάθος
3400 3483 3495 3534 ἀπ’
3530 3484 3620 3535 αὑ-

2058 3577 2150 3630 τοῦ
2180 3574 2519 3641 ἐξαναλῦσαι,
2548 3575 2641 3628 καὶ
2685 3574 2804 3627 ὅλον
2834 3573 2994 3626 αὑτὸν
3033 3573 3125 3625 ἐπὶ
3162 3573 3222 3625 τὸ
3248 3573 3487 3643 καθαρὸν
3532 3574 3620 3626 καὶ

2059 3668 2201 3719 ὅσιον
2222 3662 2357 3729 εἶδος
2376 3667 2473 3735 τῆς
2496 3665 2669 3735 ψυχῆς
2717 3665 3063 3735 ἀναδραμεῖν.
3104 3664 3361 3728 Ἑπτάκις
3413 3666 3471 3717 δὲ
3506 3660 3620 3717 εἷπε

2062 3755 2500 3827 βαπτίσασθαι,ἢ
2547 3756 2632 3808 ἴνα
2660 3754 2869 3806 εἰδέναι
2900 3754 3010 3823 ἔχοι
3039 3756 3066 3805 6
3096 3754 3405 3825 ἀλλοεθνὴς,
3455 3754 3530 3817 ὡς
3566 3756 3620 3804 ἐν

2059 3850 2124 3916 τῇ
2162 3846 2361 3917 ἐΰδόμῃ
2414 3844 2594 3917 ἡμέρᾳ
2639 3847 2667 3897 6
2712 3843 2843 3907 Θεὸς
2894 3844 3001 3896 τῶν
3048 3844 3219 3915 ἔργων
3291 3846 3618 3906 κατέπαυσε,

2061 3939 2153 3990 καὶ
2215 3937 2502 4007 εὐλόγησεν
2550 3936 2692 4006 ἅπερ
2750 3937 2806 3987 ἐν
2864 3938 2983 3997 ταῖς
3045 3935 3105 3998 ἒξ
3156 3935 3404 4004 εποίησεν
3469 3935 3619 4004 (ὅθεν

2062 4026 2369 4098 ὲπτάμυξον
2424 4030 2486 4097 τῇ
2542 4030 2829 4097 συναγωγῇ
2888 4026 2944 4077 ἓν
3005 4023 3072 4098 ἦν
3116 4028 3222 4080 τῶν
3270 4030 3619 4099 κειμηλίων),

2061 4121 2154 4172 κα)⁵
2219 4119 2293 4181 ὠς
2353 4118 2773 4189 πληρωματικὸς
2840 4120 2954 4171 ἐστι
3017 4120 3111 4173 καὶ
3171 4120 3370 4183 τέλειος
3426 4122 3456 4171 6
3507 4122 3622 4187 ἀρι-

2063 4211 2195 4281 θμὸς
2253 4212 2280 4263 6
2340 4211 2516 4263 ὲπτά’
2567 4212 2599 4280 ἢ
2667 4211 2901 4282 μᾶλλον,
2964 4214 3043 4265 ὅτι
3105 4213 3165 4265 τὸ
3223 4213 3399 4265 θεῖκὸν
3458 4211 3615 4265 Πνεῦο

2067 4322 2141 4374 μα
2168 4302 2403 4371 ᾐνίξατο.
2448 4302 2674 4364 Ἡσαΐας
2702 4303 2809 4373 γὰρ
2842 4304 2902 4355 τὸ
2947 4304 3202 4366 παντελὲς
3242 4305 3335 4355 καὶ
3367 4305 3501 4375 πρὸς
3533 4305 3619 4357 τὸν

395 4407 514 4446 rum
550 4390 664 4460 (47)
701 4390 970 4459 leprosum
1013 4391 1387 4461 alienigenam,
1442 4396 1530 4461 qui
1574 4396 1640 4449 ah
1690 4410 1753 4448 eo
1797 4399 1960 4461 petie-

2094 4396 2179 4447 νίὸν
2212 4393 2626 4464 ἀπαράλλακτον
2658 4395 2757 4464 τῆς
2786 4394 2998 4462 φύσεως
3027 4393 3188 4446 αὑτοῦ
3219 4395 3284 4463 τῇ
3319 4397 3502 4447 πίστει
3531 4396 3620 4462 ἑγο

395 4493 502 4550 rat,
532 4492 591 4537 ut
619 4481 953 4537 curationem
991 4483 1103 4553 (48)
1151 4485 1250 4539 sibi
1307 4485 1603 4552 adhiberet,
1656 4487 1723 4540 ad
1762 4484 1954 4542 Jorda-

468 4668 579 4738 (41)
617 4668 762 4725 Crux
799 4669 1189 4739 designabatur.
1240 4669 1437 4724 Locum
1491 4668 1609 4726 libri
1648 4671 1826 4739 quarti
1860 4671 1963 4725 Re-

393 4754 541 4807 gum,
605 4742 695 4807 qui
730 4740 1013 4808 allegorice
1074 4740 1161 4793 hic
1216 4741 1541 4808 explicatur.
1594 4743 1802 4804 eodem,
1852 4756 1960 4809 quo

395 4811 673 4880 Didymus,
730 4814 887 4865 modo
943 4812 1327 4876 interpretatus
1358 4811 1536 4863 fuerat
1575 4809 1807 4865 Irenaeus
1844 4826 1857 4861 :
1902 4821 1961 4865 ut

396 4878 621 4943 proinde
656 4885 797 4933 hunc
830 4880 915 4933 ille
946 4880 1187 4933 imitatus
1219 4880 1386 4932 videri
1412 4890 1591 4944 queat.
1628 4880 1813 4933 lrenaai
1842 4896 1960 4933 ver-

397 4950 460 5002 ba
490 4951 713 5001 necdum
755 4950 894 5002 edita
923 4959 1067 5003 sunt.
1105 4950 1373 5018 Exscripsi
1405 4951 1489 5001 illa
1526 4964 1557 5003 e
1594 4953 1776 5003 codice
1809 4950 1952 5011 XVI,

394 5018 582 5071 Cmam)
638 5018 969 5072 bihliothecm
1049 5019 1263 5073 Veneta:
1323 5020 1380 5073 S.
1411 5019 1593 5079 Marci,
1622 5035 1727 5086 quo
1770 5022 1956 5073 codice

396 5101 582 5138 catena
614 5089 665 5158 in
690 5101 919 5155 quatuor
946 5090 1110 5141 libros
1140 5089 1342 5158 Regum
1380 5090 1702 5141 continetur.
1728 5090 1952 5142 Exstant

397 5169 576 5206 autem
605 5157 729 5207 l’nlio
762 5159 858 5209 22H
895 5161 959 5209 ad
993 5157 1312 5211 versiculum
1352 5158 1381 5209 7
1443 5158 1636 5224 capitis
1667 5160 1803 5211 sexti
1833 5158 1957 5212 hbri

398 5239 447 5277 tv
470 5234 567 5295 :_et
594 5226 663 5276 ita
680 5242 756 5295 _se
789 5228 983 5279 habent
1006 5242 1019 5277 :
1044 5229 1359 5295 Ελρηναίου
1382 5227 1648 5295 μαθητοῦ
1671 5226 1789 5279 τῶν
1815 5227 1961 5281 ἀπο-

395 5293 649 5345 στόλων.
680 5288 806 5346 Ὧδε
832 5296 897 5348 δι’
940 5288 1123 5366 ἔργου,
1171 5288 1281 5351 etc.
1318 5288 1458 5366 Haec;
1490 5288 1610 5349 cum
1644 5298 1813 5349 altero
1850 5301 1962 5349 l'ra-

396 5373 615 5431 ginento
661 5366 802 5431 quod
861 5364 982 5418 mox
1029 5382 1092 5419 ex
1146 5369 1330 5421 codice
1368 5364 1460 5419 XV
1492 5366 1733 5431 ejusdem
1769 5367 1963 5420 biblio-

400 5437 574 5502 theca:
632 5434 786 5487 all‘ert
840 5434 1159 5502 Mingarelli,
1190 5436 1454 5491 edidimus
1500 5436 1552 5489 iu
1583 5434 1847 5489 Addendis
1895 5437 1961 5490 ad

395 5500 676 5567 lreuasum,
709 5513 837 5557 tom.
885 5500 973 5558 Vll
1004 5506 1094 5558 lin.
1127 5505 1283 5559 EDIT.

476 5572 588 5644 (άὲ)
617 5573 894 5638 Attollere,
923 5576 972 5628 id
997 5585 1081 5627 est
1115 5575 1432 5643 gloriﬁcare.
1455 5573 1532 5629 Ne
1559 5574 1759 5630 insulsa
1791 5575 1967 5629 videa-

405 5652 491 5695 tur
528 5646 922 5712 interpretatio,
976 5644 1508 5699 animadvertendum
1562 5655 1662 5702 est.
1704 5644 1963 5707 δοξάζειν,

405 5715 459 5767 id
486 5724 565 5767 est
612 5733 626 5763 ε
667 5714 987 5785 glurilirare,
1034 5732 1051 5766 ι
1090 5714 1224 5769 idem
1260 5728 1395 5784 esse
1434 5732 1495 5769 ac
1517 5714 1613 5784 τὴν
1645 5714 1800 5779 δόξαν
1831 5716 1959 5768 ἀνα-

2066 4486 2382 4559 χωρούντως
2429 4488 2731 4557 θεωρήσας,
2783 4487 2921 4539 ἐπτά
2962 4484 3231 4556 σημασίας
3282 4487 3409 4556 περὶ
3458 4486 3617 4539 αὑτοῦ

2072 4671 2401 4741 πέμπεσθαι,
2439 4670 2579 4739 quod
2635 4677 2735 4732 est,
2787 4669 2852 4741 ad
2907 4669 3152 4735 verbum,
3204 4685 3221 4718 ι
3256 4666 3483 4735 gloriam
3511 4682 3620 4720 sur-

2068 4738 2183 4795 sunt
2217 4738 2465 4805 mittere,
2492 4758 2512 4791 ι
2548 4756 2735 4805 nempe
2765 4738 2979 4791 olferrv.

2134 4814 2245 4879 (45)
2280 4811 2472 4879 Quam.
2506 4809 2709 4871 Codex,
2736 4808 2873 4879 πρὸς
2902 4808 2953 4861 ἆ.
2980 4807 3121 4876 Lego
3150 4806 3283 4877 πρὸς
3307 4807 3354 4879 ὃἶ

2136 4874 2247 4947 (44)
2289 4874 2535 4933 "Nouum.
2594 4874 3107 4941 Codex'tnendose,
3186 4874 3414 4930 καινεῖν,
3479 4874 3615 4945 Lego

2066 4968 2277 5003 καινήν.

2137 4953 2581 5089 (‘12:.Hn’cdicil,
2601 5016 2667 5070 IV
2697 5017 2913 5089 Regttt,
2946 5016 3038 5071 2|.

2137 5084 2248 5159 (46)
2304 5087 2756 5159 Propitiatiouem.
2813 5087 2989 5141 Codex
3065 5084 3339 5152 mendose,
3406 5084 3621 5153 ἱλασμὸν

2066 5177 2165 5231 pro
2200 5158 2454 5231 ilagp6v.

2162 5230 2249 5306 4⁸2)
2284 5223 2497 5306 Syrum.
2528 5225 2731 5306 Codex,2
2789 5226 2845 5306 τὸ
2870 5224 3076 5306 νοῦρον.
3113 5223 3257 5306 Lego
3303 5224 3417 5306 τὸν.
3439 5224 3619 5294 Σύρον.

2162 5300 2251 5367 48)
2286 5295 2641 5367 Οιιναιὶοηεηι.
2692 5296 2897 5367 ῼοαεκ,
2928 5295 3024 5367 τῆς
3054 5295 3347 5367 περιοδίας.
3377 5296 3622 5367 Quam-px

2140 5312 2251 5368 (ιδ)
2286 5312 2641 5351 curationem.
2692 5312 2897 5359 bouex,
2928 5312 3024 5416 τῇ
3054 5312 3347 5365 περιοοιας.
3377 5312 3506 5360 uuae
3531 5312 3622 5345 vox

2069 5370 2223 5423 deest
2264 5370 2315 5421 in
2346 5366 2652 5435 vulgaribus
2699 5364 2965 5435 Lexicis.‘
3028 5366 3308 5435 odestinns
3339 5379 3461 5435 cap,
3485 5365 3518 5416 ti
3556 5361 3625 5413 De

2071 5438 2393 5491 excusation.
2431 5432 2543 5489 haec
2582 5434 2834 5504 scripsit:
2876 5453 2894 5486 ι
2930 5432 3301 5504 Grammatici,
3354 5434 3620 5500 sophistae,

2073 5510 2337 5569 rhetores,
2367 5506 2580 5568 medici,
2620 5503 2708 5572 qui
2736 5503 3096 5575 περιοδευταί,
3140 5504 3189 5555 id
3224 5515 3309 5558 est
3346 5504 3624 5556 circulato-

2071 5593 2157 5632 res
2187 5586 2472 5638 vocantur,
2512 5578 2958 5643 quemadmodnm
2983 5590 3011 5627 a
3049 5576 3270 5639 reliquis
3298 5575 3619 5643 muneribus,

2070 5648 2147 5700 ita
2200 5655 2254 5700 et
2311 5660 2339 5699 a
2392 5642 2592 5708 tutela,
2652 5654 2708 5699 et
2767 5659 2796 5697 a
2849 5659 2975 5697 cura
3041 5645 3279 5712 requiem
3336 5642 3552 5712 habent.
3600 5658 3617 5686 ι

2071 5718 2257 5787 Itaque
2310 5714 2538 5781 conjicio
2572 5713 2908 5772 Alexandriae
2946 5709 3140 5771 nomen
3176 5714 3295 5782 hoc,
3350 5709 3621 5784 περιοδεο-
