3676 6328
115 328 216 382 701

1144 336 1231 392 DE
1267 334 1639 390 TRINITATE
1679 336 1879 391 LlBER
1920 337 2309 395 SECUNDUS.

3254 336 3356 391 702

107 438 392 504 κατέλεξεν
422 441 482 494 ὲν
511 444 695 513 ῥητοῖς
725 444 948 498 τοιοῖσδε
969 463 982 476 ·
1018 464 1039 499 ι
1088 448 1454 514 Ἐξελεύσεται
1492 450 1672 520 ῥάϐδος

1833 466 1915 504 em
1954 451 2119 515 misit,
2152 467 2215 505 ac
2241 449 2440 520 septies
2472 449 2525 503 in
2554 463 2619 505 eo
2642 449 2885 520 immergi
2908 449 3071 519 jussit
3097 465 3111 502 :
3150 459 3208 504 ιιι
3227 465 3357 504 vove

104 530 172 582 ἐκ
210 530 307 600 τῆς
347 530 505 602 ῥίζης
557 534 778 598 Ἰεσσαὶ,
812 536 904 588 καὶ
934 537 1091 601 ἄνθος
1126 538 1185 603 ἐξ
1222 540 1389 608 αὐτῆς
1418 540 1684 609 ἀναϐήσε-

101 635 195 671 ται
222 636 237 648 ·
272 621 360 672 καὶ
397 623 844 679 ὲπαναπαύσεται
891 627 978 679 ἐπ’
1035 628 1194 681 αὑτὸν
1240 629 1462 699 Πνεῦμα
1497 631 1687 699 σοφίας

102 711 202 762 καὶ
246 712 531 779 συνέσεως,
578 717 802 785 Πνεῦμα
836 718 1032 787 βουλῆς
1079 721 1174 772 καὶ
1210 720 1410 790 ἰσχύος.
1459 720 1684 791 Πνεῦμα

104 805 357 872 γνώσεως
411 808 507 860 καὶ
562 808 879 873 εὐσεϐείας,

99 897 242 950 Θεοῦ
294 917 313 948 ι
360 899 650 971 Ἀναφέροι
682 900 738 953 δέ
764 918 848 963 τις
878 900 959 954 ἂν·
982 900 1155 971 ὀρθῶς
1186 903 1265 965 εἰς
1293 901 1467 973 ταῦτα
1498 906 1590 956 καὶ
1619 903 1688 956 τὰ

99 986 572 1058 ἀποκεκρυμμένα
601 990 700 1061 τῆς
729 991 1000 1062 Ζαχαρίου
1038 992 1306 1060 διανοίας,
1341 993 1409 1047 τὰ
1442 995 1568 1067 τῇδε
1601 996 1687 1048 λέ-

100 1096 303 1145 γοντα·
352 1097 371 1130 ι
412 1080 560 1133 Διὸτι
598 1082 706 1135 ἰδοὺ
743 1082 852 1152 ἐγὼ
884 1084 1002 1152 ἄγω
1034 1084 1124 1136 τὸν
1167 1084 1352 1153 δοῦλρν
1390 1104 1490 1157 μου
1535 1088 1690 1140 Ἀναο

100 1169 293 1241 τολήνο
332 1171 468 1224 διότι
495 1175 524 1226 ὁ
554 1173 720 1237 λίθος,
749 1174 806 1227 ὃν
834 1174 1009 1229 ἔδωκα
1035 1193 1140 1247 προ
1164 1176 1344 1230 σὼπου
1392 1179 1565 1249 Ἰησοῦ
1594 1180 1686 1234 ἐπὶ

95 1261 189 1312 τὸν
233 1262 384 1316 λίθον
422 1263 514 1316 τὸν
544 1264 662 1327 ἕνα,
700 1265 840 1318 ἑπτὰ
871 1265 1137 1338 ὀφθαλμοί
1176 1270 1332 1321 εἰσιν.
1373 1286 1393 1319 ι
1438 1268 1622 1323 Ταῦτα
1654 1272 1683 1323 ὁ

100 1350 238 1414 Θεὸς
257 1354 396 1425 πρὸς
449 1355 656 1424 Ἰησοῦν
689 1356 779 1409 τὸν
816 1356 962 1427 ἱερέα
993 1357 1084 1410 τὸν
1122 1357 1295 1427 μέγαν
1328 1358 1458 1430 ἔφη·
1499 1362 1679 1429 Ἀγω,

96 1445 255 1512 φησὶ,
305 1445 397 1497 τὸν
454 1445 639 1500 δοῦλόν
677 1464 776 1517 μου
817 1448 908 1501 τὸν
936 1448 1239 1518 Ζοροϐάϐελ
1266 1451 1345 1513 εἰς
1390 1450 1488 1521 τὴν
1532 1451 1683 1518 ἐξου-

96 1538 220 1590 σίαν
260 1538 364 1607 τῆς
395 1538 697 1608 βασιλείας,
730 1540 824 1608 ἀφ’
863 1535 936 1610 ἦς.
962 1539 1113 1593 ἔσται
1140 1540 1216 1604 ὡς
1259 1540 1513 1595 Ἀνατολῦ
1544 1542 1680 1614 λαμ-

958 808 1087 881 [124
1133 808 1187 881 a]
1242 810 1466 880 Πνεῦμα
1515 803 1717 878 φόϐον

1792 543 2023 605 Domini,
2070 558 2187 612 qua:
2243 552 2326 596 est
2386 556 2547 610 super
2597 554 2766 609 aquas
2802 540 2937 611 (49),
2983 539 3101 608 ejus
3135 542 3356 595 morbus

1791 648 2016 702 prorsus
2074 642 2440 695 evanesceret.
2494 626 2557 687 ac
2612 640 2751 686 totus
2806 632 2925 701 ipse
2983 630 3235 684 mundam
3302 639 3356 683 et

1787 733 2026 779 sanctam
2053 724 2163 796 (5οὶ
2191 726 2383 778 animze
2424 723 2655 792 speciem
2684 722 2968 791 reciperet.
3002 721 3213 790 Septies
3244 720 3355 789 (5i)

1788 825 1964 870 autem
2020 830 2140 869 eum
2206 815 2350 869 ablui
2405 814 2597 885 jussit,
2649 823 2741 866 aut
2799 821 2857 865 ut
2903 810 3201 878 intelligere
3234 825 3357 877 pos-

1788 917 1867 962 set
1895 907 2191 978 alienigena
2233 906 2341 971 ille,
2401 906 2565 961 Deum
2619 904 2842 972 septima
2885 903 2971 956 die
3007 902 3074 957 ab
3104 901 3357 971 Operibus

1792 1011 2055 1062 cessasse,
2120 1013 2185 1051 ac
2241 996 2577 1064 requievisse
2607 995 2743 1066 (52),
2807 1003 2861 1047 et
2905 994 2970 1048 iis
3011 993 3355 1047 benedixisse

1791 1104 1909 1159 quae
1945 1104 2038 1143 sex
2061 1088 2249 1143 diebus
2281 1086 2485 1142 fecerat
2516 1086 2679 1157 (unde
2707 1086 3111 1150 candelabrum,
3148 1094 3353 1151 septem

1795 1180 2000 1236 habens
2028 1179 2332 1252 ellycbnia,
2379 1194 2544 1233 unum
2591 1187 2710 1233 erat
2765 1194 2830 1231 ex
2903 1176 3129 1230 cimeliis
3194 1190 3356 1245 syna-

1789 1272 1998 1345 gogre);
2075 1284 2239 1341 utque
2317 1282 2521 1338 nosset,
2595 1271 2982 1341 plenitudinem
3038 1270 3261 1333 habere,
3290 1283 3356 1322 ac

1790 1365 2087 1434 perfectum
2142 1364 2253 1437 (55)
2302 1379 2423 1419 esse
2486 1378 2769 1418 numerum
2819 1363 3182 1430 septenarium
3216 1379 3228 1414 :
3265 1368 3357 1413 aut

1788 1457 1950 1528 269
1972 1457 2147 1526 potius
2195 1458 2319 1526 quia
2349 1456 2566 1512 divinus
2601 1446 2846 1523 Spiritus
2871 1454 3209 1524 :euigmatice
3240 1452 3354 1523 (δι)

1786 1547 2141 1604 indicabatur.
2177 1548 2343 1603 Isaias
2375 1548 2520 1602 enim
2552 1546 2933 1616 perfectionem
2972 1554 3178 1600 naturae
3230 1545 3354 1612 Spi-

92 1786 211 1859 τῆς,
238 1783 293 1836 in
322 1783 525 1839 bonam
552 1797 760 1859 partem
781 1788 919 1842 sumi
942 1789 1310 1855 consuevisse,
1330 1797 1386 1842 ut
1404 1803 1508 1844 non
1531 1808 1549 1841 ι
1579 1790 1682 1844 cir.
1714 1800 1757 1856 B
1788 1791 1892 1844 tius
1920 1798 2000 1845 est
2020 1787 2553 1857 hominisimperitia,
2574 1803 2730 1859 quam
2756 1789 3018 1843 sententia
3041 1788 3348 1859 refutanda.

93 1856 425 1931 culatorem,
451 1858 599 1931 i_sed
622 1859 914 1931 medicum
956 1877 976 1909 ι
1005 1859 1567 1931 circumeuntem,_iid
1596 1874 1679 1931 est

93 1932 329 1992 aegrotos
381 1925 706 1999 invisentem
748 1930 1061 1999 denotaret;
1090 1925 1317 1997 eamque
1352 1946 1372 1979 ι
1413 1928 1678 1999 visitatio—

94 2009 212 2047 nem
248 2013 269 2046 ι
300 1994 584 2055 περιοδξαν
609 1998 675 2052 ab
696 1994 1072 2053 Alexandrinis
1094 1994 1337 2052 vocatam
1376 2013 1516 2054 esse.
1545 1998 1676 2055 Nam

92 2078 154 2137 ex
172 2063 271 2137 lib.
290 2063 359 2116 IV
380 2063 523 2132 Reg.
544 2082 663 2136 cap.
692 2084 745 2131 ν,
760 2064 936 2121 veras.
960 2066 1025 2122 l0
1053 2077 1105 2122 et
1122 2068 1211 2132 il,
1232 2077 1444 2122 constat
1461 2079 1678 2137 aptasse

93 2131 500 2200 Nabamannm,
549 2131 625 2190 ut'
651 2152 709 2192 se
759 2137 981 2192 Elisams
1014 2138 1284 2193 inviseret.
1328 2140 1404 2191 Ac
1439 2131 1571 2193 sane
1614 2156 1675 2195 ea

95 2219 196 2257 vox
257 2207 404 2273 apud
448 2206 826 2278 Athanasium,
884 2208 973 2275 qui
1032 2218 1087 2262 et
1131 2208 1678 2278 ipseAlexandrinus

95 2284 227 2338 erat,
262 2291 283 2325 ι
318 2278 664 2330 curationem
699 2296 719 2328 ι
760 2277 1026 2345 signiﬁcat
1065 2296 1078 2331 :
1116 2279 1161 2333 is
1191 2277 1334 2331 enim
1364 2277 1417 2331 in
1456 2278 1675 2333 humilia

96 2345 146 2395 in
174 2360 375 2416 aecum
402 2363 438 2397 a
462 2348 742 2400 nativitete
772 2348 851 2402 sic
874 2348 1110 2415 loquitur
1141 2370 1152 2403 :
1191 2348 1283 2401 τὸν
1303 2348 1680 2416 περιοδεύσαν-

94 2429 159 2486 τα
194 2414 260 2466 τὸ
289 2416 571 2485 ἡμέτερον
586 2416 795 2481 τέκνον,
839 2417 889 2472 id
918 2414 1003 2472 est
1054 2437 1072 2471 ι
1103 2433 1226 2473 eum
1256 2419 1349 2486 qui
1378 2414 1587 2472 curavit
1616 2420 1677 2474 fi-

98 2483 219 2562 lium
251 2483 590 2562 uestrum._t_
630 2488 694 2541 Et
727 2488 884 2562 paulo
911 2490 1160 2557 superius
1193 2507 1206 2543 :
1236 2483 1333 2560 τήν
1352 2490 1459 2562 μὲν
1497 2490 1677 2543 αἰτίαν

96 2555 505 2633 τῆς-περιοδξας
534 2556 699 2625 λέγω,
733 2559 782 2612 id
837 2568 920 2613 est
958 2555 992 2609 ι*
1018 2574 1236 2613 causam
1274 2555 1488 2628 quidem
1520 2576 1678 2614 cura-

97 2626 253 2676 tionis
291 2626 541 2693 profero.
571 2645 590 2677 ι

161 2692 493 2769 (ᾧθγδιιρειο
541 2713 726 2769 aquas.
784 2695 882 2769 Ex,
924 2698 1087 2769 psal.
1122 2713 1291 2752 xxvm
1328 2738 1375 2769 ._
1423 2698 1493 2769 5η
1542 2698 1675 2755 Gre-

96 2764 840 2838 gorius‘quoqueﬁyssenus
874 2764 1200 2838 in'oratioue
1241 2770 1295 2821 in
1340 2767 1670 2838 Baptismum

97 2833 491 2955 ξῇἓῖῗὲἐῖιιοιη.
546 2833 635 2903 ill,
678 2852 799 2908 pag.
828 2837 954 2901 578,
986 2837 1099 2892 haec
1128 2837 1193 2892 de
1220 2833 1474 2909 baptismi
1520 2836 1675 2908 aquis

97 2914 372 2973 intelligit.

160 2974 277 3038 (50)
317 2973 387 3027 Et
414 2986 674 3031 sanctam.
706 2976 784 3030 Ex
833 2975 1106 3031 idololatra
1132 2976 1344 3033 scilicet
1382 2976 1540 3031 unius
1580 2979 1671 3034 Dei

96 3044 267 3165 lCl‘liléﬂ'
308 3043 785 3169 factuisstunceSt
841 3044 1211 3111 Nabamanus,
1243 3056 1301 3101 ut
1351 3056 1567 3102 constat
1607 3063 1671 3103 ex

233 3128 327 3169 ea.
368 3130 427 3169 ν.
538 3154 552 3168 .

233 3128 327 3183 eg.
356 3130 427 3183 έν,
464 3128 552 3169 15.

161 3182 293 3253 (5η
337 3182 570 3255 Septies.
604 3184 751 3239 inter
795 3200 910 3251 eos,
947 3184 1034 3253 qui
1078 3185 1151 3255 de
1198 3185 1391 3255 impari
1446 3201 1671 3243 numero

97 3253 475 3327 disputarunt.
497 3253 778 3325 Didymum
809 3265 1051 3327 recenset
1076 3253 1433 3327 Hieronymus
1466 3256 1518 3309 in
1552 3256 1673 3323 Epi-

97 3326 225 3375 stola
254 3325 334 3376 ad
392 3323 810 3379 Pammdchium.
844 3344 863 3377 ι
893 3324 1043 3379 Nunc
1083 3323 1504 3379 ettuntei‘andum
1541 3327 1671 3380 mihi

97 3405 174 3446 est
198 3395 418 3464 (inquit
453 3410 596 3449 num.
634 3395 747 3463 19),
797 3396 890 3463 qui
941 3394 1427 3464 ecclesiasticorum
1476 3396 1541 3449 de
1576 3396 1673 3449 im-

100 3465 205 3535 tgari
271 3478 514 3535 numero
569 3465 951 3535 disputarint;
1004 3463 1274 3535 Clemens,
1331 3464 1670 3535 Hippolytus,

99 3533 751 3605 0rigenes,_Dionysius,
797 3534 1079 3605 Eusebius,
1126 3533 1671 3605 Didymus,”no'stro-

102 3618 333 3671 rumque
392 3601 780 3675 Iertullianus,
807 3603 1130 3675 Cyprianus,
1188 3601 1514 3666 Victorinus.
1563 3603 1667 3658 La-

100 3676 356 3737 ctantius,
392 3672 677 3727 Hilarius:
711 3672 936 3742 quoriiin
971 3672 1272 3743 Cyprianus
1322 3677 1389 3727 de
1426 3684 1672 3742 septena-

103 3744 194 3805 rio,
223 3745 279 3797 id
311 3753 423 3807 est,
463 3745 650 3811 impari
694 3758 917 3799 numero
934 3744 1224 3803 disserens,
1255 3758 1396 3812 quin,
1429 3753 1671 3812 etqnan-

103 3825 147 3864 ta
190 3814 402 3866 dixerit
454 3814 520 3866 ad
579 3812 932 3867 Fortunatum
991 3812 1126 3867 liber
1178 3813 1319 3866 illius
1360 3814 1671 3867 testimonio

101 3894 194 3935 est.
222 3902 241 3933 ι
271 3882 357 3936 Ex
376 3883 467 3936 his
494 3893 670 3936 autem
684 3884 860 3938 verbis
884 3882 1059 3951 colligi
1088 3898 1191 3936 non
1224 3896 1378 3951 posse
1398 3884 1669 3946 existimo,

101 3952 335 4023 libellum
380 3968 413 4005 a
436 3951 670 4023 _Didynto
707 3954 906 4007 editum
930 3950 1068 4017 esse,
1096 3953 1186 4020 qui
1211 3950 1339 4023 περὶ
1362 3950 1454 4004 τοῦ
1486 3968 1673 4023 περιτ-

102 3968 335 4006 nuetmm
380 3968 413 4005 a
449 3968 670 4075 umjmo
707 3968 906 4007 editum
930 3968 1068 4017 esse,
1096 3968 1186 4020 qut
1211 3968 1339 4023 περι
1362 3969 1454 4004 του
1486 3968 1673 4023 περιτ-

102 4022 185 4076 τοῦ
207 4020 526 4093 ἁριθμοῦ,ἰ
595 4031 720 4093 esti
763 4026 827 4076 de
867 4024 1055 4090 impari
1093 4037 1316 4093 numero
1354 4042 1373 4075 ι
1414 4026 1674 4093 inscribe-

106 4091 258 4146 retur
283 4109 301 4144 :
332 4091 576 4161 alioquin
601 4092 653 4145 id
700 4092 869 4156 ipsum
907 4093 973 4147 de
1017 4093 1136 4146 aliis
1171 4091 1356 4155 etiam,
1386 4107 1521 4158 quos
1548 4091 1673 4147 Hie-

106 4178 362 4232 ronymus
400 4162 665 4232 nominat,
707 4162 992 4216 dicendum
1038 4160 1196 4216 foret.
1242 4161 1428 4229 Itaque
1452 4176 1576 4232 cum
1607 4175 1669 4213 ea

107 4231 418 4302 Hieronymi
460 4231 684 4299 epistola
706 4247 846 4285 anno
892 4232 1015 4296 595,
1061 4233 1283 4299 ideoque
1312 4231 1495 4302 paucis
1546 4239 1672 4285 ante

107 4301 314 4371 Didymi
354 4302 565 4356 obitum
614 4303 788 4365 annis,
826 4311 919 4354 aut
968 4311 1089 4369 post
1135 4302 1334 4355 editum
1374 4301 1479 4354 hoc
1515 4315 1669 4371 opus,

109 4370 309 4439 scripta
335 4371 526 4433 fuerit,
562 4370 911 4438 improbabile
937 4386 1040 4425 non
1074 4380 1178 4432 est,
1210 4370 1385 4425 locum
1411 4372 1552 4424 hunc
1581 4370 1671 4423 Di-

1783 1861 1881 1927 Qui
1919 1861 2016 1914 nisi
2074 1860 2348 1915 Hebraicre
2378 1859 2568 1929 lingua:
2620 1862 2839 1912 omnino
2896 1860 3142 1929 ignarus
3177 1858 3337 1921 foret,

1781 1925 2039 1983 monitum
2070 1931 2170 1984 hoc
2208 1945 2330 1999 pag.
2372 1925 2594 1991 57,'tton
2626 1930 2962 1999 apposuisset
2996 1943 3009 1979 :
3054 1925 3180 1999 (7C6
3223 1935 3351 1999 _mot

1779 1999 2122 2069 (théocratie)
2182 1996 2390 2067 sigriitie
2423 1999 2468 2051 la
2496 1996 2671 2052 meme
2691 1998 2875 2069 chose,
2917 2001 2958 2069 si
2991 2014 3063 2069 on
3089 1998 3138 2050 le
3171 1996 3355 2069 derive

1779 2065 1886 2122 soit
1918 2070 1983 2124 de
2021 2065 2280 2135 l’hébreu,
2309 2070 2413 2123 soit
2460 2069 2528 2120 dtt
2562 2083 2711 2137 grec,
2762 2067 2811 2121 la
2866 2068 3009 2131 ville,
3054 2067 3098 2119 la
3138 2065 3245 2122 cité
3275 2067 3343 2137 de

1778 2140 1931 2195 Dieu.
1956 2158 1973 2191 ι
1998 2138 2147 2194 itane
2168 2139 2446 2207 ineptires.
2470 2137 2516 2192 si
2550 2135 2678 2206 quid
2706 2152 2945 2207 saperes,
2980 2135 3352 2205 Boulangere?

1776 2224 1841 2262 eo
1867 2211 2009 2263 enim
2048 2221 2098 2263 te
2124 2206 2338 2263 nomine
2370 2208 2667 2277 appellabo,
2710 2206 2815 2275 quo
2848 2220 2896 2261 te
2929 2206 3175 2260 laudator
3221 2218 3344 2277 tuus

1775 2279 2001 2345 appellat
2030 2278 2336 2343 Voltairius,
2367 2276 2456 2346 qui
2494 2278 2687 2330 librum
2728 2284 2875 2330 tuum
2932 2276 3345 2344 Montesquieuo

1777 2349 1995 2419 dignum
2027 2358 2201 2404 vocat.
2237 2350 2340 2402 Sed
2367 2347 2882 2419 absurdioraadhuc
2913 2357 3043 2419 sunt
3075 2361 3190 2413 qua:
3224 2359 3347 2419 pag.

1778 2415 1860 2473 75’
1896 2419 2152 2485 legimus:
2197 2436 2216 2469 ι
2255 2419 2446 2479 David,
2490 2418 2621 2471 dont
2685 2417 2763 2470 les
2814 2416 3098 2471 véritables
3136 2415 3349 2468 racines

1776 2498 1898 2542 sont
1920 2490 2089 2553 Aved,
2112 2490 2462 2552 Avaddon,et
2490 2486 2793 2548 Aveddaclt,
2824 2496 2994 2554 perte,
3026 2496 3079 2539 et
3109 2486 3350 2554 destruc-

1780 2557 1912 2628 tion,
1959 2559 2166 2628 signifle
2211 2558 2748 2628 l‘extertninateur.__i
2805 2553 3200 2628 Oppraeclarum
3241 2553 3346 2607 He-

1776 2627 1942 2681 braici
1976 2624 2240 2682 sermonis
2271 2627 2646 2693 interpretem!
2694 2624 2942 2678 Hreccine
2966 2626 3107 2677 tetati
3144 2634 3343 2677 nostrae

1777 2707 2048 2751 reservata
2073 2708 2228 2753 erant
2258 2701 2474 2752 inventa
2499 2695 2522 2748 ?
2554 2694 2798 2749 Hmccine
2825 2695 3231 2762 Montesquieuo
3262 2694 3345 2745 di-

1814 2766 1903 2818 na?
1933 2768 2145 2821 Siccine
2179 2782 2272 2822 eos
2296 2765 2569 2829 coulutas,
2622 2764 2972 2834 Bouiangere,
3014 2763 3103 2832 qui
3145 2778 3339 2834 nomen

1822 2836 1941 2889 avrd
1982 2838 2048 2890 ab
2079 2837 2179 2889 alia
2216 2837 2418 2901 radice,
2472 2844 2569 2887 aut
2624 2831 2854 2888 nomine
2877 2831 3222 2896 deducentcs,
3258 2831 3345 2885 Di-

1774 2906 1957 2958 lectum
1984 2904 2445 2976 interpretantur?
2462 2903 2814 2976 Tolerabilior
2841 2903 3078 2976 profecto
3098 2903 3156 2976 is
3183 2902 3344 2966 foret.

1773 2976 1862 3043 qui
1892 2991 2084 3030 nomen
2128 2972 2166 3028 ⁷(
2204 2977 2390 3031 asinus
2422 2994 2441 3027 ι
2498 2972 2662 3043 (absit
2695 2974 2858 3026 verbo
2893 2972 3114 3041 invidia)
3149 2986 3179 3025 a
3208 2986 3339 3025 voce

1780 3042 1799 3095 ι
1841 3047 2058 3112 sapiens
2087 3065 2106 3097 ι
2166 3046 2457 3099 derivaret.
2507 3042 2989 3112 Quatuorsaltem
3054 3056 3342 3112 nutrierare

1777 3110 1957 3183 posset
1981 3130 2295 3169 communes
2325 3115 2538 3183 utrique
2562 3110 2824 3183 vocabulo;
2853 3112 3078 3183 litteras.
3101 3110 3335 3183 _Utin_ain

1777 3179 1905 3238 vero
1939 3185 2110 3239 discat
2140 3185 2428 3251 aliquando
2453 3179 2693 3251 'ineptus
2738 3181 3044 3251 istiusmodi
3081 3179 3338 3251 disquisi-

1773 3252 2005 3318 tionum,
2046 3268 2139 3308 seu
2174 3249 2652 3308 deliramentorum
2683 3252 2881 3320 potius,
2916 3266 2977 3304 ac
3002 3249 3232 3320 rutilium
3261 3264 3345 3301 ar-

1772 3325 2239 3389 gumentationum
2279 3323 2608 3378 architectus
2636 3319 2866 3374 litteram
2895 3320 3069 3373 daleth
3093 3335 3122 3372 a
3162 3319 3343 3373 littera

1772 3392 1943 3460 aleplt,
1977 3408 2042 3447 ac
2064 3393 2300 3448 litteram
2333 3393 2448 3447 bella
2482 3408 2512 3445 a
2540 3392 2718 3444 littera
2744 3407 2843 3443 vau
2873 3391 3222 3459 distinguere,
3260 3397 3344 3441 at-

1771 3476 1876 3529 que
1912 3463 2318 3526 internoscere;
2356 3462 2557 3516 videbit
2583 3460 2725 3513 enim
2759 3467 2885 3512 tum:
2910 3461 3131 3527 ipsemet
3179 3472 3339 3525 quam

1772 3531 1927 3599 longe
1959 3533 2121 3586 distet
2172 3547 2365 3586 nomen
2398 3539 2512 3592 ἰη-Π
2546 3529 2763 3599 (David)
2806 3538 2913 3581 tmn
2958 3545 2985 3580 a
3017 3530 3195 3582 radice
3230 3536 3343 3599 13x

1773 3599 1991 3670 (abhad)
2025 3616 2143 3670 quae
2180 3616 2300 3656 cum
2327 3602 2515 3656 eodem
2549 3598 2763 3653 nomine
2792 3613 3129 3651 communem
3180 3598 3341 3670 habet

1771 3666 2098 3738 postremam
2152 3673 2413 3726 duntaxat
2472 3670 2734 3732 litteram,
2796 3676 2905 3721 tum
2967 3684 2998 3722 a
3062 3666 3338 3721 vocabulis

1772 3740 2068 3801 abitaddon,
2096 3750 2151 3795 et
2172 3739 2460 3794 abheddah.

1844 3809 1954 3879 (55)
1984 3809 2300 3878 Perfectum.
2336 3808 2616 3863 Perfectus
2644 3807 2839 3862 dicitur
2886 3820 3138 3879 numerus
3165 3812 3341 3873 sepio-

1773 3877 1962 3933 narius
1994 3877 2098 3933 non
2144 3880 2196 3932 iu
2232 3879 2411 3946 seipso
2451 3879 2848 3940 consideratus,
2893 3877 2987 3931 sed
3032 3889 3341 3946 earumre-

1771 3962 1889 4001 rum
1920 3958 2183 4016 respectu,
2209 3945 2327 4015 quae
2372 3950 2471 4001 hoc
2517 3962 2741 4001 numero
2789 3949 2838 3999 in
2888 3946 3169 4014 Scriptura
3212 3945 3339 3997 deti-

1773 4018 2010 4071 uiuntur.
2043 4019 2249 4071 Similia
2271 4018 2466 4085 passim
2495 4017 2693 4070 habent
2736 4016 2823 4069 alii
2850 4016 3037 4069 Patres
3062 4016 3126 4085 de
3156 4029 3337 4085 nume-

1773 4088 1848 4140 ris
1868 4088 1960 4150 ita,
2010 4099 2068 4141 ut
2095 4087 2226 4151 dixi,
2252 4082 2527 4152 spectatis.
2552 4085 2689 4150 Quin
2720 4085 3055 4155 Epiphanius
3100 4082 3332 4155 libellum

1773 4158 1992 4225 scripsit
2019 4157 2091 4211 De
2119 4171 2449 4210 numerorum
2478 4154 3019 4225 mysteriis.iEtlmiciq
3038 4154 3334 4222 scriptores

1772 4241 1803 4280 e
1824 4223 2095 4281 contrario
2120 4229 2185 4279 de
2212 4223 2556 4279 numerorum
2579 4227 2628 4276 in
2654 4226 2848 4293 seipsis
2877 4223 3335 4277 consideraturum

1773 4295 2105 4364 perfectione
2147 4296 2295 4364 plura
2344 4296 2734 4361 disseruerunt,
2770 4310 2888 4362 quae
2933 4302 3088 4364 erant
3124 4293 3334 4347 illorum

1770 4374 1928 4420 tetate
1951 4363 2170 4420 forsitan
2202 4365 2519 4430 tolerabilia,
2553 4379 2693 4417 nunc
2742 4374 2891 4418 certe
2925 4363 3044 4417 sine
3090 4373 3335 4416 conteru-

110 4432 240 4510 dynii
269 4442 476 4529 respici
504 4432 571 4493 ab
599 4432 949 4521 li'ieronymo;
988 4441 1203 4529 nat‘iLde
1228 4440 1533 4529 septenario
1566 4456 1669 4492 nu-
1703 4475 1746 4529 Ι)
1777 4447 1875 4529 ptu'
1912 4436 2011 4529 lggi
2045 4439 2131 4529 vi}
2160 4443 2403 4529 possunt.
2451 4435 2525 4488 lla
2568 4432 2813 4515 Julianus
2838 4435 3095 4529 qustata
3128 4434 3193 4529 Ιἰιι
3222 4432 3335 4510 epi-

108 4526 245 4633 gesro
278 4511 374 4565 hic
403 4510 526 4565 fuse
552 4510 751 4580 agitur,
787 4509 816 4563 a
845 4524 1014 4579 segm.
1033 4509 1136 4564 125
1167 4510 1195 4563 b
1214 4525 1382 4579 usque
1406 4510 1473 4563 ad
1498 4524 1668 4578 segm.

224 4598 282 4633 α.

171 4650 285 4719 (52)
348 4648 701 4718 Requievisse.
771 4648 1012 4718 Respicit
1076 4648 1210 4705 Gen.
1238 4718 1263 4719 ﬂ
1294 4664 1350 4713 ι,

108 4718 237 4773 enim
262 4718 477 4773 omnes
507 4720 573 4772 ad
620 4734 782 4773 unum
815 4720 958 4773 docti
995 4719 1093 4773 viri
1134 4718 1508 4783 tradiderunt,
1543 4733 1673 4773 voce

113 4789 367 4843 llebraica
436 4798 570 4847 nam
641 4788 937 4910 (shabbat?
991 4789 1226 4857 requiem
1291 4803 1355 4843 ac
1413 4789 1672 4843 cessatio-

113 4874 221 4910 nem
262 4860 566 4910 desianari.
602 4857 655 4910 id
695 4867 748 4910 et
786 4860 908 4910 theo
931 4874 1063 4910 onus
1088 4868 1274 4910 noster
1295 4868 1513 4910 secutus
1566 4868 1669 4910 est.

111 4874 221 4911 nem
262 4860 566 4929 designari,
588 4857 658 4929 id
695 4867 748 4910 et
786 4857 1063 4929 theologus
1088 4868 1274 4912 noster
1295 4868 1513 4914 secutus
1566 4868 1669 4912 est.

113 4930 172 4981 At
202 4927 501 4997 genuinum
553 4927 669 4994 ejus
701 4927 948 4981 vocabuli
975 4927 1198 4982 sensum
1237 4929 1539 4997 ignoratum
1578 4928 1673 4981 ha-

113 5008 299 5053 ctenus
327 4999 497 5052 fuisse
522 5008 703 5052 censet
735 4998 928 5068 impius
972 5000 1189 5067 quidam
1228 4998 1480 5066 scriptor,
1511 4997 1674 5068 cujus

115 5084 239 5135 opus
289 5068 605 5136 nuperrime
632 5082 663 5121 e
690 5067 925 5121 tenebris
952 5068 1004 5121 in
1049 5069 1220 5122 lucem
1248 5067 1444 5136 prodiit
1474 5067 1556 5122 sic
1585 5070 1669 5120 in-

116 5140 366 5207 scriptum
401 5154 419 5192 :
465 5136 788 5207 Bccharches
819 5153 910 5189 sur
942 5138 1181 5207 l‘origine

116 5206 350 5261 ademi.
426 5226 447 5259 ι
504 5206 556 5260 ls
599 5207 816 5260 nomine
859 5226 878 5257 ι
918 5206 1144 5262 shabbat
1176 5226 1195 5258 ι
1246 5222 1349 5261 non
1408 5209 1669 5275 requiem,

116 5292 208 5330 non
242 5278 609 5331 cessationem
643 5276 884 5330 denotari
928 5277 1060 5341 vult,
1106 5279 1200 5334 sed
1244 5280 1666 5331 renovationem.

117 5347 254 5409 Quod
287 5348 332 5401 si
364 5363 473 5417 qua
504 5358 870 5417 commentum
899 5348 999 5401 hoc
1030 5347 1241 5401 ratione
1274 5346 1464 5417 fulcire
1506 5361 1672 5402 cona-

119 5429 194 5468 tus
222 5416 391 5480 esset,
414 5432 537 5471 eam
583 5416 733 5471 facili
759 5416 972 5484 negotio
999 5417 1261 5487 refellere
1292 5416 1517 5471 forsitan
1544 5432 1669 5487 pos-

116 5501 314 5548 semus;
347 5503 495 5541 nunc
541 5501 673 5542 vero
713 5500 836 5539 cum
872 5487 914 5540 is
941 5486 1140 5541 nullam
1185 5484 1396 5551 afferat,
1436 5484 1669 5554 cumque

117 5568 211 5627 non
244 5558 420 5610 solum
461 5556 782 5627 primigenia
823 5558 974 5609 radix
1005 5568 1033 5608 c'
1055 5557 1264 5622 shabat,
1308 5576 1326 5608 ι
1361 5556 1456 5611 sed
1495 5568 1551 5610 et
1580 5558 1671 5627 de-

119 5625 294 5680 rivata
318 5643 388 5680 ex
409 5625 478 5680 ea
507 5625 770 5681 dictiones
800 5644 819 5676 ι
852 5627 1089 5691 nishbat,
1128 5627 1459 5691 mishbatim,
1509 5625 1685 5679 shab—

119 5692 293 5759 baton,
332 5697 543 5751 bishbit
578 5714 598 5748 ›
634 5710 702 5749 ne
726 5696 892 5750 semel
919 5696 1134 5765 quidem
1174 5699 1227 5750 in
1265 5696 1460 5751 divinis
1484 5694 1670 5751 Bibliis

125 5779 143 5813 ι
176 5767 459 5823 renovandi
503 5785 525 5819 ι
551 5766 997 5838 significationem
1035 5767 1294 5830 habeant.
1323 5767 1543 5824 ridenda
1569 5781 1666 5836 po-

1406 4649 1460 4702 5.
1524 4648 1674 4714 Quod
1700 4682 1703 4685 λ

1267 5155 1299 5190 ιι
1356 5136 1672 5205 despotisme
1695 5183 1699 5186 .

1777 4505 1909 4558 stola
1932 4503 2003 4559 21$
2040 4506 2107 4559 ad
2162 4503 2505 4574 Sarapionem
2557 4506 2737 4560 nescio
2780 4519 2897 4572 qute
2932 4503 2997 4574 de
3023 4504 3335 4556 centenario

1775 4576 1968 4642 ctfutit,
2009 4590 2168 4645 quem
2191 4573 2401 4645 caeteris
2445 4574 2684 4627 numeris
2705 4573 3149 4645 praestantiorem
3191 4586 3331 4633 esse,

1778 4643 2072 4715 eorumque
2099 4643 2479 4715 perfectionem
2516 4645 2567 4696 in
2612 4658 2670 4715 se
2704 4643 2920 4715 habere.
2954 4643 3095 4715 serio
3121 4652 3335 4715 conten:

1774 4714 1851 4767 dit
1881 4733 1896 4768 :
1926 4709 2076 4769 ut'de
2099 4709 2240 4767 'aliis
2267 4714 2476 4777 sileant,
2506 4714 2751 4783 tuaxiute
2795 4711 3189 4783 Pythagoricis,
3241 4709 3332 4779 qui

1774 4784 1947 4837 atIinia
1975 4786 2041 4839 de
2076 4784 2312 4837 numeris
2342 4782 2697 4837 tradiderunt.

1845 4854 1955 4925 (54)
1986 4853 2359 4925 1Ent'grrtatice.
2394 4852 2565 4905 Simili
2615 4850 2773 4925 modo
2823 4850 2890 4904 ad
2920 4847 3334 4925 versiculum__2

1773 4918 1963 4991 capitis
1993 4918 2150 4991 primi
2172 4921 2290 4977 Jobi
2323 4924 2373 4975 in
2410 4931 2600 4976 catena
2627 4920 2933 4991 Gragcorum
2961 4920 3205 4991 Patrum,
3231 4918 3329 4991 Τίς

1808 4988 1878 5063 αρ
1899 4988 2007 5046 σῦκ’
2028 4989 2156 5055 οἶδε,
2186 4994 2358 5063 inquit
2381 4992 2661 5063 Didymus,
2697 4989 2795 5060 τὴν
2829 4989 3077 5063 ’ἑϐδόμην
3128 4988 3333 5063 ᾁπαρί-

1808 5013 1878 5063 αρ
1899 5013 1997 5046 ουκ
2028 5013 2156 5055 οιοε,
2186 5013 2358 5060 tltqutt
2381 5013 2661 5060 Uluytuus,
2697 5013 2795 5060 την
2837 5013 3077 5059 ευοομην
3128 5013 3331 5056 απαρι·

1771 5013 1996 5135 imm,
2027 5062 2137 5135 τῶν
2333 5060 2681 5135 χαρισμάτῳν
2705 5059 2926 5135 μηνύειν
2965 5060 3075 5135 τὴν-
3096 5058 3331 5135 σύνοδον,

1771 5128 1957 5204 ὥστ-τερ
1996 5128 2086 5186 οῦν
2112 5133 2204 5185 καὶ
2243 5128 2576 5204 τῆν’τρίτην
2626 5128 2959 5204 ιέκςριϋνησωξἱ
2984 5128 3116 5199 πρὸς
3157 5128 3218 5204 to
3248 5145 3334 5204 τε·

1770 5199 2204 5275 λειότερον-ὁρᾷν
2261 5199 2355 5275 καὶ
2406 5199 2704 5275 θεριρτεροη
2734 5201 2818 5275 ἵνα
2860 5201 3122 5275 μάθωμεν
3153 5199 3250 5269 τὴν
3277 5200 3333 5251 ἐν

1770 5270 1960 5341 Τριάδὶ
2001 5270 2213 5337 πίστινι
2256 5272 2354 5341 τῆς
2407 5270 2650 5341 ἑϐδόμης
2707 5270 2970 5339 (fortasse
3026 5270 3339 5341 legendum,

1781 5294 1804 5327 1
1857 5294 1960 5329 ιαοι
2001 5294 2213 5337 manv,
2256 5294 2354 5341 της
2412 5294 2537 5323 ευου
2584 5294 2650 5341 ης
2707 5294 2970 5339 nomine
3029 5294 3323 5339 tegcuuum,

1770 5294 2090 5415 ὲϐἓομαίας)
2129 5342 2346 5414 χάριτος
2378 5337 2517 5393 εἶναι
2543 5294 2891 5412 ςημιουργόν,
2924 5343 2974 5396 id
3010 5353 3109 5395 est:
3158 5358 3175 5390 t
3198 5338 3331 5404 Qus

1770 5419 1909 5472 enim
1963 5417 2175 5483 ignorat
2222 5416 2901 5483 numerumiseptenarium
2950 5427 3091 5483 esse
3119 5420 3326 5483 septeni

1769 5477 2161 5541 charisniatunt
2200 5480 2466 5551 indicem?
2515 5477 2668 5536 Sicut
2719 5486 2880 5535 trium
2923 5480 3224 5551 appellatio
3266 5477 3331 5551 ad

1770 5556 1822 5611 id
1859 5556 1997 5623 quod
2022 5564 2107 5609 est
2134 5550 2620 5623 perfectius_atque
2644 5551 2900 5623 divinius,
2929 5544 3117 5606 referri
3149 5544 3329 5623 solet?

1769 5618 2029 5680 Nimirum
2059 5618 2392 5677 ‘ut'sciamus
2422 5618 2702 5680 Trinitatis
2731 5622 2890 5680 fidem
2924 5630 3131 5691 septem
3160 5618 3332 5673 dono-

1769 5711 1884 5752 rum
1903 5695 2149 5766 opiﬁcem
2179 5706 2318 5750 esse.
2352 5709 2372 5743 ι
