3676 6302
154 332 254 389 705

1164 337 1252 392 DE
1288 336 1659 392 TRlNlTATE
1698 337 1898 392 LIBER
1939 337 2322 397 SECUNDUS.

3269 338 3372 393 706

157 472 177 507 ι
210 454 320 507 Καὶ
364 454 713 526 χαρήσονται,
755 454 849 507 καὶ
886 453 1108 523 ὄψονται
1135 454 1225 507 τὸν
1265 454 1410 508 λίθον
1450 454 1537 507 τὸν
1580 471 1699 507 κασ-

1880 456 2030 523 oria),
2063 456 2113 509 id
2158 464 2239 510 est
2290 455 2797 525 inexstinguibilem,
2830 470 2893 511 ac
2929 468 3243 524 perennem,
3279 454 3374 523 qui

154 546 417 615 σιτέρινον
447 549 505 600 ὲν
536 546 679 617 χειρὶ⁵
707 547 1029 618 Ζοροϐάϐελ.
1074 546 1241 599 Ἑπτὰ
1273 540 1417 600 οῦτοι
1449 546 1713 616 ὀφθαλμοὶ

150 638 357 709 Κυρίου
394 640 553 703 εἰσὶν,
580 642 626 693 οἱ
653 640 1035 702 ὲπιϐλέποντες
1076 641 1166 692 ἐπὶ
1196 640 1373 691 πᾶσαν
1398 637 1495 708 τὴν
1534 640 1655 707 γῆν.
1689 656 1707 687 ι

150 730 211 781 υἱ
251 725 345 781 οὖν
374 730 475 800 τὴν
503 732 679 784 πᾶσαν
722 731 897 783 κτίσιν
931 730 1230 800 ἐφορῶντες
1259 729 1394 781 ἑπτὰ
1423 728 1711 797 ὀφθαλμοὶ,

150 821 195 871 οἱ
240 819 631 890 προλεχθέθτες
674 820 966 893 παράδοξοι
1011 821 1386 893 χρηματισμοὶ
1428 817 1520 871 τοῦ
1560 818 1712 885 ἁγίου

147 910 466 979 Πνεύματός
493 914 647 964 εἰσιν.
675 912 1059 983 Κασσιτέρινον
1079 911 1134 963 δὲ
1162 911 1308 963 λίθον
1338 909 1507 976 εἶπεν,
1534 910 1713 981 ἐπειδὴ

146 1002 202 1051 ὲν
232 1000 312 1071 τῷ
340 1003 649 1073 κασσιτέρῳ
669 1002 737 1055 τὰ
766 1002 1067 1055 πεπονθότα
1100 1003 1291 1074 σκεύη,
1317 1004 1511 1074 σιδηρᾶ
1533 1021 1590 1057 τε
1619 1005 1714 1056 καὶ

144 1093 345 1164 χαλκᾶ,
382 1095 739 1167 θεραπεύεται
766 1096 857 1147 καὶ
884 1094 1307 1166 ἀναπληροῦται,
1341 1096 1435 1148 καὶ
1464 1097 1713 1160 ὲνωτικός

144 1184 293 1235 ἐστιν
339 1184 370 1233 ὁ
404 1183 741 1255 κασσίτερος.
791 1184 926 1235 Φασὶ
968 1183 1026 1236 δέ
1070 1201 1229 1246 τινες,
1279 1184 1359 1236 ὅτι
1430 1186 1523 1238 σὺν
1554 1184 1711 1254 τέχνῃ

144 1270 539 1341 καὶ.διακρίνει
578 1271 636 1322 ὲν
666 1273 731 1340 τῇ
764 1270 908 1340 χώνῃ
943 1270 1071 1340 [125
1103 1271 1161 1343 a]
1221 1272 1327 1324 ἀπὸ
1360 1270 1451 1324 τοῦ
1484 1272 1712 1342 χρυσοῦ,

142 1360 171 1430 ἦ
196 1362 471 1432 ἀργύρου,
496 1364 528 1434 ἢ
570 1363 658 1433 χα)
671 1363 765 1417 κοῦ
792 1365 851 1417 τὸ
875 1365 1095 1435 δόκιμον
1121 1366 1214 1419 καὶ
1242 1366 1516 1435 ἀδόκιμον.
1546 1360 1714 1433 Ἐγῷ-

142 1470 264 1521 μαι,
301 1454 377 1516 ὡς
423 1456 515 1507 καὶ
566 1455 626 1506 τδ
680 1455 783 1507 ὑπὸ
835 1456 1140 1525 Σολομῶνος
1203 1456 1400 1526 ὁμοίως
1442 1457 1498 1508 ὲν
1540 1456 1711 1527 ἀπορ-

141 1545 298 1612 ῥήτῳ
346 1543 560 1612 λεχθὲν,
600 1563 618 1595 ι
684 1546 731 1598 Η
786 1546 941 1614 σοφία
963 1546 1305 1616 ᾠκοδόμησεν
1334 1547 1497 1616 ἑαυτῇ
1546 1542 1709 1610 οἶκον,

137 1634 231 1684 καὶ
276 1634 547 1705 ὑπήρεισε
591 1635 814 1700 στύλους
870 1636 1043 1701 ἑπτὰ,
1075 1655 1093 1687 ι
1122 1636 1464 1706 παραδηλθῦν
1505 1637 1712 1705 ἐφίεται

136 1722 195 1777 τὸ
258 1729 329 1796 τῇ
398 1728 659 1799 Παρθένῳ
714 1729 1091 1797 εὐαγγελισθὲν
1140 1728 1244 1782 ὑπὸ
1298 1728 1391 1780 τοῦ
1439 1728 1707 1799 Γαϐριὴλ·

1816 547 1938 602 inde
1966 559 2071 614 est,
2113 546 2400 615 influxum;
2446 560 2502 604 et
2536 549 2669 603 duas
2700 549 2900 613 olivas;
2957 561 3074 614 quae
3106 550 3185 601 sic
3231 547 3373 600 acci-

1816 639 2053 707 piuntur,
2087 650 2142 693 ut
2176 642 2475 709 significent
2515 640 2627 712 (69)
2660 640 2742 693 vel
2793 639 3153 693 sacerdotium
3210 649 3265 695 et
3296 652 3377 691 re-

1815 743 1998 798 gnum,
2030 730 2112 783 vel
2171 732 2303 785 duos
2341 732 2582 802 populos,
2628 740 2718 783 aut
2760 732 2944 784 domos
2993 730 3106 795 Dei,
3144 729 3375 799 priscum

1815 835 2004 888 nempe
2034 824 2284 891 pupulum
2318 821 2708 887 lsraelitarum,
2745 833 2799 877 et
2842 830 3082 875 nostrum
3109 819 3376 874 Christia-
3426 872 3429 875 γ

1812 926 2001 964 norum
2037 929 2049 965 :
2086 922 2139 965 et
2165 922 2441 982 postquam
2497 916 2810 983 prOphetam
2846 915 3123 976 excitavit,
3153 927 3215 965 ac
3249 927 3373 965 eum

1814 1002 1981 1071 magis
2008 1005 2241 1071 quodam
2270 1006 2428 1059 modo
2454 1006 2735 1073 disposuit,
2771 1013 2827 1057 ut
2855 1004 2918 1057 ad
2943 1019 3027 1067 ea,
3057 1018 3172 1073 qua:
3196 1011 3377 1055 osten-

1812 1107 1968 1148 surus
1999 1104 2136 1159 erat,
2208 1097 2513 1149 accuratius
2582 1096 2691 1166 (70)
2735 1095 3120 1149 consideranda
3166 1093 3378 1161 evigila-

1814 1195 1914 1248 ret,
1956 1194 2116 1253 atque
2164 1188 2574 1240 conniteretur:
2627 1187 2939 1255 Postquam,
2988 1186 3225 1252 inquam,
3260 1183 3377 1237 hzec

1812 1276 1991 1329 omnia
2028 1276 2180 1341 dixit,
2234 1293 2418 1330 rursus
2463 1277 2636 1330 subdit
2673 1296 2687 1330 :
2732 1295 2750 1327 ι
2791 1276 2901 1329 Non
2939 1276 2988 1328 in
3026 1278 3221 1327 virtute
3263 1273 3373 1342 (7t)

1815 1382 2029 1437 magna,
2066 1374 2235 1436 neque
2272 1370 2321 1421 in
2384 1369 2713 1431 fortitudine,
2772 1367 2874 1419 nisi
2934 1364 3044 1435 (72)
3081 1366 3133 1417 in
3172 1364 3374 1432 Spiritu

1814 1473 1953 1522 meo,
1983 1459 2116 1512 dicit
2168 1459 2425 1513 Dominus
2466 1459 2825 1527 omnipotens.
2858 1456 2987 1522 Quis
3018 1471 3075 1508 es
3111 1464 3184 1518 tu,
3221 1467 3376 1508 mons

1814 1564 2021 1619 magne,
2051 1558 2172 1603 ante
2210 1548 2395 1603 faciem
2446 1548 2809 1611 Zorobahelis,
2862 1555 2918 1599 ut
2973 1555 3226 1612 prospere
3276 1544 3373 1597 tibi

1811 1641 2080 1703 succedat,
2105 1650 2157 1693 et
2196 1644 2393 1695 educas
2428 1640 2537 1710 (75)
2572 1640 2798 1707 lapidem
2829 1635 3158 1689 hcereditatis
3189 1647 3372 1702 mqua-

1812 1730 2013 1785 litatem
2050 1733 2274 1802 gratiae?
2317 1752 2335 1783 ι
2388 1731 2484 1786 llic
2511 1742 2744 1785 montem
2776 1739 2930 1783 vocat
2958 1729 3187 1787 hostem,
3214 1737 3373 1792 quem

142 1836 159 1867 ι
190 1818 435 1888 Πνεῦμα
476 1820 629 1888 ἆγιον
666 1821 944 1875 ἐλεύσεται
983 1823 1075 1874 ἐπὶ
1116 1822 1206 1873 σε’
1243 1841 1261 1874 ι
1306 1823 1442 1894 ὅπερ
1474 1822 1566 1876 καὶ
1604 1822 1699 1875 λει-

1885 1825 2116 1893 oquitur,
2157 1825 2281 1894 quia
2338 1824 2585 1893 lapidem,
2632 1823 2821 1892 inquit,
2857 1819 3181 1874 harreditatis
3211 1816 3376 1869 Zoro-

135 1913 394 1979 τουργείν
425 1911 571 1981 αύτῷ
594 1913 717 1975 τοὺς
739 1914 997 1981 ἀγγέλους
1020 1914 1203 1985 δηλοῖ·
1233 1914 1327 1967 καὶ
1352 1913 1426 1976 ὼς
1448 1913 1553 1966 τῶν
1576 1913 1710 1967 ὅλων

136 2001 459 2071 {trra-.513};
500 2003 638 2066 ἐστὶ,
683 2005 775 2057 καὶ
835 2005 933 2068 τὰς
966 2005 1107 2070 ζωὰς
1136 2006 1358 2077 ἀρρήτῳ
1383 2006 1712 2077 φωταγωγεᾳ

135 2092 482 2161 περιλάμπει
527 2094 587 2145 τὸ
636 2094 813 2147 θεῖκὸν
844 2095 1100 2166 Πνεῦμα,
1149 2097 1243 2150 σὺν
1271 2095 1347 2166 τῷ
1394 2097 1568 2166 Πατρὶ
1618 2098 1711 2149 καὶ

133 2182 208 2251 τῷ
247 2183 394 2253 Υἱῷ,
450 2184 589 2253 μετὰ
630 2186 905 2256 ἀφράστου
959 2185 1201 2250 ἑνώσεως
1245 2188 1337 2239 καὶ
1389 2187 1705 2257 συμπνοίας.

146 2272 468 2338 Ἀξιοῦσθαι
502 2270 593 2327 οῦν
632 2274 794 2327 αὐτοῦ
838 2277 963 2339 τοὺς
1005 2275 1400 2346 φωτιζομένους
1447 2277 1710 2330 παιδεύων

134 2364 284 2432 ἡμεῖς
331 2364 360 2415 ὀ
414 2364 755 2430 Ἀπόστολος,
803 2365 1062 2429 Γαλάταις
1108 2366 1338 2436 ἐχάραξε
1410 2366 1710 2437 γράμματα

135 2454 223 2505 καὶ
268 2454 494 2507 τοιάδεο
539 2476 556 2506 ι
591 2455 761 2508 Τοῦτο
802 2456 957 2525 μόνον
998 2456 1135 2509 θέλω
1172 2456 1361 2526 μαθεῖν
1396 2459 1488 2525 ἀφ’
1522 2457 1706 2527 ὑμῶν’

146 2545 235 2611 ἐξ
290 2545 477 2617 εργων
528 2547 691 2616 νόμου
730 2547 792 2599 τὸ
832 2547 1054 2617 Πνεῦμα
1090 2548 1329 2613 ἐλάϐετε,
1374 2549 1405 2619 ἢ
1452 2549 1508 2615 ἐξ
1544 2549 1711 2619 ἀκοῆς

134 2636 416 2700 πίστεως
456 2655 475 2688 ι
516 2636 700 2703 Ταῦτα
742 2637 831 2690 καὶ
864 2638 1023 2692 Δαυῖδ
1050 2639 1110 2691 οὐ
1150 2641 1324 2710 σιωπῇ
1356 2640 1703 2711 παρατρέχει.

136 2723 443 2778 Συνὰπτων
482 2724 591 2796 γὰρ
638 2726 927 2796 προφανῶς
961 2726 1058 2797 τὴν
1094 2727 1252 2796 φύσιν
1282 2729 1374 2780 καὶ
1415 2729 1711 2800 ὁμοφροσύ-

134 2833 228 2885 νην
278 2815 381 2867 τοῦ
431 2816 496 2867 ὲκ
528 2816 701 2884 φωτὸς
742 2816 856 2885 φῶς
897 2816 1244 2887 γεννηθέντος
1289 2818 1440 2882 Υἱοῦ,
1484 2819 1577 2871 καὶ
1614 2820 1707 2872 τοῦ

133 2906 370 2978 ἀληθείᾳ
392 2907 454 2971 ἐξ
471 2907 722 2978 ἀληθείας
752 2909 1167 2979 ἐκπορευθέντος
1190 2908 1342 2978 ἁγίου
1372 2911 1509 2963 Πνεύ
1519 2929 1705 2981 ματος,

133 2996 355 3064 ψάλλει,
410 2998 470 3048 ὲν
521 2997 618 3067 μὲν
657 2998 775 3068 μβ’·
822 3017 841 3050 ι
901 2997 1306 3063 Ἐξαπόστειλον
1348 3000 1408 3052 τὸ
1464 3000 1576 3070 φῶς
1616 3018 1707 3054 σου

136 3088 228 3139 καὶ
260 3088 370 3157 τὴν
415 3087 672 3159 ἀλήθειάν
701 3106 822 3143 σου·
862 3110 880 3142 ι
918 3092 975 3142 ὲν
1006 3090 1059 3143 δὲ
1092 3091 1231 3161 ρμζ’“
1270 3108 1287 3140 ι
1331 3091 1709 3155 Ἐξαποστελεῖ

1816 1915 2078 1980 babelem,
2108 1925 2293 1969 contra
2326 1932 2483 1985 quem
2522 1916 2703 1986 prodis
2735 1914 2844 1985 (74)
2874 1915 2923 1966 ἰη
2948 1912 3135 1965 faciem
3159 1909 3205 1963 ei
3240 1906 3375 1960 resi-

1816 2016 1982 2069 stens,
2006 2017 2059 2061 et
2096 2008 2455 2073 adversarius,
2479 2016 2621 2060 tanta
2660 2004 2912 2074 spiritalis
2939 2002 3105 2071 gratia
3126 2012 3377 2069 prospere

1816 2098 2156 2152 dimicantem
2193 2096 2564 2159 circumdabit,
2598 2104 2655 2148 ut
2693 2096 2809 2162 ipse
2859 2101 3004 2144 totus
3038 2088 3206 2157 gratia
3256 2100 3376 2138 esse

1816 2188 1971 2256 plane
1996 2188 2208 2241 visurus
2248 2189 2337 2241 sit.
2377 2186 2441 2239 Et
2476 2186 2632 2255 paulo
2664 2194 2783 2254 post
2814 2197 2999 2237 rursus
3050 2182 3148 2233 ista
3178 2178 3375 2233 confir-

1816 2292 1988 2342 mans,
2026 2277 2104 2331 sic
2135 2279 2421 2346 prophetat
2453 2297 2466 2331 :
2512 2280 2538 2327 ι’
2582 2277 2645 2329 Et
2684 2275 3004 2329 laztabnutur
3052 2270 3181 2340 (75),
3214 2279 3265 2322 et
3292 2267 3375 2321 vi-

1817 2368 2014 2422 debunt
2054 2369 2281 2441 lapidem
2312 2378 2593 2423 stanneum
2630 2370 2681 2421 in
2714 2381 2871 2419 manu
2903 2361 3196 2417 Zorobahel
3238 2378 3251 2414 :
3288 2375 3377 2413 se-

1815 2444 1956 2529 ptem
2003 2461 2056 2515 hi
2088 2460 2227 2514 oculi
2279 2460 2489 2514 Domini
2519 2468 2664 2521 sunt,
2690 2457 2778 2527 qui
2832 2457 3119 2527 inspiciunt
3157 2455 3208 2507 in
3252 2452 3376 2505 uni-

1815 2567 2023 2606 versam
2055 2551 2211 2621 271
2248 2560 2466 2603 terram.
2504 2567 2523 2601 ι
2572 2546 2759 2615 Itaque
2815 2557 3017 2617 septem
3073 2543 3232 2606 oculi,
3281 2540 3375 2611 qui

1814 2659 2025 2695 omnem
2058 2654 2361 2695 creaturam
2404 2641 2721 2710 inSpiciunt,
2747 2652 2869 2694 sunt
2906 2636 3231 2691 admiranda:
3274 2633 3377 2687 illm.

1817 2732 2047 2800 Spiritus
2105 2732 2273 2787 sancti
2335 2732 2793 2786 denominatinnes
2852 2729 2998 2800 (76),
3040 2742 3173 2797 quas
3216 2736 3375 2780 antea

1814 2825 2063 2877 diximus.
2136 2824 2429 2877 Stanneum
2507 2838 2635 2878 vero
2714 2822 2944 2892 lapidem
3009 2819 3185 2883 dixit,
3250 2816 3376 2885 quia

1815 2931 1958 2980 vasa,
1988 2930 2104 2985 qua)
2130 2916 2510 2971 detrimentum
2534 2930 2688 2985 passa
2722 2924 2866 2978 sunt,
2890 2928 3011 2965 cmn
3038 2911 3231 2974 ferrea,
3264 2920 3375 2961 tum

1813 3023 1982 3072 aenea,
2019 3018 2210 3061 stanno
2242 3008 2634 3068 instaurantur,
2666 3015 2833 3075 atque
2882 3002 3294 3071 interpolantur,
3324 3008 3378 3052 et

1814 3108 2057 3152 stannum
2139 3096 2249 3168 (77)
2309 3096 2588 3167 copulandi
2638 3096 2744 3148 vim
2795 3094 2974 3148 habet.
3030 3093 3195 3145 Aiunt
3249 3104 3376 3143 vero

133 3180 217 3231 τὸν
250 3180 435 3247 Λόγον
466 3180 648 3246 αὑτοῦ,
669 3185 761 3236 καὶ
786 3183 933 3255 τήξει
958 3184 1095 3237 αύτὰ
1115 3200 1128 3214 ·
1162 3183 1378 3236 πνεύσει
1404 3183 1461 3235 τὸ
1492 3182 1699 3253 Πνεῦμα

1880 3190 2047 3250 idam.
2073 3198 2267 3243 stanno
2305 3205 2495 3243 aurum
2558 3190 2743 3254 etiam,
2783 3198 2876 3242 aut
2923 3198 3238 3257 argentum,
3283 3192 3377 3238 aut

132 3270 330 3335 αὑτοῦ,
362 3272 461 3325 καὶ
492 3274 750 3343 ρυήσεται
791 3275 977 3331 ὕδατα.
1013 3294 1033 3327 ι
1067 3270 1136 3345 ᾯ
1175 3276 1364 3329 ἕπεται
1406 3276 1466 3328 τὸ
1494 3277 1707 3329 Παύλου

133 3363 305 3431 ῥητόν
326 3380 339 3393 ·
386 3382 407 3415 ι
479 3364 651 3435 lipsi;
686 3367 884 3431 πάντες
912 3366 969 3421 ἒν
997 3365 1221 3438 Πνεῦμα
1266 3366 1646 3439 ἐποτίσθημεν.
1684 3388 1702 3420 t

135 3543 443 3598 derivatur.
473 3543 647 3614 Atque
667 3546 769 3599 hoc
796 3544 910 3610 ipso
936 3559 1094 3598 sensu
1126 3556 1332 3606 vocem,
1364 3544 1709 3614 ὲπαρυστρι-

132 3614 251 3675 δας,
289 3630 323 3666 a
386 3615 635 3681 theologo
680 3628 862 3667 nostro
905 3615 1041 3683 sumi
1076 3621 1244 3683 patet,
1270 3628 1335 3667 ex
1366 3614 1565 3675 verbis.
1588 3629 1708 3683 qua:

133 3686 324 3736 statim
350 3683 589 3749 subjicit.
621 3684 752 3737 Vide
774 3693 884 3736 not.
913 3682 1007 3746 28,
1029 3698 1149 3750 pag.
1179 3682 1267 3736 47.

201 3753 325 3821 (69)
360 3750 429 3805 Ut
456 3753 763 3821 signiﬁcent,
795 3763 899 3806 etc.
928 3753 1085 3805 Binas
1111 3752 1271 3821 hasce
1304 3753 1703 3821 interpretatio-

136 3820 230 3876 nes
288 3820 603 3885 verborum,
649 3822 808 3875 «dum
874 3822 1092 3881 olivae.»
1142 3820 1294 3891 alfgrt
1345 3820 1700 3891 Hieronymus

139 3892 281 3945 libro
337 3892 517 3959 primo
566 3892 1066 3946 commentariorum
1119 3893 1173 3944 in
1206 3889 1556 3956 Zachariam,
1576 3908 1695 3958 cap.

138 3963 190 4023 4.
260 3976 407 4032 pag._
444 3961 567 4014 814.
602 3961 782 4032 «Duas
829 3961 1001 4032 o_livas
1033 3960 1268 4030 (inquit)
1297 3961 1569 4032 quidame
1601 3976 1699 4015 no-

138 4029 356 4084 stris‘...’
377 4030 486 4085 duo
514 4031 809 4098 intelligunt
841 4029 1206 4093 Testamenta,
1241 4050 1271 4083 ει
1299 4032 1499 4083 dextris
1524 4031 1697 4083 Evan-

140 4102 366 4168 gelium,
401 4116 432 4152 a
466 4100 694 4154 sinistris
729 4100 963 4167 legem...
990 4100 1300 4168 Suntqni...
1339 4101 1700 4153 sacerdotium

141 4167 592 4236 interpretentur,
616 4180 670 4223 et
704 4169 889 4237 legem.
924 4187 943 4221 ι
989 4167 1136 4233 Quod
1168 4170 1211 4222 si
1245 4184 1363 4236 pro,
1412 4186 1430 4218 ‹
1460 4167 1647 4235 legem,
1676 4188 1695 4219 ι

140 4241 496 4292 scribendum
537 4250 697 4302 esset,
755 4257 771 4288 ι
801 4252 1041 4307 regnum,
1066 4257 1084 4288 ι
1152 4237 1357 4307 Didymi
1396 4238 1702 4301 explicatio-

143 4325 263 4361 nem
317 4309 560 4374 apertius
608 4323 1046 4377 agnosceremus.
1093 4307 1290 4377 Ibidem
1314 4321 1465 4377 _vero
1496 4322 1587 4377 eos
1616 4322 1699 4359 re-

142 4373 363 4445 darguit
387 4373 766 4443 Hieronymus,
796 4378 885 4444 qui
921 4394 938 4425 ι
964 4378 1096 4430 duas
1119 4376 1286 4430 olivas
1314 4373 1509 4428 Filiqu
1535 4376 1703 4445 inter-

145 4444 455 4513 pretantur,
494 4458 547 4501 et
579 4448 836 4513 Spiritum
887 4455 1233 4508 sanctum,et
1283 4446 1509 4498 mediam
1563 4444 1700 4496 lam-

141 4488 1451 4583 aut];ista;pzttzt;'."sea“;.;;aa'tamen;
1461 4488 1708 4582 ζ’ἰιιὶιῖιῖἰ)
1745 4488 1786 4542 υ

146 4588 348 4654 absque
386 4587 742 4654 blasphemia,
778 4586 1005 4639 alterum
1039 4602 1065 4636 a
1098 4585 1328 4654 dextris,
1357 4584 1585 4636 alterum
1618 4598 1711 4635 ac-

147 4653 348 4719 cipiant
383 4671 412 4705 a
440 4653 692 4708 sinistris.
722 4675 739 4706 ι
773 4655 975 4719 Quibus
1007 4654 1184 4706 verbis
1217 4653 1501 4722 Origenem
1526 4664 1715 4706 notare

147 4724 380 4785 tidetur,
405 4740 568 4791 quem
596 4736 772 4778 tamen
810 4725 1063 4794 Didymus
1097 4740 1164 4777 ne
1190 4724 1292 4777 hac
1326 4724 1541 4792 quidem
1579 4722 1629 4775 in
1657 4737 1715 4776 re

146 4805 363 4846 secutus
392 4806 497 4847 est.
1662 4806 1663 4809 ‘

218 4864 328 4930 (7U)
356 4864 695 4917 Accaratim.
720 4863 919 4926 Codex,
942 4860 1513 4933 προσακριϐεστέραν.
1565 4860 1711 4931 Lego

149 4935 281 5002 πρὸς
306 4934 501 5004 ἁκριὸε
509 4934 600 4986 στέ
606 4952 727 5004 ραν.

217 5004 326 5067 (71)
363 5000 486 5054 Non
517 5006 569 5054 in
600 5000 804 5056 uirtute.
836 5002 1000 5055 Zach.
1040 5016 1111 5064 tv,
1148 5000 1181 5053 6
1208 5012 1265 5054 et
1293 5000 1345 5054 7.

214 5072 325 5140 (72)
364 5072 508 5124 Nisi.
541 5072 726 5127 Graeca
761 5071 927 5126 Biblia
954 5087 966 5123 :
996 5070 1201 5124 ἀλλ’·ὲν
1232 5071 1331 5124 Πν,
1372 5087 1498 5141 μου.
1544 5070 1707 5140 Didy-

149 5158 285 5199 mus.
324 5142 497 5212 ἀλλ’ἢ
537 5144 596 5193 ὲν
635 5143 732 5195 (Iv.
765 5158 885 5210 μου.

366 5209 605 5266 δάκεσι.
654 5209 932 5281 Didymus,
971 5209 1193 5276 ὲξοῖσαι.
1256 5210 1443 5266 ϐτεοοο
1503 5210 1711 5265 editio:

210 5296 348 5333 βισαλ

182 5419 195 5430 .
223 5350 330 5415 (74)
361 5349 579 5430 Prqdis.
606 5349 787 5404 Codex
817 5350 981 5420 ὁρμᾷ.
1032 5348 1174 5419 Lego
1199 5350 1395 5421 ὁρμᾷς,
1428 5359 1490 5404 ut
1520 5350 1717 5405 clarior

155 5430 222 5473 ιιι
250 5430 531 5473 sententia.

224 5488 330 5555 (75)
360 5488 424 5540 Et
454 5489 791 5542 (relabuntur.
819 5488 983 5542 Zach.
1016 5502 1089 5554 tv,
1126 5488 1211 5542 10.

224 5557 329 5627 (76)
360 5556 841 5611 Dmominationes.
886 5556 1086 5624 Nempe
1122 5566 1328 5625 septem
1356 5556 1494 5611 dona
1530 5557 1713 5627 Spiri-

158 5643 239 5680 tus
264 5630 453 5698 sancti.
490 5627 734 5680 Notanda
782 5636 963 5681 autem
1002 5627 1321 5698 significatio
1362 5630 1528 5693 vocis,
1567 5644 1711 5698 χρη-

156 5696 426 5818 genetrici,
456 5712 579 5767 qua:
613 5698 947 5754 commodius
995 5698 1080 5751 hic
1101 5696 1258 5768 -verti
1290 5712 1393 5753 nou
1422 5712 1584 5767 posse
1611 5696 1714 5752 ivi-

193 5778 325 5818 etur.

193 5778 325 5819 etur.

1813 3294 1886 3333 ais
1933 3280 1983 3332 in
2019 3278 2223 3334 fusorio
2254 3293 2400 3345 vase,
2436 3279 2665 3333 artiﬁcio
2702 3278 2931 3347 qundam
2964 3275 3206 3329 adhibito
3234 3316 3248 3340 ,
3301 3275 3374 3329 ita

1814 3370 2052 3439 purgari,
2091 3379 2149 3426 ut
2172 3386 2361 3441 purum
2393 3372 2461 3425 ab
2492 3370 2700 3439 impuro
2725 3378 3038 3422 secernatur
3071 3367 3202 3437 (78).
3235 3366 3373 3434 Quin

1883 3543 1997 3614 (77)
2028 3543 2306 3615 Stannum.
2356 3544 2556 3608 Codex,
2592 3543 2938 3615 κασσίτηρος.
2993 3540 3136 3609 Lego
3188 3542 3371 3594 κασσι-

1812 3631 1988 3685 τερος.
2020 3614 2277 3685 Stannum
2308 3624 2484 3667 autem
2520 3615 2589 3667 ita
2630 3625 2820 3667 natura
2866 3622 3233 3685 comparatum
3265 3621 3370 3673 est,

1813 3682 2018 3737 ut'cum
2048 3684 2284 3752 plumbo,
2316 3694 2408 3735 aut
2441 3698 2631 3751 cupro,
2668 3696 2758 3735 aut
2798 3686 3066 3735 mercurio
3098 3682 3252 3734 facile
3274 3698 3369 3752 co-

1810 3754 2023 3821 puletur
2045 3750 2061 3817 ξ
2086 3768 2188 3806 non
2204 3767 2332 3807 vero
2362 3768 2483 3806 cum
2515 3750 2667 3815 auro,
2688 3762 2780 3805 aut
2809 3762 3055 3820 argento,
3112 3762 3203 3804 aut
3264 3750 3373 3805 fer-

1812 3840 1891 3875 το.

1878 3892 1985 4014 (78)
2017 3890 2081 3945 Ut
2104 3900 2422 3946 secernatur.
2453 3890 2507 3945 ld
2543 3890 2731 3945 falsum
2756 3904 2873 3943 esse
2913 3891 3062 3945 aiunt
3109 3890 3367 3945 chemici:

1905 3965 2012 4014 lum
2061 3962 2201 4014 enim
2236 3976 2300 4014 ex
2354 3962 2586 4014 metallis
2622 3968 2812 4014 stanno
2837 3968 3132 4014 expurgant
3163 3962 3212 4012 in
3241 3974 3367 4013 vase

1807 3962 2012 4015 nullum
2061 3962 2201 4016 enim
2236 3976 2300 4015 ex
2354 3962 2586 4016 metallis
2622 3968 2812 4014 stanno
2837 3968 3132 4028 expurgant
3163 3962 3212 4012 in
3241 3974 3370 4023 vase

1805 4029 2193 4102 δοκιμαστικῷ,
2229 4032 2320 4085 sed
2372 4040 2672 4099 argentum,
2697 4040 2753 4084 et
2796 4046 2981 4102 aurum
3020 4030 3278 4102 plumbo:
3303 4044 3369 4083 ex

1807 4100 1973 4170 capro
2002 4110 2203 4166 autem,
2257 4116 2320 4153 ac
2373 4111 2567 4153 stanno
2619 4102 2677 4152 tit
2718 4114 2791 4170 {es
2845 4100 2971 4152 illud
3026 4100 3369 4170 statuarium,

1807 4168 1945 4237 quod
1996 4169 2161 4239 vulgo
2222 4170 2417 4224 dicitur
2464 4170 2675 4222 bronzo.
2733 4168 2977 4239 Nunquid
3038 4184 3165 4237 ergo
3199 4168 3368 4235 plum-

1810 4240 1933 4293 bum
1980 4238 2183 4303 album,
2215 4239 2352 4308 quod
2378 4247 2459 4292 est
2482 4250 2759 4303 statutum,
2784 4254 2878 4308 pro
2906 4238 3122 4305 plnmbn
3158 4241 3312 4305 nigro
3340 4254 3369 4290 a

1808 4308 2033 4378 Didymo
2058 4306 2329 4377 sumptum
2359 4308 2786 4378 suspicabimur?
2822 4306 3173 4378 Hieronymus
3204 4322 3367 4376 porro

1810 4379 1863 4431 in
1892 4376 2292 4431 commentariis
2348 4378 2401 4431 in
2441 4376 2756 4430 Zachariam
2789 4378 2931 4446 (qua:
2977 4377 3047 4429 ita
3091 4393 3118 4427 a
3152 4392 3212 4430 se
3239 4390 3372 4429 con-

1814 4447 2014 4517 scripta
2046 4449 2263 4517 fatetur,
2302 4457 2359 4517 ut
2392 4450 2539 4516 prius
2574 4448 2777 4517 Didymi
2832 4446 3372 4517 quinquerExplanao

1818 4516 2022 4569 tionum
2078 4516 2242 4571 libros
2299 4516 2353 4567 in
2395 4515 3022 4583 ’eutndem’propltetam
3074 4515 3280 4577 legerit,
3313 4521 3368 4566 et

1822 4586 2214 4639 «Hebraeorum
2281 4585 2517 4638 historia:
2580 4586 2928 4654 tropologiam
2990 4593 3364 4644 nostrorum,»

1816 4670 2041 4722 quorum
2070 4671 2205 4708 unus
2227 4664 2342 4709 erat
2374 4656 2647 4723 Didymus.
2684 4673 2700 4704 ι
2729 4654 3020 4718 intscnerit)
3048 4654 3203 4723 illaec
3224 4654 3369 4723 scri-

1816 4720 1921 4793 psit
1950 4724 2084 4777 libro
2115 4741 2152 4787 t,
2194 4740 2314 4792 pag.
2362 4720 2487 4788 8H,
2518 4725 2601 4777 ed.
2644 4724 2835 4793 Veron.
2882 4732 3007 4793 tom.
3044 4720 3137 4793 \_’rl:
3178 4720 3369 4773 tSicut

1816 4790 1957 4848 enim
1988 4790 2234 4847 stannum
2262 4790 2329 4845 ab
2364 4794 2484 4861 igne
2511 4794 2610 4845 alia
2648 4792 2855 4844 metalla
2888 4790 3139 4852 defendit,
3171 4801 3223 4861 et
3246 4805 3365 4841 cum

1818 4865 1889 4917 sit
1941 4872 2130 4917 natura
2176 4878 2249 4916 tes
2296 4860 2605 4931 ferrumque
2663 4862 3113 4931 durissimum,si
3166 4860 3369 4925 absque

1820 4941 2013 4986 stanno
2075 4932 2254 4996 fuerit,
2314 4933 2485 4984 uritur
2541 4940 2595 4984 et
2646 4942 2961 4991 crematur;
3013 4930 3114 4990 sic,
3160 4939 3366 4982 etc.....

1817 5001 1976 5071 Lapis
2039 5012 2216 5055 autem
2277 5002 2396 5071 iste,
2472 5001 2522 5053 id
2566 5009 2656 5071 est
2692 5015 2891 5063 massa,
2933 4999 3023 5066 qui
3078 4999 3217 5071 apud
3266 4997 3369 5071 lle-

1821 5066 1993 5125 meo.
2022 5071 2177 5124 Abdil
2224 5069 2499 5131 scribitur,
2562 5070 2612 5123 id
2659 5078 2761 5131 est,
2810 5066 3370 5135 statmeus,érupo).o—

1818 5143 1991 5208 γεῖται
2040 5138 2443 5211 ἀποχωριζων.Δ
2485 5141 2534 5191 id
2604 5148 2710 5203 est,
2768 5152 3027 5207 separatis
3061 5176 3076 5201 ,
3124 5207 3135 5211 _
3174 5149 3227 5211 et
3282 5152 3369 5191 se-

1818 5207 2064 5275 cernens,
2102 5207 2180 5263 ut"
2216 5207 2482 5276 Quomodo
2518 5218 2766 5262 stantium
2798 5212 2957 5261 mista
2993 5218 3044 5261 et
3073 5207 3371 5260 adulterata

1819 5281 1959 5335 inter
1984 5295 2041 5333 se
2071 5296 2163 5347 per
2202 5280 2374 5346 ignem
2423 5278 2634 5330 metalla
2678 5278 2965 5340 dissociat;
2998 5278 3070 5330 ita
3101 5279 3363 5331 Dominus

1819 5362 1977 5403 verus
2006 5352 2316 5418 probatoret
2344 5348 2864 5418 xwvsutﬁqabauro,
2890 5358 2943 5400 et
2970 5358 3188 5417 argento
3205 5348 3371 5400 bono-

1820 5434 1938 5472 rum
1972 5417 2191 5485 operum
2221 5435 2294 5473 aes
2329 5418 2599 5479 vitiorum,
2654 5417 3037 5485 plumbumque
3097 5423 3365 5479 secernat,

1822 5500 1878 5540 ut
1905 5502 2095 5555 purum
2148 5504 2335 5541 aurum
2368 5496 2663 5551 remaneat,
2691 5498 2745 5540 et
2767 5499 3117 5555 argentum...
3153 5485 3366 5551 Septem

1818 5569 1999 5610 autem
2046 5559 2349 5613 oculos.....
2397 5573 2559 5625 supra
2612 5560 2960 5625 exposuimus
3009 5566 3213 5624 Septem
3246 5568 3367 5606 esse

1819 5628 2076 5695 spiritus:
2133 5643 2345 5696 nempe,
2402 5640 2603 5697 septem
2667 5628 2872 5697 gratias
2914 5626 3200 5697 .Spiritus‘
3240 5637 3367 5677 san-

1818 5713 1910 5752 Clh
1945 5715 1964 5748 ι
