3676 6308
407 282 513 340 707

1643 284 1867 341 DlDYMl
1910 287 2377 344 ALEXANDRINI
3516 286 3597 346 7'03

406 404 654 471 equidem
702 403 955 463 arbluor,
989 401 1298 473 iis'quoque
1326 403 1523 466 verbis,
1576 419 1695 474 quae
1738 421 1766 457 a
1822 405 1960 460 Salo-

2114 409 2137 459 ί
2179 410 2239 461 οὐ
2275 410 2368 461 καὶ
2394 408 2521 462 ἄλλο
2550 407 2860 479 συνῳδόντι
2904 407 2997 459 καὶ
3024 403 3277 476 λαμπρὸν
3307 402 3600 473 ἐνδείξομαι,

408 510 569 550 mone
600 509 795 547 arcano
830 496 1031 564 pariter
1086 511 1245 549 sensu
1291 495 1434 548 dicta
1476 506 1619 560 sunt,
1676 514 1693 546 ι
1757 496 1975 565 Sapien-

410 586 483 639 tia
529 585 639 653 (79)
671 586 953 640 aedificavit
1008 586 1110 640 sibi
1145 586 1383 651 domum,
1422 595 1476 639 et
1507 586 1737 641 sull'ulsit
1780 588 1973 641 colum-

409 690 509 728 nas
549 684 772 742 septem,
813 694 830 725 ι
872 675 998 728 illud
1044 675 1291 736 indicari,
1329 677 1467 744 quod
1505 676 1706 745 Virgini
1755 678 1970 731 nuntia-

412 778 522 819 tum
553 774 634 819 est
666 780 694 819 a
728 766 973 821 Gabriele
1007 787 1019 821 :
1066 784 1085 816 ι
1124 767 1355 835 Spiritus
1381 768 1490 837 (80)
1542 777 1758 821 sanctus
1790 769 1970 823 veniet

409 872 574 925 super
604 867 697 910 te:
733 876 751 908 ι
798 857 937 924 quod
993 857 1227 912 ostendit
1273 858 1459 919 etiam,
1513 858 1684 913 eidem
1747 858 1967 927 Spiritui

409 947 626 1017 angelos
678 947 987 1001 ministrare
1051 955 1210 1014 atque
1261 947 1554 1011 inservire;
1602 963 1665 1002 ac
1716 956 1969 1016 praeterea

409 1043 766 1103 demonstrat,
832 1040 1067 1093 divinum
1127 1037 1385 1108 Spiritum
1443 1039 1694 1094 ineffabili
1755 1040 1973 1109 conjun-

409 1132 603 1197 ctione,
644 1140 697 1183 et
729 1130 1009 1184 concordia
1044 1145 1164 1184 cum
1227 1129 1386 1184 Patre
1436 1138 1489 1184 et
1526 1130 1662 1185 Filio
1691 1131 1969 1185 universa—

409 1239 525 1275 rum
555 1239 733 1276 rerum
771 1222 997 1276 fulcrum
1035 1236 1173 1287 esse,
1230 1236 1292 1275 ac
1328 1220 1727 1276 subsistentiam
1760 1222 1840 1277 eis
1882 1222 1971 1275 tri-

408 1309 592 1371 bucre,
623 1319 675 1364 et
707 1310 841 1363 vitas
879 1310 944 1362 ad
981 1308 1151 1363 lucent
1177 1308 1518 1364 inelTabiliter
1548 1310 1857 1366 deducendo
1905 1311 1970 1365 il-

408 1402 657 1457 lustrare.
703 1402 847 1456 Illius
874 1417 1002 1470 ergo
1045 1403 1234 1471 dignos
1257 1402 1371 1455 fieri
1401 1417 1512 1465 eos,
1540 1403 1627 1471 qui
1661 1402 1970 1456 illuminan-

408 1504 516 1558 tur,
543 1508 633 1547 seu
663 1492 1027 1562 baptizantur,
1066 1496 1264 1547 docens
1302 1494 1726 1561 nosApostolns,
1760 1497 1825 1548 ad
1870 1494 1969 1549 Ca-

408 1585 543 1638 latas
585 1584 707 1637 talia
742 1584 960 1652 scripsit
991 1601 1006 1637 :
1055 1602 1073 1635 ‹
1107 1584 1216 1639 lloc
1249 1585 1417 1639 solum
1459 1584 1568 1656 (8l)
1601 1586 1719 1639 volo
1762 1586 1969 1640 discere

405 1692 433 1730 a
466 1677 617 1730 vobis
646 1695 658 1730 :
700 1692 767 1730 ex
797 1677 1050 1742 operibus
1082 1676 1214 1746 legis
1251 1676 1508 1745 Spiritum
1546 1678 1853 1746 accepistis,
1897 1693 1965 1731 an

2074 496 2179 549 ὑπὸ
2209 496 2447 567 ἐξηγητῇ
2488 497 2729 565 Ζαχαρία
2760 495 2835 565 τῷ
2882 496 3095 565 ὑστάτῳ
3132 493 3412 565 προφήτῃ,
3445 491 3503 543 ἶν’
3542 494 3602 547 ἔτι

2070 588 2163 640 καὶ
2202 588 2399 658 μᾶλλον
2441 586 2839 657 θαυμάζωμεν;
2872 586 3064 647 Αὑτοῖς
3106 584 3162 637 δὲ
3204 583 3498 651 ἀναμνήσω
3520 587 3601 646 τοῖς

2070 681 2311 750 ῥήμασιν
2358 680 2543 745 αὑτοῦ,
2587 680 2797 749 ἔχουσιν
2843 673 2975 732 ῶδε·
3021 697 3039 728 t
3098 677 3184 729 Ἐν
3230 678 3354 738 ταῖς
3402 674 3603 743 ἡμέραις

2069 772 2303 834 ἐκείναις
2351 770 2688 835 ἐξελεύσεται
2731 771 2873 841 ὕδωρ
2924 768 3030 833 ζῶν
3076 768 3135 833 ἐξ
3196 766 3599 837 Ἰερουσαλήμ.»

2070 862 2141 915 Τὸ
2165 863 2221 915 δὲ
2259 882 2276 912 ι
2303 862 2407 926 ζῶν
2456 862 2621 933 ὕδωρ,
2664 882 2682 913 ι
2707 864 2801 915 καὶ
2828 863 2893 913 ὲκ
2920 860 3017 930 τῆς
3049 862 3159 913 ἀνω
3202 856 3604 926 ἐκπορευόμενον

2080 951 2460 1021 Ἰερουσαλὴμ,
2484 951 2591 1022 ἄρα
2618 952 2711 1004 καὶ
2738 950 2944 1014 ζῶντας
2968 950 3149 1019 γεννᾷ.
3182 946 3455 1016 Εὖροιμεν
3480 944 3528 995 δὲ
3556 945 3603 995 ἂν

2069 1039 2203 1110 πρὸς
2230 1044 2340 1101 τοῖς
2372 1041 2499 1113 [125
2552 1040 2603 1112 b]
2640 1040 3054 1111 μνημονευθεῖσι
3084 1038 3176 1090 καὶ
3233 1037 3335 1107 τὴν
3364 1033 3605 1102 κολυμϐή·

2069 1133 2202 1205 θραν
2247 1135 2345 1207 τὴν
2383 1136 2440 1187 ἐν
2500 1133 2872 1203 Ἰερουσαλὴμ,
2988 1133 3155 1202 δνομα
3201 1128 3478 1200 Ἐϐραϊστὶ
3520 1126 3604 1193 Βη-

2068 1225 2247 1290 Θεσδὰ,
2276 1225 2721 1295 ὁμολογουμένως
2750 1224 2936 1277 εἰκόνα
2969 1221 3065 1275 τοῦ
3097 1220 3487 1292 βαπτίσματος,

2066 1319 2163 1371 οὐκ
2202 1320 2371 1389 αὐτὴν
2410 1318 2783 1388 τυγχάνουσαν
2812 1319 2910 1387 τὴν
2940 1317 3278 1386 ἀλήθεια-νή
3328 1314 3437 1384 γὰρ
3471 1312 3605 1364 εἰκὼν

2069 1409 2203 1479 πρὸς
2232 1410 2443 1479 καιρὸν,
2472 1412 2504 1480 ή
2548 1412 2604 1464 δὲ
2631 1410 2855 1481 ἀλήθεια
2892 1411 2972 1472 είς
3015 1407 3338 1475 αἱωνιότητα
3368 1404 3605 1475 κρίνεται.

2066 1499 2156 1551 Διὸ
2201 1500 2295 1551 καὶ
2323 1499 2470 1565 ἀπαξ
2498 1499 2590 1553 τοῦ
2623 1498 2868 1553 ἐνιαυτοῦ
2900 1498 3005 1550 ὑπὸ
3045 1497 3280 1565 ἀγγέλου
3327 1493 3540 1564 κινηθὲν
3560 1493 3607 1545 τὸ

2068 1591 2125 1641 ἐν
2170 1591 2307 1661 αὐτῇ
2343 1590 2506 1659 ὕδωρ,
2544 1591 2636 1643 καὶ¹
2675 1589 2770 1642 ἕνα
2803 1588 2961 1659 μόνον
2987 1587 3079 1640 τὸν
3114 1586 3325 1658 πρῶτον
3354 1584 3605 1645 κατιόντα,

2068 1680 2154 1733 καὶ
2206 1679 2514 1749 σωματικὸν
2547 1678 2738 1742 πάθος,
2786 1678 2905 1747 οὐχὶ
2938 1678 2993 1729 δὲ
3026 1676 3119 1728 καὶ
3164 1674 3394 1744 ψυχικὸν
3442 1672 3608 1742 ἑθερά-

405 1783 468 1821 ex
496 1769 675 1821 auditu
702 1767 856 1821 lidei?
891 1788 919 1839 »ν
940 1768 1064 1823 llzec
1088 1784 1154 1822 ne
1187 1767 1349 1822 David
1383 1768 1541 1837 272
1572 1769 1784 1835 quidem
1816 1768 1960 1823 silen-

2114 1789 2252 1823 ευεν.
2283 1772 2355 1823 Τὸ
2372 1770 2490 1841 .γάρ
2520 1770 2831 1823 αὐθεντικὸν
2878 1769 3176 1838 βάπτισμα,
3223 1764 3361 1835 μετά
3398 1764 3493 1833 τὴν
3534 1762 3607 1814 τοῦ

407 1860 483 1911 tio
522 1859 781 1927 praeterit.
813 1858 1154 1927 Conjungeus
1200 1860 1339 1911 enim
1380 1858 1662 1913 manifesto
1693 1869 1957 1923 naturam,

405 1960 460 2004 et
496 1951 835 2003 concordiam
872 1951 1011 2013 Filii,
1064 1952 1153 2019 qui
1187 1952 1277 2003 lux
1330 1966 1393 2004 ex
1447 1950 1564 2005 luce
1604 1952 1815 2020 genitus
1856 1961 1957 2016 est,

404 2050 453 2092 el
492 2040 723 2107 Spiritus
749 2040 941 2103 sancti,
985 2039 1072 2107 qui
1108 2040 1306 2093 veritas
1341 2038 1450 2106 (82)
1492 2054 1555 2092 ex
1592 2040 1812 2095 veritate
1840 2054 1963 2110 pro-

406 2133 589 2196 cessit,
622 2132 674 2184 in
709 2132 913 2200 psalmo
962 2132 1174 2199 quidem
1229 2147 1339 2185 xui
1399 2132 1519 2185 ait:
1562 2150 1579 2181 ι
1612 2131 1808 2186 Emitte
1853 2132 1960 2203 (85)

405 2222 581 2276 lucem
619 2231 782 2287 tuam,
816 2232 868 2276 et
892 2224 1167 2277 veritatem
1193 2232 1367 2286 tuam;
1396 2241 1415 2273 ι
1450 2222 1500 2275 in
1530 2236 1705 2275 chvn
1738 2232 1916 2276 autem
1944 2239 1959 2277 :

407 2330 427 2364 ι
493 2311 710 2366 Etuittet
751 2312 863 2384 (84)
897 2310 1127 2366 Verbum
1169 2328 1357 2377 suum,
1404 2322 1459 2367 et
1514 2311 1819 2380 liquefaciet
1860 2326 1958 2380 ea;

401 2399 550 2455 ﬂabit
579 2401 807 2472 Spiritus
831 2402 966 2470 ejus,
993 2412 1045 2457 et
1064 2402 1227 2456 ﬂuent
1251 2418 1419 2471 aquas.
1459 2420 1477 2453 ι
1519 2401 1613 2456 Cui
1644 2402 1806 2456 textui
1844 2417 1965 2457 con-

402 2504 713 2551 sentaneum
744 2504 827 2549 est
857 2494 981 2547 illud
1008 2492 1157 2546 Pauli
1192 2494 1389 2547 dictum
1421 2509 1435 2545 :
1460 2509 1479 2542 ‹
1505 2491 1612 2545 Nos
1643 2506 1828 2545 omnes
1853 2491 1961 2562 (85)

402 2600 508 2639 uno
578 2583 780 2652 Spiritu
838 2583 1003 2653 potati
1060 2598 1295 2637 sumus.»
1328 2581 1527 2648 Quidni
1589 2591 1766 2635 autem
1819 2582 1962 2635 aliud

400 2686 657 2746 praetcrea
688 2674 798 2745 (86)
844 2674 927 2728 his
969 2687 1280 2737 consonum,
1312 2682 1365 2725 et
1393 2670 1725 2740 splendidum
1784 2682 1964 2727 osten-

400 2776 530 2831 tem,
581 2768 715 2821 duce
757 2775 916 2834 atque
956 2772 1269 2819 enarratore
1302 2762 1561 2817 Zacharia
1587 2764 1962 2833 prophetarum

400 2856 606 2922 ultimo,
627 2866 685 2909 ut
703 2856 870 2925 magis
887 2855 1061 2908 adhuc
1078 2854 1335 2907 miremur
1350 2852 1372 2905 ?
1386 2853 1515 2920 Ipsis
1532 2864 1704 2907 autem
1723 2853 1839 2920 ejus
1853 2868 1966 2907 ver-

2068 1862 2194 1915 Υίοῦ
2243 1863 2336 1915 καὶ
2402 1860 2490 1915 τοῦ
2560 1862 2713 1929 ἁγίου
2768 1860 3079 1929 Πνεύματος
3133 1856 3473 1925 ἐπιφάνειαν,
3537 1856 3608 1905 καί

2063 1953 2185 2006 καθ’
2242 1954 2477 2022 ἑκάστην
2538 1954 2784 2025 ἡμέραν,
2834 1952 3033 2022 μᾶλλον
3090 1951 3146 2003 δὲ
3202 1948 3388 2019 ῶραν·
3438 1945 3608 2015 ἀληθέ-

2063 2061 2250 2114 στερον
2287 2044 2360 2108 δὲ,
2393 2044 2745 2107 ἀδιαλείπτως
2773 2044 2865 2097 καὶ
2897 2043 3100 2105 πάντας
3142 2042 3268 2102 τοὺς
3323 2037 3607 2099 κατιόντας,

2063 2132 2155 2183 καὶ
2206 2132 2311 2185 ἀπὸ
2356 2133 2535 2203 πάσης
2591 2132 2864 2204 ἁμαρτίας
2911 2132 3139 2194 αίωνίως
3186 2128 3495 2198 ἐλευθεροῖο
3536 2126 3609 2177 καὶ

2062 2220 2170 2273 τῶν
2203 2221 2413 2273 πολλῶν
2443 2221 2536 2273 καὶ
2557 2221 2844 2291 διαφόρων,
2865 2220 2957 2272 καὶ
2981 2216 3298 2287 ἀνωμάλων,
3325 2214 3420 2266 καὶ
3444 2212 3611 2265 δυσλὺ-

2061 2327 2168 2363 των
2214 2309 2506 2363 διαθέσεων
2538 2308 2781 2380 ψυχικῶν
2818 2326 2876 2361 τε
2922 2308 3013 2361 καὶ
3054 2305 3377 2377 σωματικῶν
3415 2306 3451 2374 ἡ
3492 2302 3611 2364 ἴασις

2063 2400 2373 2471 εὑρίσκεται
2406 2400 2522 2471 μία,
2554 2400 2647 2452 καὶ
2669 2399 2823 2465 οὐδὲν
2846 2397 3123 2451 καθοτιοῦν
3147 2397 3225 2449 ἔτι
3248 2393 3477 2448 παλαιὸν
3504 2393 3610 2444 ἒπε-

2062 2508 2151 2543 ται
2194 2490 2412 2560 ἄλγημα
2444 2488 2552 2542 τῶν
2581 2487 2750 2550 ἐντὸς,
2787 2488 2820 2558 ἦ
2860 2486 2967 2540 τῶν
2996 2486 3167 2549 ὲκτός.
3210 2484 3353 2555 Πρὸς
3391 2482 3485 2534 ἐπ)⁵
3509 2480 3611 2532 τού-

2062 2598 2194 2645 τοις,
2222 2580 2424 2643 πάντας
2465 2582 2530 2632 ὲκ
2568 2581 2786 2652 χάριτος
2818 2576 3081 2647 ἀδελφοὺς
3127 2574 3502 2657 πρωτοτόκους
3537 2570 3612 2624 καί

2063 2673 2396 2745 ἀρτιτόκους,
2422 2672 2515 2726 καὶ
2545 2673 2739 2736 αὐτοὺς
2769 2673 2890 2733 τοὺς
2918 2670 3169 2741 ἐξήλικας
3205 2666 3299 2720 καὶ
3360 2664 3613 2734 ἀφήλικας

2063 2762 2420 2816 ἀναδείκνυσι·
2478 2762 2571 2816 καὶ
2612 2761 2818 2825 τούτοις
2845 2761 3042 2823 αὐτοῖς,
3074 2755 3153 2822 οἷς
3181 2756 3319 2811 κατά
3345 2756 3511 2826 νόμον
3539 2770 3615 2805 κο-

2066 2853 2257 2924 σμικὸν
2277 2853 2346 2906 τὰ
2368 2857 2529 2923 γήῖνα
2544 2855 2645 2925 χρή
2655 2870 2817 2924 ματα,
2844 2852 2998 2905 διὰτὸ
3014 2848 3317 2918 ἀνασψαλὲς
3341 2846 3451 2900 τῶν
3476 2845 3614 2903 ἐτῶν,

402 2946 550 3000 bisid
572 2945 1021 3005 commemorabo,
1046 2959 1162 3012 qure
1193 2944 1271 2997 sic
1292 2957 1350 2997 se
1379 2944 1576 2997 habent
1604 2962 1655 2999 ει
1692 2943 1749 2997 1η
1780 2945 1960 2999 diebus

2132 2945 2237 2999 τῶν
2270 2945 2481 3014 ὀλίγων,
2516 2945 2549 3015 ἢ
2588 2944 2696 2997 τῶν
2728 2943 2955 3007 πολλῶν,
2998 2943 3057 2995 οὐ
3104 2937 3573 2996 καταπιστεύεται,
3594 2938 3618 2986 ό

400 3034 507 3089 illis
524 3034 631 3105 (87)
652 3034 953 3103 egredietur
969 3049 1105 3101 aqua
1130 3034 1242 3089 viva
1261 3047 1325 3086 ex
1342 3024 1657 3089 Jerusalem.
1673 3033 1960 3099 tQuazvero

2114 3044 2207 3105 εἷος
2246 3041 2393 3104 ἄπας
2426 3039 2580 3102 ὄλϐος
2609 3033 2865 3107 ἀσφαλῶς
2896 3032 3361 3106 παρακατατεθεὶς
3384 3030 3622 3102 εὑρίσκε-

408 3143 429 3178 ι
450 3141 586 3195 aqua
605 3126 721 3178 viva
768 3144 786 3177 ι
816 3132 915 3187 est,
940 3132 992 3178 et
1018 3140 1081 3178 ex
1105 3123 1307 3178 celesti
1331 3121 1623 3179 Jerusalem
1648 3126 1959 3194 procedens,

2114 3149 2184 3185 ιι·
2221 3132 2296 3194 ὼς
2323 3130 2625 3202 γεγηθότας
2646 3129 2866 3199 ψάλλειν
2889 3145 2903 3159 ·
2945 3146 2965 3184 t
3000 3125 3201 3197 Κύριος
3230 3121 3511 3193 ποιμαίνει
3542 3136 3617 3189 με,

399 3233 461 3273 ea
479 3232 609 3272 sane
630 3219 778 3272 vivos
789 3232 1001 3287 quoque
1013 3224 1233 3285 generat
1252 3214 1383 3286 (88).
1402 3214 1737 3270 Inveniemus
1758 3227 1954 3283 autem,

2114 3223 2158 3276 ιὶ
2202 3224 2351 3278 οὐδέν
2406 3241 2471 3294 με
2522 3223 2837 3294 ὑστερήσει*
2892 3221 2970 3282 είς
3002 3218 3164 3271 τόπον
3199 3215 3382 3287 χλόης,
3413 3215 3532 3266 ἐκεῖ
3562 3228 3619 3281 με

399 3319 595 3378 praeter
632 3308 720 3362 illa
768 3324 885 3378 qua:
908 3316 1324 3362 commemorata
1345 3315 1490 3367 sunt.
1512 3305 1766 3375 piscinam
1794 3308 1955 3361 etiam

2114 3316 2507 3385 ιτεσκήνωσεν·
2566 3314 2658 3366 ἐπὶ
2715 3313 2902 3377 ὓδατος
2946 3311 3303 3372 ἀναπαύσεως
3374 3305 3619 3376 ἐξέθρεψὲ

400 3399 750 3472 Jerosolymis
777 3400 905 3455 olim
936 3400 1307 3464 exsistentem,
1344 3398 1429 3453 cui
1460 3412 1652 3453 nomen
1694 3397 1959 3454 Hebraice

2114 3420 2170 3456 ε’
2198 3423 2219 3455 ι
2262 3404 2377 3467 καὶ,
2406 3423 2425 3455 ι
2467 3403 2797 3476 Ἠτοίμασας
2832 3402 3059 3457 ἐνώπιόν
3102 3420 3201 3473 μου
3234 3400 3535 3471 τράπεζαν.
3572 3397 3621 3460 ἐξ

398 3490 664 3548 Bethesda
691 3490 822 3564 (89),
857 3490 1072 3555 nemine
1094 3489 1352 3547 ditlitente
1381 3488 1671 3557 imaginem
1708 3488 1957 3561 baptismi

2114 3497 2310 3561 ναντίας
2337 3498 2457 3567 ,τῶν
2482 3498 2765 3552 θλιδόντων
2796 3515 2884 3569 με.
2926 3498 3211 3561 Ἐλίπανας
3245 3497 3302 3549 ὲν
3335 3494 3507 3567 ἐλαίῳ
3535 3494 3620 3563 τὴν

490 3745 578 3872 ’79)
612 3744 903 3828 Sapientia.
941 3740 1100 3795 Prov.
1134 3759 1212 3808 tx,
1240 3744 1292 3798 l.

491 3816 557 3868 80
612 3815 861 3872 Sumtus.
891 3813 1023 3866 an.
1054 3826 1096 3872 ι,
1131 3812 1219 3869 55.
1270 3814 1292 3869 (

491 3812 578 3886 80)
612 3812 861 3886 Spiritus.
891 3813 1023 3866 Luc.
1054 3826 1096 3874 ι,
1131 3812 1219 3869 55.
1270 3814 1455 3886 Grieca
1492 3812 1663 3886 Bi_hlia
1714 3812 1960 3868 habent:

394 3883 765 3947 ἐπελεύσεται,
808 3883 859 3936 id
888 3891 1019 3955 _e_st,_
1065 3885 1508 3955 «superveniet.»
1542 3884 1802 3955 Didymus
1825 3893 1959 3955 Atunt

399 3958 505 4018 hic,
540 3965 647 4009 lunt
680 3970 848 4022 segm.
883 3952 951 4022 59
1001 3951 1028 4002 b
1064 3966 1082 4004 .’
1112 3952 1410 4018 ἐλεύσεται,
1448 3954 1499 4007 id
1527 3951 1697 4015 estft
1721 3952 1950 4006 veniet.)

394 4025 464 4078 At
493 4026 544 4077 in
595 4021 830 4077 libroDe
875 4021 1080 4088 Spiritu
1113 4033 1311 4085 sancto,
1371 4039 1516 4077 num.
1546 4024 1634 4087 3|,
1692 4022 1957 4076 videbitur

399 4096 632 4147 dictasse
666 4091 1036 4155 ἐπελεύσεται,
1065 4093 1107 4144 si
1144 4092 1469 4160 exemplaria
1510 4094 1648 4163 typis
1694 4092 1955 4163 impressa

397 4172 601 4215 tantum
640 4163 1023 4230 inspiciamus:
1053 4172 1239 4213 contra
1273 4163 1505 4215 dictasse
1532 4160 1766 4227 videtur,
1797 4160 1950 4213 ὲλεύ-

396 4248 570 4296 σεται,
607 4233 649 4285 si
698 4233 934 4286 codicem
972 4230 1179 4283 calamo
1213 4242 1518 4295 exaratum,
1549 4238 1604 4284 et
1660 4233 1713 4284 in
1770 4231 1952 4284 biblio-

396 4302 549 4355 theca
590 4310 771 4354 nostra
804 4309 1133 4353 asservatum
1165 4299 1526 4355 consulamus.
1570 4300 1694 4354 Haec
1720 4302 1861 4354 enim
1896 4300 1951 4353 in

402 4373 467 4425 iis
498 4371 722 4438 legimus
751 4387 805 4423 :t
837 4367 1130 4439 [Equalent
1150 4383 1279 4422 vero
1311 4368 1534 4437 Spiritui
1569 4370 1819 4423 virtutem
1846 4384 1950 4423 non
1984 4419 2025 4439 λ
2058 4367 2178 4439 pag.

394 4419 1069 4521 saeta...’nomen...
1092 4419 1378 4521 διέξει..ιῇ
1394 4419 1950 4521 ῡδιέίεηίιίίιῖιῆέιέίίςέί
1984 4419 2027 4477 υ
2055 4419 2245 4521 hiqua:

394 4507 759 4577 interpretari.
800 4510 914 4573 Ipse
952 4507 1093 4558 enim
1130 4507 1406 4577 discipulis
1460 4509 1573 4562 ait:
1609 4527 1627 4557 ι
1657 4509 1949 4575 Accipietis

393 4576 807 4633 enimvirtutem
827 4576 1058 4647 Spiritus
1079 4577 1251 4647 sancti
1282 4578 1577 4631 venientem
1609 4592 1768 4647 super
1799 4592 1942 4631 vos»

396 4650 462 4703 Et
495 4648 560 4701 ad
624 4649 841 4702 Mariam
876 4646 1117 4713 angelus,
1160 4664 1179 4696 ι
1203 4646 1458 4714 Spiritus,
1494 4646 1688 4716 inquit,
1725 4656 1949 4701 sanctus

394 4720 736 4786 superveniet
763 4720 814 4771 in
867 4727 935 4774 te.
965 4726 1018 4769 et
1046 4717 1215 4770 virtus
1268 4716 1532 4771 Altissimi
1598 4717 1949 4771 obumbrabit

396 4790 510 4842 tibi.
536 4807 553 4839 ›
585 4787 829 4842 Creatrix
864 4787 1229 4856 igiturﬁvirtus
1275 4786 1555 4856 Altissimi,
1588 4787 1791 4854 Spiritu
1817 4800 1944 4839 san-

391 4869 480 4911 cto
507 4855 917 4924 superveniente
945 4857 995 4907 itt
1032 4855 1300 4922 Virginem
1330 4855 1792 4918 Mariam,Christi
1822 4871 1946 4909 cor-

393 4942 492 4995 pus
528 4928 874 4981 fabricavit...
930 4924 1039 4980 Nec
1085 4929 1279 4979 mirum
1325 4926 1370 4979 si
1424 4924 1689 4979 Dominici
1739 4935 1947 4995 tantum

394 4994 632 5063 corporis
666 4997 900 5065 Spiritus
932 5004 1150 5050 sanctus
1194 4995 1441 5049 conditor
1478 4995 1568 5056 sit,
1609 5010 1728 5049 cum
1775 4994 1947 5059 Patri,

394 5065 637 5131 Filioque
660 5068 915 5129 sociatus,
952 5066 1135 5129 eadem
1166 5071 1431 5133 potestate
1453 5065 1718 5117 creaverit
1740 5066 1943 5130 omnia,

393 5151 511 5202 qua:
538 5134 689 5187 Pater
713 5136 935 5198 creavit,
961 5145 1014 5189 et
1040 5133 1449 5188 Filius.»Codex
1475 5149 1603 5187 vero
1642 5145 1823 5188 noster
1853 5134 1948 5186 ha-

398 5205 483 5255 bet
512 5220 526 5255 :
561 5223 578 5253 ι
610 5204 863 5272 Equidem
903 5215 1032 5258 vero
1066 5204 1302 5272 Spiritus
1328 5203 1576 5257 virtutem
1620 5218 1725 5257 non
1761 5218 1949 5271 possu-

396 5288 514 5326 mus
545 5275 700 5325 aliatn
732 5282 924 5341 praeter
947 5273 1223 5327 Christum
1252 5273 1533 5327 Dominum
1567 5273 1945 5341 interpretari.

397 5342 725 5409 «Accipietis
773 5345 913 5396 enim
962 5344 1210 5397 virtutem
1267 5344 1499 5410 Spiritus
1528 5344 1698 5396 sancti
1733 5342 1948 5396 venien-

395 5420 499 5463 tem
529 5428 689 5478 super
712 5427 826 5475 vos,
852 5432 869 5463 ι
898 5413 961 5465 ad
991 5413 1262 5479 apostolos
1289 5413 1503 5466 dicitur.
1540 5412 1604 5466 Et
1632 5412 1698 5465 ad
1724 5411 1943 5464 Mariam

394 5481 765 5553 arcltangelus,
802 5499 820 5532 t
848 5482 1097 5553 Spiritus,
1130 5483 1325 5553 inquit,
1380 5492 1598 5553 sanctus
1638 5481 1821 5553 veniet
1852 5495 1947 5533 su-

396 5566 489 5618 per
521 5549 674 5617 te,’et
712 5549 1173 5605 virtus‘Altissimi
1207 5549 1577 5605 ’obumbrabit
1630 5560 1701 5604 te.
1726 5569 1743 5599 ι
1777 5549 1943 5604 Crea-

398 5622 501 5673 trix
528 5636 653 5688 ergo
674 5623 844 5676 virtus
868 5622 1196 5676 Altissimi...
1219 5620 1418 5673 Christi
1450 5635 1648 5689 corpus
1677 5618 1940 5675 fabricata

395 5701 589 5743 cst.....
634 5690 739 5747 Nec
785 5694 977 5747 mirum
1025 5693 1069 5748 si
1123 5690 1379 5745 Dominici
1437 5701 1643 5745 tantum
1700 5693 1941 5759 corporis

2070 3742 2303 3825 Spiritus
2346 3754 2568 3801 sanctus
2613 3747 2877 3825 conditor,
2918 3747 2991 3803 sit
3018 3763 3139 3825 cum
3195 3748 3355 3825 Patre
3385 3751 3620 3820 Filioque

2068 3819 2495 3888 sociatusacum
2527 3819 2712 3888 eadem
2740 3830 2883 3872 creet
2910 3822 3109 3880 omnia,
3127 3834 3248 3888 qua:
3272 3820 3440 3877 Pater
3468 3838 3611 3877 crea-

2066 3882 2249 3956 vit,Aet
2283 3883 2467 3956 lj‘ilius.
2493 3905 2511 3937 ι
2549 3884 2681 3939 Vide
2710 3896 2887 3941 tamen
2916 3902 3081 3956 segni.
3114 3882 3216 3942 172
3256 3907 3307 3944 a.

2136 3952 2247 4021 (81)
2282 3953 2394 4021 Hoc
2413 3956 2600 4009 solum.
2636 3957 2815 4010 Galat.
2846 3972 2927 4018 ιιι,
2966 3952 3019 4010 Ξ.

2134 4020 2247 4092 (82)
2292 4020 2513 4078 Veritas.
2553 4026 2771 4100 podex.
2821 4025 3064 4100 ἀληθεία,
3104 4029 3171 4100 _id
3216 4038 3320 4100 est.
3376 4030 3617 4100 ἀληθεία,

2061 4106 2251 4170 nempe
2280 4111 2311 4170 ε
2327 4110 2465 4170 vere.
2493 4094 2653 4170 »_Se_d
2686 4096 2893 4170 videtu_r
2912 4094 3209 4167 legendum
3267 4094 3519 4170 ἀλήθεια.

2154 4162 2241 4231 85)
2272 4161 2482 4218 Emitte.
2512 4164 2652 4218 Psal.
2689 4182 2817 4227 ml,
2850 4166 2904 4219 3.

2152 4233 2238 4307 βξ)
2268 4231 2503 4307 Eminet.
2532 4234 2901 4307 Psalachvtt,
2932 4237 2963 4289 7
2988 4236 3101 4307 (seu
3128 4236 3237 4307 18).

2149 4300 2236 4371 85)
2266 4300 2409 4371 Nos,
2444 4321 2639 4359 omnes.
2682 4306 2696 4358 Ι
2737 4307 2861 4360 Cor.
2921 4300 3018 4371 xu,
3070 4309 3155 4360 13.
3197 4300 3329 4361 Vide
3374 4318 3490 4363 not.
3541 4308 3619 4367 18,

2248 4371 2335 4425 74.
2375 4370 2569 4428 Vocem
2606 4376 2786 4445 ἡμεῖς,
2819 4377 2871 4430 id
2910 4389 3014 4443 est,
3045 4396 3066 4428 ‹
3093 4392 3210 4441 nos,
3234 4396 3252 4428 ι
3283 4393 3389 4431 non
3426 4381 3623 4433 habent

2123 4512 2230 4583 (8(5)
2277 4510 2539 4577 Quidni...
2575 4524 2848 4583 prwtcrea.
2902 4517 3080 4571 Codex
3114 4517 3250 4583 :Ti;
3288 4510 3350 4570 οὗ
3383 4520 3484 4571 καὶ
3536 4518 3623 4570 ἄλο

2048 4581 2161 4644 λος.
2195 4580 2505 4653 I_.egendum
2534 4580 2780 4639 videtur:
2819 4586 2886 4639 Τί
2918 4588 2978 4640 οὑ
3006 4589 3099 4640 καὶ
3126 4580 3323 4650 ἄλλως,
3358 4590 3469 4653 vel,
3493 4591 3544 4640 τί
3566 4590 3621 4639 οὐ

2052 4653 2145 4704 καὶ
2172 4650 2321 4715 ἄλλο,
2356 4661 2414 4703 ut
2444 4662 2497 4706 et
2526 4653 2649 4719 legi.

2123 4721 2237 4791 (87)
2266 4719 2333 4773 In
2358 4722 2535 4775 diebus
2582 4724 2710 4777 illis.
2741 4722 2906 4781 Zach.
2957 4742 3068 4790 xrv,
3100 4726 3152 4780 8.
3183 4725 3372 4780 Graeca
3409 4727 3579 4781 editio
3605 4742 3618 4780 :

2063 4791 2151 4844 Ἐν
2176 4793 2242 4860 τῇ
2266 4791 2447 4912 Ἇμέρᾳ
2479 4792 2681 4863 ἐκείνῃ,
2707 4793 2756 4847 id
2782 4806 2884 4875 est,
2918 4814 2936 4846 t
2968 4798 3140 4878 inalie
3176 4796 3284 4848 illa.
3315 4812 3332 4844 ι

2126 4859 2238 4912 (88)
2318 4872 2513 4912 enerat.
2554 4862 2754 4912 Nemne
2808 4880 2858 4912 ιη
2902 4868 3187 4912 hannsmo-
3226 4864 3332 4912 Hau

2126 4859 2238 4930 (88)
2271 4859 2513 4939 General.
2554 4859 2754 4939 Nei'npe
2808 4865 3187 4939 inubaptismo.
3226 4864 3377 4939 Hanc
3413 4864 3621 4939 Didymi

2054 4930 2557 5004 interpretationem
2594 4932 2794 4986 iudicat
2833 4930 3189 5004 Hieronymus
3243 4935 3308 4986 ad
3372 4930 3621 5004 eumdem

2054 4998 2329 5051 Zacharias
2356 4998 2577 5069 locum,
2618 5016 2737 5069 pag.
2775 5004 2903 5065 92L
2957 4998 3085 5058 tom.
3116 5002 3178 5055 Vl
3217 5004 3345 5057 edit.
3424 5003 3619 5059 Veron.

2058 5088 2075 5117 ε
2104 5070 2285 5135 Aquas
2319 5067 2800 5143 viventes_(iuq'uit)
2828 5074 2981 5127 multi
3011 5075 3076 5127 ad
3115 5074 3448 5140 baptismum
3486 5074 3623 5128 refe-

2056 5148 2203 5200 runt,
2246 5152 2433 5205 qum...
2466 5139 2517 5191 in
2565 5139 2792 5203 Pascha,
2828 5153 2884 5196 et
2930 5139 3245 5197 Pentecoste
3304 5145 3624 5197 sitientibus

2051 5205 2527 5286 largienndzesunt.
2551 5227 2569 5260 ι
2600 5208 2804 5286 Quibus
2845 5213 2897 5266 in
2958 5213 3134 5286 verbis
3166 5225 3227 5286 ea
3277 5211 3516 5267 fortasse
3544 5230 3626 5266 re-

2052 5277 2209 5343 spicit
2245 5275 2303 5329 S.
2340 5278 2543 5338 doctor,
2581 5294 2699 5346 quae
2724 5283 2789 5335 ad
2821 5296 2943 5336 eum
2987 5281 3161 5335 locum
3188 5281 3243 5335 in
3282 5294 3625 5337 commenta-

2052 5346 2465 5418 riis_dictave_ra't
2479 5348 2761 5418 Didymus.

2120 5413 2231 5483 (89)
2264 5413 2550 5492 Bel/resdu.
2589 5413 2757 5492 'ann.
2786 5436 2839 5485 v,
2869 5421 2924 5477 2.
2982 5423 3027 5475 Δ
3063 5420 3292 5492 vulgato
3345 5421 3627 5492 interpres

2049 5495 2275 5555 vocatur
2304 5484 2608 5542 Bethsaida.
2643 5488 2747 5543 Sed
2786 5484 2909 5555 νοτ,
2969 5511 2986 5542 ι
3015 5484 3303 5553 Βοιιιὲεόα,
3331 5510 3348 5541 ι
3390 5484 3627 5544 Hebrai-

2050 5568 2164 5630 cas,
2194 5554 2307 5630 sive
2346 5555 2595 5624 Syriacas
2627 5574 2784 5614 voces
2832 5554 2979 5623 mon
3015 5570 3121 5620 n93
3166 5563 3303 5630 (beth
3334 5562 3626 5623 hhesdaht,

2049 5624 2244 5690 quibus
2278 5624 2563 5679 denotatur
2612 5647 2629 5679 ‹
2654 5630 2847 5685 domus
2911 5624 3317 5692 tntsericordize,
3347 5648 3365 5681 ι
3421 5632 3625 5682 clarius

2051 5693 2321 5763 exprimit.
2358 5692 2718 5767 Hieronymus
2768 5700 2820 5755 in
2874 5702 3097 5770 Dialogo
3126 5704 3366 5755 adversus
3410 5698 3627 5766 Luci]:-
