  <div class='ocr_page' id='page_1' title='image "/cluster/home/n/w/nwhite01/storage/ocr_20150623/39/hvd.32044019207778/362.png"; bbox 0 0 3740 6304; ppageno 0'>
   <div class='ocr_carea' id='block_1_1' title="bbox 122 312 3317 390">
    <p class='ocr_par' dir='ltr' id='par_1_1' title="bbox 122 312 3317 390">
     <span class='ocr_line' id='line_1_1' title="bbox 122 312 3317 390; baseline 0.009 -31"><span class='ocrx_word' id='word_1_1' title='bbox 122 316 205 372; x_wconf 72' lang='lat'><strong>799</strong></span> <span class='ocrx_word' id='word_1_2' title='bbox 1111 312 1200 368; x_wconf 86' lang='lat' dir='ltr'><strong>DE</strong></span> <span class='ocrx_word' id='word_1_3' title='bbox 1237 312 1608 369; x_wconf 81' lang='lat' dir='ltr'><strong>TRINITATE</strong></span> <span class='ocrx_word' id='word_1_4' title='bbox 1646 313 1854 370; x_wconf 78' lang='lat' dir='ltr'><strong>LIBER</strong></span> <span class='ocrx_word' id='word_1_5' title='bbox 1896 315 2285 373; x_wconf 87' lang='lat' dir='ltr'><strong>SECUNDUS.</strong></span> <span class='ocrx_word' id='word_1_6' title='bbox 3216 331 3317 390; x_wconf 71' lang='lat'><strong>710</strong></span> 
     </span>
    </p>
   </div>
   <div class='ocr_carea' id='block_1_2' title="bbox 119 425 1630 509">
    <p class='ocr_par' dir='ltr' id='par_1_2' title="bbox 119 425 1627 499">
     <span class='ocr_line' id='line_1_2' title="bbox 119 425 1627 499; baseline -0.003 -14"><span class='ocrx_word' id='word_1_7' title='bbox 119 430 330 499; x_wconf 64' lang='grc' dir='ltr'><strong>κεφαλήν</strong></span> <span class='ocrx_word' id='word_1_8' title='bbox 356 446 476 498; x_wconf 79' lang='grc' dir='ltr'><strong>μου,</strong></span> <span class='ocrx_word' id='word_1_9' title='bbox 505 427 677 482; x_wconf 79' lang='grc' dir='ltr'>καὶτὸ</span> <span class='ocrx_word' id='word_1_10' title='bbox 708 425 961 499; x_wconf 81' lang='grc' dir='ltr'><strong>ποτήριόν</strong></span> <span class='ocrx_word' id='word_1_11' title='bbox 989 443 1081 481; x_wconf 81' lang='grc' dir='ltr'><strong>σου</strong></span> <span class='ocrx_word' id='word_1_12' title='bbox 1135 427 1400 497; x_wconf 82' lang='grc' dir='ltr'>μεθύσκον</span> <span class='ocrx_word' id='word_1_13' title='bbox 1428 446 1496 499; x_wconf 82' lang='grc' dir='ltr'><strong>με</strong></span> <span class='ocrx_word' id='word_1_14' title='bbox 1524 429 1627 481; x_wconf 66' lang='lat' dir='ltr'><strong>dies</strong></span> 
     </span>
    </p>
   </div>
   <div class='ocr_carea' id='block_1_3' title="bbox 1812 425 3316 509">
    <p class='ocr_par' dir='ltr' id='par_1_3' title="bbox 1812 427 3316 509">
     <span class='ocr_line' id='line_1_3' title="bbox 1812 427 3316 509; baseline 0.014 -31"><span class='ocrx_word' id='word_1_15' title='bbox 1812 427 1878 498; x_wconf 77' lang='lat' dir='ltr'><strong>i0)</strong></span> <span class='ocrx_word' id='word_1_16' title='bbox 1909 442 2047 492; x_wconf 88' lang='lat' dir='ltr'><strong>esse,</strong></span> <span class='ocrx_word' id='word_1_17' title='bbox 2077 445 2180 482; x_wconf 92' lang='lat' dir='ltr'><strong>non</strong></span> <span class='ocrx_word' id='word_1_18' title='bbox 2217 443 2341 483; x_wconf 90' lang='lat' dir='ltr'><strong>vero</strong></span> <span class='ocrx_word' id='word_1_19' title='bbox 2379 431 2548 500; x_wconf 85' lang='lat' dir='ltr'><strong>ipsam</strong></span> <span class='ocrx_word' id='word_1_20' title='bbox 2598 437 2879 493; x_wconf 88' lang='lat' dir='ltr'><strong>veritatem</strong></span> <span class='ocrx_word' id='word_1_21' title='bbox 2914 458 2928 494; x_wconf 91' lang='lat'><strong>:</strong></span> <span class='ocrx_word' id='word_1_22' title='bbox 2962 454 3084 494; x_wconf 91' lang='lat' dir='ltr'><strong>nam</strong></span> <span class='ocrx_word' id='word_1_23' title='bbox 3137 440 3316 509; x_wconf 70' lang='lat' dir='ltr'><strong>imago</strong></span> 
     </span>
    </p>
   </div>
   <div class='ocr_carea' id='block_1_4' title="bbox 118 518 1630 601">
    <p class='ocr_par' dir='ltr' id='par_1_4' title="bbox 118 518 697 595">
     <span class='ocr_line' id='line_1_4' title="bbox 118 518 697 595; baseline -0.01 -19"><span class='ocrx_word' id='word_1_24' title='bbox 118 520 223 595; x_wconf 71' lang='lat' dir='ltr'><strong>[l‘26</strong></span> <span class='ocrx_word' id='word_1_25' title='bbox 248 518 301 593; x_wconf 77' lang='grc' dir='ltr'><strong>α]</strong></span> <span class='ocrx_word' id='word_1_26' title='bbox 332 520 635 589; x_wconf 77' lang='grc' dir='ltr'><strong>κράτιστον.</strong></span> <span class='ocrx_word' id='word_1_27' title='bbox 677 537 697 570; x_wconf 74' lang='grc' dir='ltr'><strong>ι</strong></span> 
     </span>
    </p>
   </div>
   <div class='ocr_carea' id='block_1_5' title="bbox 1812 518 3317 601">
    <p class='ocr_par' dir='ltr' id='par_1_5' title="bbox 1812 521 3317 601">
     <span class='ocr_line' id='line_1_5' title="bbox 1812 521 3317 601; baseline 0.011 -30"><span class='ocrx_word' id='word_1_28' title='bbox 1812 528 2035 585; x_wconf 71' lang='lat' dir='ltr'><strong>ensetur,</strong></span> <span class='ocrx_word' id='word_1_29' title='bbox 2070 535 2188 589; x_wconf 69' lang='lat' dir='ltr'><strong>quae</strong></span> <span class='ocrx_word' id='word_1_30' title='bbox 2246 521 2312 574; x_wconf 90' lang='lat' dir='ltr'><strong>ad</strong></span> <span class='ocrx_word' id='word_1_31' title='bbox 2368 532 2595 592; x_wconf 91' lang='lat' dir='ltr'><strong>tempus,</strong></span> <span class='ocrx_word' id='word_1_32' title='bbox 2652 531 2851 585; x_wconf 85' lang='lat' dir='ltr'><strong>veritas</strong></span> <span class='ocrx_word' id='word_1_33' title='bbox 2885 546 3055 597; x_wconf 89' lang='lat' dir='ltr'><strong>vero,</strong></span> <span class='ocrx_word' id='word_1_34' title='bbox 3105 548 3222 601; x_wconf 82' lang='lat' dir='ltr'><strong>quae</strong></span> <span class='ocrx_word' id='word_1_35' title='bbox 3266 536 3317 588; x_wconf 94' lang='lat' dir='ltr'><strong>in</strong></span> 
     </span>
    </p>
   </div>
   <div class='ocr_carea' id='block_1_6' title="bbox 1754 617 3315 695">
    <p class='ocr_par' dir='ltr' id='par_1_6' title="bbox 1754 617 3315 695">
     <span class='ocr_line' id='line_1_6' title="bbox 1754 617 3315 695; baseline 0.012 -33"><span class='ocrx_word' id='word_1_36' title='bbox 1754 621 2070 679; x_wconf 89' lang='lat' dir='ltr'><strong>perpetuum</strong></span> <span class='ocrx_word' id='word_1_37' title='bbox 2127 625 2426 678; x_wconf 80' lang='lat' dir='ltr'><strong>permanet.</strong></span> <span class='ocrx_word' id='word_1_38' title='bbox 2476 617 2601 675; x_wconf 86' lang='lat' dir='ltr'><strong>Ideo</strong></span> <span class='ocrx_word' id='word_1_39' title='bbox 2649 623 2715 677; x_wconf 92' lang='lat' dir='ltr'><strong>ab</strong></span> <span class='ocrx_word' id='word_1_40' title='bbox 2768 626 2957 695; x_wconf 79' lang='lat' dir='ltr'><strong>angelo</strong></span> <span class='ocrx_word' id='word_1_41' title='bbox 3011 638 3315 695; x_wconf 88' lang='lat' dir='ltr'><strong>commota,</strong></span> 
     </span>
    </p>
   </div>
   <div class='ocr_carea' id='block_1_7' title="bbox 115 694 3321 786">
    <p class='ocr_par' dir='ltr' id='par_1_7' title="bbox 115 694 3321 786">
     <span class='ocr_line' id='line_1_7' title="bbox 115 694 3321 786; baseline 0.008 -39"><span class='ocrx_word' id='word_1_42' title='bbox 115 710 215 764; x_wconf 69' lang='lat' dir='ltr'><strong>quae</strong></span> <span class='ocrx_word' id='word_1_43' title='bbox 242 695 289 746; x_wconf 92' lang='lat' dir='ltr'><strong>in</strong></span> <span class='ocrx_word' id='word_1_44' title='bbox 324 695 433 761; x_wconf 86' lang='lat' dir='ltr'><strong>ipsa</strong></span> <span class='ocrx_word' id='word_1_45' title='bbox 461 703 599 759; x_wconf 87' lang='lat' dir='ltr'><strong>erat,</strong></span> <span class='ocrx_word' id='word_1_46' title='bbox 635 709 772 765; x_wconf 86' lang='lat' dir='ltr'><strong>aqua</strong></span> <span class='ocrx_word' id='word_1_47' title='bbox 812 702 866 749; x_wconf 89' lang='lat' dir='ltr'><strong>et</strong></span> <span class='ocrx_word' id='word_1_48' title='bbox 896 694 1062 750; x_wconf 87' lang='lat' dir='ltr'><strong>semel</strong></span> <span class='ocrx_word' id='word_1_49' title='bbox 1102 696 1155 750; x_wconf 91' lang='lat' dir='ltr'><strong>in</strong></span> <span class='ocrx_word' id='word_1_50' title='bbox 1187 710 1348 760; x_wconf 90' lang='lat' dir='ltr'><strong>anno,</strong></span> <span class='ocrx_word' id='word_1_51' title='bbox 1386 708 1439 750; x_wconf 94' lang='lat' dir='ltr'><strong>et</strong></span> <span class='ocrx_word' id='word_1_52' title='bbox 1485 713 1649 753; x_wconf 92' lang='lat' dir='ltr'><strong>unum</strong></span> <span class='ocrx_word' id='word_1_53' title='bbox 1688 702 1967 770; x_wconf 81' lang='lat' dir='ltr'><strong>duntaxat,</strong></span> <span class='ocrx_word' id='word_1_54' title='bbox 2025 706 2113 773; x_wconf 85' lang='lat' dir='ltr'><strong>qui</strong></span> <span class='ocrx_word' id='word_1_55' title='bbox 2178 708 2382 773; x_wconf 89' lang='lat' dir='ltr'><strong>primus</strong></span> <span class='ocrx_word' id='word_1_56' title='bbox 2409 710 2464 764; x_wconf 89' lang='lat' dir='ltr'><strong>in</strong></span> <span class='ocrx_word' id='word_1_57' title='bbox 2486 727 2603 765; x_wconf 90' lang='lat' dir='ltr'><strong>eam</strong></span> <span class='ocrx_word' id='word_1_58' title='bbox 2634 694 3019 781; x_wconf 76' lang='lat' dir='ltr'><strong>descendisset,</strong></span> <span class='ocrx_word' id='word_1_59' title='bbox 3045 727 3098 771; x_wconf 90' lang='lat' dir='ltr'><strong>et</strong></span> <span class='ocrx_word' id='word_1_60' title='bbox 3126 694 3321 786; x_wconf 87' lang='lat' dir='ltr'><strong>corpo-</strong></span> 
     </span>
    </p>
   </div>
   <div class='ocr_carea' id='block_1_8' title="bbox 118 784 3319 874">
    <p class='ocr_par' dir='ltr' id='par_1_8' title="bbox 118 784 3319 874">
     <span class='ocr_line' id='line_1_8' title="bbox 118 784 3319 874; baseline 0.004 -37"><span class='ocrx_word' id='word_1_61' title='bbox 118 788 180 838; x_wconf 91' lang='lat' dir='ltr'><strong>ris</strong></span> <span class='ocrx_word' id='word_1_62' title='bbox 212 785 465 850; x_wconf 84' lang='lat' dir='ltr'><strong>morbum,</strong></span> <span class='ocrx_word' id='word_1_63' title='bbox 502 800 605 838; x_wconf 91' lang='lat' dir='ltr'><strong>non</strong></span> <span class='ocrx_word' id='word_1_64' title='bbox 633 799 767 838; x_wconf 89' lang='lat' dir='ltr'><strong>vero</strong></span> <span class='ocrx_word' id='word_1_65' title='bbox 803 784 993 838; x_wconf 71' lang='lat' dir='ltr'><strong>animai</strong></span> <span class='ocrx_word' id='word_1_66' title='bbox 1017 786 1260 840; x_wconf 90' lang='lat' dir='ltr'><strong>sanabat.</strong></span> <span class='ocrx_word' id='word_1_67' title='bbox 1326 787 1685 843; x_wconf 84' lang='lat' dir='ltr'><strong>Autheuticns</strong></span> <span class='ocrx_word' id='word_1_68' title='bbox 1719 789 1832 859; x_wconf 94' lang='grc'>(91)</span> <span class='ocrx_word' id='word_1_69' title='bbox 1887 792 2029 845; x_wconf 90' lang='lat' dir='ltr'><strong>enim</strong></span> <span class='ocrx_word' id='word_1_70' title='bbox 2088 794 2383 861; x_wconf 91' lang='lat' dir='ltr'><strong>baptismus</strong></span> <span class='ocrx_word' id='word_1_71' title='bbox 2434 808 2552 867; x_wconf 88' lang='lat' dir='ltr'><strong>post</strong></span> <span class='ocrx_word' id='word_1_72' title='bbox 2610 800 2749 867; x_wconf 86' lang='lat' dir='ltr'><strong>Filii,</strong></span> <span class='ocrx_word' id='word_1_73' title='bbox 2800 812 2854 859; x_wconf 90' lang='lat' dir='ltr'><strong>et</strong></span> <span class='ocrx_word' id='word_1_74' title='bbox 2896 806 3129 874; x_wconf 80' lang='lat' dir='ltr'><strong>Spiritus</strong></span> <span class='ocrx_word' id='word_1_75' title='bbox 3198 784 3319 861; x_wconf 60' lang='grc' dir='ltr'><strong>εξηι-</strong></span> 
     </span>
    </p>
   </div>
   <div class='ocr_carea' id='block_1_9' title="bbox 112 876 3320 963">
    <p class='ocr_par' dir='ltr' id='par_1_9' title="bbox 112 876 3320 963">
     <span class='ocr_line' id='line_1_9' title="bbox 112 876 3320 963; baseline 0.007 -33"><span class='ocrx_word' id='word_1_76' title='bbox 112 880 168 932; x_wconf 82' lang='lat' dir='ltr'><strong>cti</strong></span> <span class='ocrx_word' id='word_1_77' title='bbox 237 876 661 945; x_wconf 84' lang='lat' dir='ltr'><strong>apparitionem,</strong></span> <span class='ocrx_word' id='word_1_78' title='bbox 742 876 856 930; x_wconf 83' lang='lat' dir='ltr'><strong>sive</strong></span> <span class='ocrx_word' id='word_1_79' title='bbox 928 878 1273 930; x_wconf 81' lang='lat' dir='ltr'><strong>manifestum</strong></span> <span class='ocrx_word' id='word_1_80' title='bbox 1360 880 1646 931; x_wconf 89' lang='lat' dir='ltr'><strong>adventum</strong></span> <span class='ocrx_word' id='word_1_81' title='bbox 1717 889 1772 934; x_wconf 93' lang='lat' dir='ltr'><strong>et</strong></span> <span class='ocrx_word' id='word_1_82' title='bbox 1851 882 2089 948; x_wconf 86' lang='lat' dir='ltr'><strong>quotidie</strong></span> <span class='ocrx_word' id='word_1_83' title='bbox 2177 894 2267 938; x_wconf 89' lang='lat' dir='ltr'><strong>aut</strong></span> <span class='ocrx_word' id='word_1_84' title='bbox 2315 887 2492 955; x_wconf 88' lang='lat' dir='ltr'><strong>potius</strong></span> <span class='ocrx_word' id='word_1_85' title='bbox 2543 890 2770 960; x_wconf 79' lang='lat' dir='ltr'><strong>singulis</strong></span> <span class='ocrx_word' id='word_1_86' title='bbox 2826 894 2992 961; x_wconf 91' lang='lat' dir='ltr'><strong>horis,</strong></span> <span class='ocrx_word' id='word_1_87' title='bbox 3066 906 3178 963; x_wconf 90' lang='lat' dir='ltr'><strong>aut,</strong></span> <span class='ocrx_word' id='word_1_88' title='bbox 3258 898 3320 954; x_wconf 82' lang='grc' dir='ltr'><strong>ιιι</strong></span> 
     </span>
    </p>
   </div>
   <div class='ocr_carea' id='block_1_10' title="bbox 115 966 3318 1061">
    <p class='ocr_par' dir='ltr' id='par_1_10' title="bbox 115 966 3318 1061">
     <span class='ocr_line' id='line_1_10' title="bbox 115 966 3318 1061; baseline 0.004 -40"><span class='ocrx_word' id='word_1_89' title='bbox 115 969 253 1039; x_wconf 77' lang='lat'><strong>273</strong></span> <span class='ocrx_word' id='word_1_90' title='bbox 289 966 463 1021; x_wconf 88' lang='lat' dir='ltr'><strong>verius</strong></span> <span class='ocrx_word' id='word_1_91' title='bbox 513 966 707 1026; x_wconf 84' lang='lat' dir='ltr'><strong>dicam.</strong></span> <span class='ocrx_word' id='word_1_92' title='bbox 770 967 1026 1021; x_wconf 86' lang='lat' dir='ltr'><strong>continue</strong></span> <span class='ocrx_word' id='word_1_93' title='bbox 1060 966 1171 1037; x_wconf 69' lang='lat'><strong>(9%)</strong></span> <span class='ocrx_word' id='word_1_94' title='bbox 1208 975 1262 1021; x_wconf 84' lang='lat' dir='ltr'><strong>et</strong></span> <span class='ocrx_word' id='word_1_95' title='bbox 1322 981 1511 1020; x_wconf 84' lang='lat' dir='ltr'><strong>omnes</strong></span> <span class='ocrx_word' id='word_1_96' title='bbox 1552 969 1602 1021; x_wconf 94' lang='lat' dir='ltr'><strong>in</strong></span> <span class='ocrx_word' id='word_1_97' title='bbox 1670 970 1927 1037; x_wconf 86' lang='lat' dir='ltr'><strong>piscinam</strong></span> <span class='ocrx_word' id='word_1_98' title='bbox 1972 974 2377 1043; x_wconf 86' lang='lat' dir='ltr'><strong>descendentes,</strong></span> <span class='ocrx_word' id='word_1_99' title='bbox 2417 989 2471 1033; x_wconf 91' lang='lat' dir='ltr'><strong>et</strong></span> <span class='ocrx_word' id='word_1_100' title='bbox 2501 966 2568 1035; x_wconf 87' lang='lat' dir='ltr'><strong>ab</strong></span> <span class='ocrx_word' id='word_1_101' title='bbox 2608 985 2749 1036; x_wconf 91' lang='lat' dir='ltr'><strong>omni</strong></span> <span class='ocrx_word' id='word_1_102' title='bbox 2788 998 3005 1053; x_wconf 77' lang='lat' dir='ltr'><strong>peccato</strong></span> <span class='ocrx_word' id='word_1_103' title='bbox 3070 990 3121 1044; x_wconf 92' lang='lat' dir='ltr'><strong>in</strong></span> <span class='ocrx_word' id='word_1_104' title='bbox 3191 1007 3318 1061; x_wconf 81' lang='lat' dir='ltr'><strong>per-</strong></span> 
     </span>
    </p>
   </div>
   <div class='ocr_carea' id='block_1_11' title="bbox 100 1060 3311 1143">
    <p class='ocr_par' dir='ltr' id='par_1_11' title="bbox 100 1060 3311 1143">
     <span class='ocr_line' id='line_1_11' title="bbox 100 1060 3311 1143; baseline 0.007 -31"><span class='ocrx_word' id='word_1_105' title='bbox 100 1074 300 1131; x_wconf 71' lang='lat' dir='ltr'><strong>pellium</strong></span> <span class='ocrx_word' id='word_1_106' title='bbox 336 1060 447 1127; x_wconf 79' lang='lat'><strong>(93)</strong></span> <span class='ocrx_word' id='word_1_107' title='bbox 482 1060 711 1124; x_wconf 90' lang='lat' dir='ltr'><strong>liberat;</strong></span> <span class='ocrx_word' id='word_1_108' title='bbox 761 1075 825 1114; x_wconf 89' lang='lat' dir='ltr'><strong>ac</strong></span> <span class='ocrx_word' id='word_1_109' title='bbox 867 1060 1175 1126; x_wconf 87' lang='lat' dir='ltr'><strong>multarum,</strong></span> <span class='ocrx_word' id='word_1_110' title='bbox 1211 1069 1264 1114; x_wconf 90' lang='lat' dir='ltr'><strong>et</strong></span> <span class='ocrx_word' id='word_1_111' title='bbox 1293 1062 1648 1126; x_wconf 89' lang='lat' dir='ltr'><strong>diversarum,</strong></span> <span class='ocrx_word' id='word_1_112' title='bbox 1689 1075 1742 1117; x_wconf 89' lang='lat' dir='ltr'><strong>et</strong></span> <span class='ocrx_word' id='word_1_113' title='bbox 1779 1066 2214 1143; x_wconf 59' lang='lat' dir='ltr'><strong>exoﬂsitantium,</strong></span> <span class='ocrx_word' id='word_1_114' title='bbox 2286 1080 2340 1124; x_wconf 92' lang='lat' dir='ltr'><strong>et</strong></span> <span class='ocrx_word' id='word_1_115' title='bbox 2403 1084 2591 1127; x_wconf 89' lang='lat' dir='ltr'><strong>curatn</strong></span> <span class='ocrx_word' id='word_1_116' title='bbox 2634 1076 2926 1132; x_wconf 87' lang='lat' dir='ltr'><strong>difficilium</strong></span> <span class='ocrx_word' id='word_1_117' title='bbox 2969 1060 3311 1140; x_wconf 73' lang='lat' dir='ltr'><strong>ali&#39;ectionnm</strong></span> 
     </span>
    </p>
   </div>
   <div class='ocr_carea' id='block_1_12' title="bbox 114 1149 3319 1233">
    <p class='ocr_par' dir='ltr' id='par_1_12' title="bbox 114 1149 3319 1233">
     <span class='ocr_line' id='line_1_12' title="bbox 114 1149 3319 1233; baseline 0.007 -27"><span class='ocrx_word' id='word_1_118' title='bbox 114 1169 213 1207; x_wconf 87' lang='lat' dir='ltr'><strong>cum</strong></span> <span class='ocrx_word' id='word_1_119' title='bbox 240 1150 576 1220; x_wconf 87' lang='lat' dir='ltr'><strong>spiritalium,</strong></span> <span class='ocrx_word' id='word_1_120' title='bbox 606 1158 715 1202; x_wconf 91' lang='lat' dir='ltr'><strong>tum</strong></span> <span class='ocrx_word' id='word_1_121' title='bbox 764 1149 1125 1218; x_wconf 85' lang='lat' dir='ltr'><strong>corporalium</strong></span> <span class='ocrx_word' id='word_1_122' title='bbox 1161 1151 1369 1204; x_wconf 85' lang='lat' dir='ltr'><strong>sanatio</strong></span> <span class='ocrx_word' id='word_1_123' title='bbox 1417 1167 1521 1205; x_wconf 91' lang='lat' dir='ltr'><strong>una</strong></span> <span class='ocrx_word' id='word_1_124' title='bbox 1568 1152 1864 1219; x_wconf 79' lang='lat' dir='ltr'><strong>invenitur;</strong></span> <span class='ocrx_word' id='word_1_125' title='bbox 1906 1171 1971 1209; x_wconf 93' lang='lat' dir='ltr'><strong>ac</strong></span> <span class='ocrx_word' id='word_1_126' title='bbox 2038 1158 2236 1212; x_wconf 90' lang='lat' dir='ltr'><strong>nullum</strong></span> <span class='ocrx_word' id='word_1_127' title='bbox 2279 1160 2433 1229; x_wconf 91' lang='lat' dir='ltr'><strong>plane</strong></span> <span class='ocrx_word' id='word_1_128' title='bbox 2478 1164 2588 1233; x_wconf 71' lang='grc'>(94)</span> <span class='ocrx_word' id='word_1_129' title='bbox 2614 1165 2723 1232; x_wconf 88' lang='lat' dir='ltr'><strong>jam</strong></span> <span class='ocrx_word' id='word_1_130' title='bbox 2769 1183 2834 1222; x_wconf 86' lang='lat' dir='ltr'><strong>ex</strong></span> <span class='ocrx_word' id='word_1_131' title='bbox 2900 1173 3120 1227; x_wconf 77' lang='lat' dir='ltr'><strong>vetustis</strong></span> <span class='ocrx_word' id='word_1_132' title='bbox 3205 1190 3319 1228; x_wconf 90' lang='lat' dir='ltr'><strong>ma-</strong></span> 
     </span>
    </p>
   </div>
   <div class='ocr_carea' id='block_1_13' title="bbox 114 1240 3319 1335">
    <p class='ocr_par' dir='ltr' id='par_1_13' title="bbox 114 1240 3319 1335">
     <span class='ocr_line' id='line_1_13' title="bbox 114 1240 3319 1335; baseline 0.004 -39"><span class='ocrx_word' id='word_1_133' title='bbox 114 1246 186 1309; x_wconf 85' lang='lat' dir='ltr'><strong>lis,</strong></span> <span class='ocrx_word' id='word_1_134' title='bbox 214 1243 546 1311; x_wconf 87' lang='lat' dir='ltr'><strong>peccatisque</strong></span> <span class='ocrx_word' id='word_1_135' title='bbox 586 1241 701 1295; x_wconf 83' lang='lat' dir='ltr'><strong>sive</strong></span> <span class='ocrx_word' id='word_1_136' title='bbox 754 1240 1118 1307; x_wconf 90' lang='lat' dir='ltr'><strong>interioribus,</strong></span> <span class='ocrx_word' id='word_1_137' title='bbox 1148 1243 1260 1296; x_wconf 86' lang='lat' dir='ltr'><strong>sive</strong></span> <span class='ocrx_word' id='word_1_138' title='bbox 1287 1242 1645 1297; x_wconf 83' lang='lat' dir='ltr'><strong>exterioribus</strong></span> <span class='ocrx_word' id='word_1_139' title='bbox 1684 1246 1983 1315; x_wconf 81' lang='lat' dir='ltr'><strong>baptizatos</strong></span> <span class='ocrx_word' id='word_1_140' title='bbox 2022 1249 2334 1304; x_wconf 90' lang='lat' dir='ltr'><strong>comitatur.</strong></span> <span class='ocrx_word' id='word_1_141' title='bbox 2383 1255 2455 1307; x_wconf 82' lang='lat' dir='ltr'><strong>Ac</strong></span> <span class='ocrx_word' id='word_1_142' title='bbox 2492 1271 2746 1322; x_wconf 87' lang='lat' dir='ltr'><strong>pr:eterea</strong></span> <span class='ocrx_word' id='word_1_143' title='bbox 2804 1274 2992 1317; x_wconf 88' lang='lat' dir='ltr'><strong>omnes</strong></span> <span class='ocrx_word' id='word_1_144' title='bbox 3042 1279 3137 1331; x_wconf 86' lang='lat' dir='ltr'><strong>per</strong></span> <span class='ocrx_word' id='word_1_145' title='bbox 3189 1282 3319 1335; x_wconf 57' lang='grc' dir='ltr'><strong>ρει-</strong></span> 
     </span>
    </p>
   </div>
   <div class='ocr_carea' id='block_1_14' title="bbox 114 1335 3317 1422">
    <p class='ocr_par' dir='ltr' id='par_1_14' title="bbox 114 1335 3317 1422">
     <span class='ocr_line' id='line_1_14' title="bbox 114 1335 3317 1422; baseline 0.005 -31"><span class='ocrx_word' id='word_1_146' title='bbox 114 1343 219 1397; x_wconf 73' lang='lat' dir='ltr'><strong>(iam</strong></span> <span class='ocrx_word' id='word_1_147' title='bbox 248 1337 431 1403; x_wconf 78' lang='lat' dir='ltr'><strong>fratres</strong></span> <span class='ocrx_word' id='word_1_148' title='bbox 454 1335 864 1404; x_wconf 78' lang='lat' dir='ltr'><strong>primogenitos,</strong></span> <span class='ocrx_word' id='word_1_149' title='bbox 888 1342 941 1388; x_wconf 88' lang='lat' dir='ltr'><strong>et</strong></span> <span class='ocrx_word' id='word_1_150' title='bbox 968 1335 1125 1388; x_wconf 91' lang='lat' dir='ltr'><strong>modo</strong></span> <span class='ocrx_word' id='word_1_151' title='bbox 1150 1337 1359 1403; x_wconf 79' lang='lat' dir='ltr'><strong>genitos</strong></span> <span class='ocrx_word' id='word_1_152' title='bbox 1388 1336 1498 1407; x_wconf 84' lang='lat'><strong>(95)</strong></span> <span class='ocrx_word' id='word_1_153' title='bbox 1527 1338 1701 1392; x_wconf 86' lang='lat' dir='ltr'><strong>reddit</strong></span> <span class='ocrx_word' id='word_1_154' title='bbox 1732 1340 1830 1391; x_wconf 89' lang='lat' dir='ltr'><strong>iste</strong></span> <span class='ocrx_word' id='word_1_155' title='bbox 1859 1339 2173 1409; x_wconf 87' lang='lat' dir='ltr'><strong>baptismus,</strong></span> <span class='ocrx_word' id='word_1_156' title='bbox 2208 1359 2273 1398; x_wconf 91' lang='lat' dir='ltr'><strong>ne</strong></span> <span class='ocrx_word' id='word_1_157' title='bbox 2304 1345 2367 1398; x_wconf 91' lang='lat' dir='ltr'><strong>iis</strong></span> <span class='ocrx_word' id='word_1_158' title='bbox 2429 1348 2641 1413; x_wconf 85' lang='lat' dir='ltr'><strong>quidem</strong></span> <span class='ocrx_word' id='word_1_159' title='bbox 2710 1353 2967 1420; x_wconf 79' lang='lat' dir='ltr'><strong>exceptis,</strong></span> <span class='ocrx_word' id='word_1_160' title='bbox 3036 1357 3122 1422; x_wconf 87' lang='lat' dir='ltr'><strong>qui</strong></span> <span class='ocrx_word' id='word_1_161' title='bbox 3188 1368 3317 1412; x_wconf 78' lang='lat' dir='ltr'><strong>naI-u</strong></span> 
     </span>
    </p>
   </div>
   <div class='ocr_carea' id='block_1_15' title="bbox 111 1427 3318 1518">
    <p class='ocr_par' dir='ltr' id='par_1_15' title="bbox 111 1427 3318 1518">
     <span class='ocr_line' id='line_1_15' title="bbox 111 1427 3318 1518; baseline 0.005 -34"><span class='ocrx_word' id='word_1_162' title='bbox 111 1434 317 1485; x_wconf 85' lang='lat' dir='ltr'><strong>minores</strong></span> <span class='ocrx_word' id='word_1_163' title='bbox 346 1427 457 1499; x_wconf 85' lang='lat'><strong>(96)</strong></span> <span class='ocrx_word' id='word_1_164' title='bbox 497 1427 630 1491; x_wconf 87' lang='lat' dir='ltr'><strong>sint,</strong></span> <span class='ocrx_word' id='word_1_165' title='bbox 696 1436 785 1478; x_wconf 91' lang='lat' dir='ltr'><strong>ant</strong></span> <span class='ocrx_word' id='word_1_166' title='bbox 815 1435 971 1480; x_wconf 73' lang='lat' dir='ltr'><strong>aetate</strong></span> <span class='ocrx_word' id='word_1_167' title='bbox 1013 1427 1277 1495; x_wconf 78' lang='lat' dir='ltr'><strong>provecti.</strong></span> <span class='ocrx_word' id='word_1_168' title='bbox 1334 1428 1410 1480; x_wconf 85' lang='lat' dir='ltr'><strong>Ac</strong></span> <span class='ocrx_word' id='word_1_169' title='bbox 1475 1429 1612 1495; x_wconf 89' lang='lat' dir='ltr'><strong>apud</strong></span> <span class='ocrx_word' id='word_1_170' title='bbox 1649 1442 1740 1482; x_wconf 90' lang='lat' dir='ltr'><strong>eos</strong></span> <span class='ocrx_word' id='word_1_171' title='bbox 1780 1431 1946 1500; x_wconf 88' lang='lat' dir='ltr'><strong>ipsos,</strong></span> <span class='ocrx_word' id='word_1_172' title='bbox 1996 1448 2222 1501; x_wconf 89' lang='lat' dir='ltr'><strong>quorum</strong></span> <span class='ocrx_word' id='word_1_173' title='bbox 2279 1435 2397 1489; x_wconf 87' lang='lat' dir='ltr'><strong>fidei</strong></span> <span class='ocrx_word' id='word_1_174' title='bbox 2448 1438 2597 1508; x_wconf 81' lang='lat' dir='ltr'><strong>juxta</strong></span> <span class='ocrx_word' id='word_1_175' title='bbox 2644 1445 2964 1499; x_wconf 86' lang='lat' dir='ltr'><strong>mundanam</strong></span> <span class='ocrx_word' id='word_1_176' title='bbox 3012 1445 3179 1515; x_wconf 81' lang='lat' dir='ltr'><strong>legem</strong></span> <span class='ocrx_word' id='word_1_177' title='bbox 3222 1448 3318 1518; x_wconf 78' lang='grc'><strong>(97</strong></span> 
     </span>
    </p>
   </div>
   <div class='ocr_carea' id='block_1_16' title="bbox 112 1520 3319 1597">
    <p class='ocr_par' dir='ltr' id='par_1_16' title="bbox 112 1520 3319 1597">
     <span class='ocr_line' id='line_1_16' title="bbox 112 1520 3319 1597; baseline 0.004 -16"><span class='ocrx_word' id='word_1_178' title='bbox 112 1536 307 1581; x_wconf 72' lang='lat' dir='ltr'><strong>terrente</strong></span> <span class='ocrx_word' id='word_1_179' title='bbox 342 1538 470 1595; x_wconf 81' lang='lat' dir='ltr'><strong>opes</strong></span> <span class='ocrx_word' id='word_1_180' title='bbox 498 1536 605 1577; x_wconf 88' lang='lat' dir='ltr'><strong>non</strong></span> <span class='ocrx_word' id='word_1_181' title='bbox 634 1521 744 1591; x_wconf 91' lang='lat'><strong>(98)</strong></span> <span class='ocrx_word' id='word_1_182' title='bbox 782 1522 1077 1575; x_wconf 89' lang='lat' dir='ltr'><strong>creduntur</strong></span> <span class='ocrx_word' id='word_1_183' title='bbox 1110 1520 1245 1591; x_wconf 89' lang='lat'><strong>(99),</strong></span> <span class='ocrx_word' id='word_1_184' title='bbox 1279 1521 1419 1591; x_wconf 91' lang='lat' dir='ltr'><strong>quod</strong></span> <span class='ocrx_word' id='word_1_185' title='bbox 1476 1529 1649 1575; x_wconf 88' lang='lat' dir='ltr'><strong>tntum</strong></span> <span class='ocrx_word' id='word_1_186' title='bbox 1690 1539 1793 1576; x_wconf 91' lang='lat' dir='ltr'><strong>non</strong></span> <span class='ocrx_word' id='word_1_187' title='bbox 1828 1525 1895 1578; x_wconf 88' lang='lat' dir='ltr'><strong>sit</strong></span> <span class='ocrx_word' id='word_1_188' title='bbox 1930 1525 1980 1580; x_wconf 87' lang='lat' dir='ltr'><strong>id</strong></span> <span class='ocrx_word' id='word_1_189' title='bbox 2042 1527 2218 1581; x_wconf 84' lang='lat' dir='ltr'><strong>facere</strong></span> <span class='ocrx_word' id='word_1_190' title='bbox 2282 1530 2350 1583; x_wconf 93' lang='lat' dir='ltr'><strong>ob</strong></span> <span class='ocrx_word' id='word_1_191' title='bbox 2399 1544 2661 1587; x_wconf 91' lang='lat' dir='ltr'><strong>annorum</strong></span> <span class='ocrx_word' id='word_1_192' title='bbox 2710 1552 2989 1590; x_wconf 87' lang='lat' dir='ltr'><strong>numerum</strong></span> <span class='ocrx_word' id='word_1_193' title='bbox 3030 1544 3122 1591; x_wconf 85' lang='lat' dir='ltr'><strong>aut</strong></span> <span class='ocrx_word' id='word_1_194' title='bbox 3163 1539 3319 1597; x_wconf 79' lang='lat' dir='ltr'><strong>nimis</strong></span> 
     </span>
    </p>
   </div>
   <div class='ocr_carea' id='block_1_17' title="bbox 108 1613 3316 1689">
    <p class='ocr_par' dir='ltr' id='par_1_17' title="bbox 108 1613 3316 1689">
     <span class='ocr_line' id='line_1_17' title="bbox 108 1613 3316 1689; baseline 0.003 -15"><span class='ocrx_word' id='word_1_195' title='bbox 108 1622 348 1688; x_wconf 79' lang='lat' dir='ltr'><strong>exiguum,</strong></span> <span class='ocrx_word' id='word_1_196' title='bbox 374 1624 467 1671; x_wconf 87' lang='lat' dir='ltr'><strong>aut</strong></span> <span class='ocrx_word' id='word_1_197' title='bbox 519 1616 681 1669; x_wconf 91' lang='lat' dir='ltr'><strong>nimis</strong></span> <span class='ocrx_word' id='word_1_198' title='bbox 723 1628 991 1681; x_wconf 76' lang='lat' dir='ltr'><strong>magnum,</strong></span> <span class='ocrx_word' id='word_1_199' title='bbox 1024 1621 1165 1666; x_wconf 90' lang='lat' dir='ltr'><strong>totus</strong></span> <span class='ocrx_word' id='word_1_200' title='bbox 1199 1623 1372 1666; x_wconf 88' lang='lat' dir='ltr'><strong>tamen</strong></span> <span class='ocrx_word' id='word_1_201' title='bbox 1426 1613 1634 1667; x_wconf 87' lang='lat' dir='ltr'><strong>divinus</strong></span> <span class='ocrx_word' id='word_1_202' title='bbox 1681 1630 1875 1670; x_wconf 90' lang='lat' dir='ltr'><strong>census</strong></span> <span class='ocrx_word' id='word_1_203' title='bbox 1903 1633 2022 1670; x_wconf 92' lang='lat' dir='ltr'><strong>cum</strong></span> <span class='ocrx_word' id='word_1_204' title='bbox 2056 1619 2343 1674; x_wconf 88' lang='lat' dir='ltr'><strong>securitate</strong></span> <span class='ocrx_word' id='word_1_205' title='bbox 2405 1622 2678 1689; x_wconf 88' lang='lat' dir='ltr'><strong>depositus</strong></span> <span class='ocrx_word' id='word_1_206' title='bbox 2741 1627 3014 1680; x_wconf 87' lang='lat' dir='ltr'><strong>invenitur</strong></span> <span class='ocrx_word' id='word_1_207' title='bbox 3046 1646 3058 1683; x_wconf 94' lang='lat'>:</span> <span class='ocrx_word' id='word_1_208' title='bbox 3099 1631 3231 1685; x_wconf 91' lang='lat' dir='ltr'><strong>adeo</strong></span> <span class='ocrx_word' id='word_1_209' title='bbox 3262 1642 3316 1684; x_wconf 90' lang='lat' dir='ltr'><strong>ut</strong></span> 
     </span>
    </p>
   </div>
   <div class='ocr_carea' id='block_1_18' title="bbox 109 1702 3317 1791">
    <p class='ocr_par' dir='ltr' id='par_1_18' title="bbox 109 1702 3317 1791">
     <span class='ocr_line' id='line_1_18' title="bbox 109 1702 3317 1791; baseline 0.004 -29"><span class='ocrx_word' id='word_1_210' title='bbox 109 1709 314 1764; x_wconf 73' lang='lat' dir='ltr'><strong>lzetanles</strong></span> <span class='ocrx_word' id='word_1_211' title='bbox 337 1714 577 1761; x_wconf 87' lang='lat' dir='ltr'><strong>canant:</strong></span> <span class='ocrx_word' id='word_1_212' title='bbox 621 1723 639 1755; x_wconf 79' lang='grc' dir='ltr'><strong>ι</strong></span> <span class='ocrx_word' id='word_1_213' title='bbox 679 1703 933 1758; x_wconf 89' lang='lat' dir='ltr'><strong>Dominus</strong></span> <span class='ocrx_word' id='word_1_214' title='bbox 961 1702 1228 1772; x_wconf 80' lang='lat' dir='ltr'><strong>(l)pascit</strong></span> <span class='ocrx_word' id='word_1_215' title='bbox 1264 1717 1370 1766; x_wconf 87' lang='lat' dir='ltr'><strong>me,</strong></span> <span class='ocrx_word' id='word_1_216' title='bbox 1404 1713 1457 1755; x_wconf 93' lang='lat' dir='ltr'><strong>et</strong></span> <span class='ocrx_word' id='word_1_217' title='bbox 1505 1704 1632 1756; x_wconf 87' lang='lat' dir='ltr'><strong>nihil</strong></span> <span class='ocrx_word' id='word_1_218' title='bbox 1663 1706 1790 1758; x_wconf 88' lang='lat' dir='ltr'><strong>mihi</strong></span> <span class='ocrx_word' id='word_1_219' title='bbox 1830 1706 2039 1761; x_wconf 89' lang='lat' dir='ltr'><strong>deerit:</strong></span> <span class='ocrx_word' id='word_1_220' title='bbox 2079 1709 2129 1761; x_wconf 94' lang='lat' dir='ltr'><strong>in</strong></span> <span class='ocrx_word' id='word_1_221' title='bbox 2182 1709 2298 1763; x_wconf 90' lang='lat' dir='ltr'><strong>loco</strong></span> <span class='ocrx_word' id='word_1_222' title='bbox 2364 1727 2576 1780; x_wconf 72' lang='lat' dir='ltr'><strong>pascuae</strong></span> <span class='ocrx_word' id='word_1_223' title='bbox 2634 1715 2791 1786; x_wconf 88' lang='lat' dir='ltr'><strong>(sive,</strong></span> <span class='ocrx_word' id='word_1_224' title='bbox 2842 1718 3067 1775; x_wconf 88' lang='lat' dir='ltr'><strong>virentis</strong></span> <span class='ocrx_word' id='word_1_225' title='bbox 3117 1721 3317 1791; x_wconf 74' lang='lat' dir='ltr'><strong>herbae)</strong></span> 
     </span>
    </p>
   </div>
   <div class='ocr_carea' id='block_1_19' title="bbox 111 1796 1678 1867">
    <p class='ocr_par' dir='ltr' id='par_1_19' title="bbox 111 1796 1678 1867">
     <span class='ocr_line' id='line_1_19' title="bbox 111 1796 1678 1867; baseline -0.004 -10"><span class='ocrx_word' id='word_1_226' title='bbox 111 1804 167 1857; x_wconf 89' lang='lat' dir='ltr'><strong>ibi</strong></span> <span class='ocrx_word' id='word_1_227' title='bbox 193 1816 267 1855; x_wconf 89' lang='lat' dir='ltr'><strong>me</strong></span> <span class='ocrx_word' id='word_1_228' title='bbox 289 1800 565 1856; x_wconf 81' lang='lat' dir='ltr'><strong>collocavit</strong></span> <span class='ocrx_word' id='word_1_229' title='bbox 591 1797 730 1862; x_wconf 90' lang='lat' dir='ltr'><strong>(seu,</strong></span> <span class='ocrx_word' id='word_1_230' title='bbox 782 1797 911 1851; x_wconf 88' lang='lat' dir='ltr'><strong>mihi</strong></span> <span class='ocrx_word' id='word_1_231' title='bbox 966 1796 1329 1851; x_wconf 85' lang='lat' dir='ltr'><strong>habitaculum</strong></span> <span class='ocrx_word' id='word_1_232' title='bbox 1377 1797 1678 1867; x_wconf 76' lang='lat' dir='ltr'><strong>ortebuit):</strong></span> 
     </span>
    </p>
   </div>
   <div class='ocr_carea' id='block_1_20' title="bbox 112 1956 1636 2025">
    <p class='ocr_par' dir='ltr' id='par_1_20' title="bbox 112 1956 1636 2025">
     <span class='ocr_line' id='line_1_20' title="bbox 112 1956 1636 2025; baseline -0.004 -9"><span class='ocrx_word' id='word_1_233' title='bbox 112 1965 277 2025; x_wconf 80' lang='lat' dir='ltr'><strong>riaaos,</strong></span> <span class='ocrx_word' id='word_1_234' title='bbox 304 1976 448 2014; x_wconf 92' lang='lat' dir='ltr'><strong>num.</strong></span> <span class='ocrx_word' id='word_1_235' title='bbox 470 1959 504 2013; x_wconf 89' lang='lat'><strong>6</strong></span> <span class='ocrx_word' id='word_1_236' title='bbox 535 1974 548 2010; x_wconf 89' lang='lat'>:</span> <span class='ocrx_word' id='word_1_237' title='bbox 583 1978 602 2009; x_wconf 76' lang='grc' dir='ltr'><strong>ι</strong></span> <span class='ocrx_word' id='word_1_238' title='bbox 630 1956 917 2019; x_wconf 85' lang='lat' dir='ltr'><strong>Bethesda.</strong></span> <span class='ocrx_word' id='word_1_239' title='bbox 941 1970 960 2007; x_wconf 68' lang='grc' dir='ltr'>δ</span> <span class='ocrx_word' id='word_1_240' title='bbox 992 1956 1186 2023; x_wconf 88' lang='lat' dir='ltr'><strong>inquit,</strong></span> <span class='ocrx_word' id='word_1_241' title='bbox 1206 1975 1225 2008; x_wconf 82' lang='grc' dir='ltr'><strong>ι</strong></span> <span class='ocrx_word' id='word_1_242' title='bbox 1248 1956 1393 2010; x_wconf 87' lang='lat' dir='ltr'><strong>lacus</strong></span> <span class='ocrx_word' id='word_1_243' title='bbox 1420 1956 1636 2011; x_wconf 65' lang='lat' dir='ltr'><strong>Iudaeae.</strong></span> 
     </span>
    </p>
   </div>
   <div class='ocr_carea' id='block_1_21' title="bbox 168 2025 1638 2099">
    <p class='ocr_par' dir='ltr' id='par_1_21' title="bbox 168 2025 1638 2099">
     <span class='ocr_line' id='line_1_21' title="bbox 168 2025 1638 2099; baseline -0.003 -14"><span class='ocrx_word' id='word_1_244' title='bbox 168 2033 263 2099; x_wconf 85' lang='lat'><strong>(90)</strong></span> <span class='ocrx_word' id='word_1_245' title='bbox 316 2030 607 2099; x_wconf 70' lang='lat' dir='ltr'><strong>Imaginem</strong></span> <span class='ocrx_word' id='word_1_246' title='bbox 664 2029 924 2099; x_wconf 53' lang='lat' dir='ltr'><strong>baptismi.</strong></span> <span class='ocrx_word' id='word_1_247' title='bbox 956 2025 1341 2099; x_wconf 29' lang='lat' dir='ltr'><strong>‘Tertullianus</strong></span> <span class='ocrx_word' id='word_1_248' title='bbox 1415 2027 1505 2080; x_wconf 91' lang='lat' dir='ltr'><strong>lib.</strong></span> <span class='ocrx_word' id='word_1_249' title='bbox 1556 2027 1638 2099; x_wconf 17' lang='lat' dir='ltr'><strong>ADe</strong></span> 
     </span>
    </p>
   </div>
   <div class='ocr_carea' id='block_1_22' title="bbox 114 2095 1638 2168">
    <p class='ocr_par' dir='ltr' id='par_1_22' title="bbox 114 2095 1638 2168">
     <span class='ocr_line' id='line_1_22' title="bbox 114 2095 1638 2168; baseline -0.003 -14"><span class='ocrx_word' id='word_1_250' title='bbox 114 2095 227 2167; x_wconf 63' lang='lat' dir='ltr'><strong>kept.</strong></span> <span class='ocrx_word' id='word_1_251' title='bbox 247 2095 366 2168; x_wconf 75' lang='lat' dir='ltr'><strong>cap.</strong></span> <span class='ocrx_word' id='word_1_252' title='bbox 396 2095 477 2153; x_wconf 35' lang='lat'><strong>5&#39;:</strong></span> <span class='ocrx_word' id='word_1_253' title='bbox 518 2117 537 2149; x_wconf 80' lang='grc' dir='ltr'><strong>ι</strong></span> <span class='ocrx_word' id='word_1_254' title='bbox 568 2098 835 2151; x_wconf 86' lang='lat' dir='ltr'><strong>Piscinam</strong></span> <span class='ocrx_word' id='word_1_255' title='bbox 858 2095 1142 2168; x_wconf 47' lang='lat' dir='ltr'><strong>Betthaida</strong></span> <span class='ocrx_word' id='word_1_256' title='bbox 1178 2097 1392 2168; x_wconf 81' lang='lat' dir='ltr'><strong>(inquit)</strong></span> <span class='ocrx_word' id='word_1_257' title='bbox 1417 2096 1638 2168; x_wconf 71' lang='lat' dir='ltr'><strong>angelus</strong></span> 
     </span>
    </p>
   </div>
   <div class='ocr_carea' id='block_1_23' title="bbox 116 2164 1638 2234">
    <p class='ocr_par' dir='ltr' id='par_1_23' title="bbox 116 2164 1638 2234">
     <span class='ocr_line' id='line_1_23' title="bbox 116 2164 1638 2234; baseline -0.003 -12"><span class='ocrx_word' id='word_1_258' title='bbox 116 2164 438 2225; x_wconf 78' lang='lat' dir='ltr'><strong>interveniens</strong></span> <span class='ocrx_word' id='word_1_259' title='bbox 466 2169 909 2222; x_wconf 85' lang='lat' dir='ltr'><strong>commovebat...</strong></span> <span class='ocrx_word' id='word_1_260' title='bbox 964 2164 1158 2234; x_wconf 80' lang='lat' dir='ltr'><strong>Figura</strong></span> <span class='ocrx_word' id='word_1_261' title='bbox 1202 2166 1301 2218; x_wconf 86' lang='lat' dir='ltr'><strong>ista</strong></span> <span class='ocrx_word' id='word_1_262' title='bbox 1362 2166 1638 2219; x_wconf 79' lang='lat' dir='ltr'><strong>niedicinre</strong></span> 
     </span>
    </p>
   </div>
   <div class='ocr_carea' id='block_1_24' title="bbox 113 2234 1629 2307">
    <p class='ocr_par' dir='ltr' id='par_1_24' title="bbox 113 2234 1629 2307">
     <span class='ocr_line' id='line_1_24' title="bbox 113 2234 1629 2307; baseline -0.003 -14"><span class='ocrx_word' id='word_1_263' title='bbox 113 2239 367 2305; x_wconf 84' lang='lat' dir='ltr'><strong>corporalis</strong></span> <span class='ocrx_word' id='word_1_264' title='bbox 417 2237 719 2307; x_wconf 85' lang='lat' dir='ltr'><strong>spiritalem</strong></span> <span class='ocrx_word' id='word_1_265' title='bbox 792 2234 1114 2289; x_wconf 88' lang='lat' dir='ltr'><strong>medicinam</strong></span> <span class='ocrx_word' id='word_1_266' title='bbox 1164 2236 1502 2307; x_wconf 60' lang='lat' dir='ltr'><strong>canebat...”</strong></span> <span class='ocrx_word' id='word_1_267' title='bbox 1539 2236 1629 2302; x_wconf 92' lang='lat' dir='ltr'><strong>qni</strong></span> 
     </span>
    </p>
   </div>
   <div class='ocr_carea' id='block_1_25' title="bbox 116 2305 1627 2373">
    <p class='ocr_par' dir='ltr' id='par_1_25' title="bbox 116 2305 1627 2373">
     <span class='ocr_line' id='line_1_25' title="bbox 116 2305 1627 2373; baseline -0.001 -15"><span class='ocrx_word' id='word_1_268' title='bbox 116 2326 248 2363; x_wconf 92' lang='lat' dir='ltr'><strong>unum</strong></span> <span class='ocrx_word' id='word_1_269' title='bbox 289 2305 626 2361; x_wconf 36' lang='lat' dir='ltr'><strong>semel—anno</strong></span> <span class='ocrx_word' id='word_1_270' title='bbox 664 2307 983 2371; x_wconf 83' lang='lat' dir='ltr'><strong>liberabam,</strong></span> <span class='ocrx_word' id='word_1_271' title='bbox 1019 2320 1158 2357; x_wconf 88' lang='lat' dir='ltr'><strong>nunc</strong></span> <span class='ocrx_word' id='word_1_272' title='bbox 1185 2305 1423 2372; x_wconf 89' lang='lat' dir='ltr'><strong>quotidie</strong></span> <span class='ocrx_word' id='word_1_273' title='bbox 1455 2320 1627 2373; x_wconf 89' lang='lat' dir='ltr'><strong>popu-</strong></span> 
     </span>
    </p>
   </div>
   <div class='ocr_carea' id='block_1_26' title="bbox 116 2373 1629 2442">
    <p class='ocr_par' dir='ltr' id='par_1_26' title="bbox 116 2373 1629 2442">
     <span class='ocr_line' id='line_1_26' title="bbox 116 2373 1629 2442; baseline -0.003 -12"><span class='ocrx_word' id='word_1_274' title='bbox 116 2379 176 2432; x_wconf 91' lang='lat' dir='ltr'><strong>los</strong></span> <span class='ocrx_word' id='word_1_275' title='bbox 200 2386 524 2440; x_wconf 88' lang='lat' dir='ltr'><strong>conservant,</strong></span> <span class='ocrx_word' id='word_1_276' title='bbox 554 2376 733 2428; x_wconf 87' lang='lat' dir='ltr'><strong>deleta</strong></span> <span class='ocrx_word' id='word_1_277' title='bbox 768 2383 939 2427; x_wconf 85' lang='lat' dir='ltr'><strong>morte</strong></span> <span class='ocrx_word' id='word_1_278' title='bbox 965 2389 1058 2442; x_wconf 90' lang='lat' dir='ltr'><strong>per</strong></span> <span class='ocrx_word' id='word_1_279' title='bbox 1078 2373 1403 2427; x_wconf 87' lang='lat' dir='ltr'><strong>ablutionem</strong></span> <span class='ocrx_word' id='word_1_280' title='bbox 1441 2390 1629 2442; x_wconf 86' lang='lat' dir='ltr'><strong>pecca-</strong></span> 
     </span>
    </p>
   </div>
   <div class='ocr_carea' id='block_1_27' title="bbox 117 2444 1632 2513">
    <p class='ocr_par' dir='ltr' id='par_1_27' title="bbox 117 2444 1632 2513">
     <span class='ocr_line' id='line_1_27' title="bbox 117 2444 1632 2513; baseline -0.002 -14"><span class='ocrx_word' id='word_1_281' title='bbox 117 2461 275 2500; x_wconf 90' lang='lat' dir='ltr'><strong>torum.</strong></span> <span class='ocrx_word' id='word_1_282' title='bbox 302 2467 319 2498; x_wconf 74' lang='grc' dir='ltr'><strong>ι</strong></span> <span class='ocrx_word' id='word_1_283' title='bbox 368 2446 559 2499; x_wconf 79' lang='lat' dir='ltr'><strong>Afiinia</strong></span> <span class='ocrx_word' id='word_1_284' title='bbox 606 2446 823 2513; x_wconf 85' lang='lat' dir='ltr'><strong>scripsit</strong></span> <span class='ocrx_word' id='word_1_285' title='bbox 875 2451 926 2513; x_wconf 86' lang='lat' dir='ltr'><strong>et.</strong></span> <span class='ocrx_word' id='word_1_286' title='bbox 969 2444 1382 2513; x_wconf 77' lang='lat' dir='ltr'><strong>Clirysostomns</strong></span> <span class='ocrx_word' id='word_1_287' title='bbox 1414 2445 1464 2495; x_wconf 91' lang='lat' dir='ltr'><strong>in</strong></span> <span class='ocrx_word' id='word_1_288' title='bbox 1496 2452 1632 2496; x_wconf 82' lang='lat' dir='ltr'><strong>orat.</strong></span> 
     </span>
    </p>
   </div>
   <div class='ocr_carea' id='block_1_28' title="bbox 118 2512 1629 2582">
    <p class='ocr_par' dir='ltr' id='par_1_28' title="bbox 118 2512 1629 2582">
     <span class='ocr_line' id='line_1_28' title="bbox 118 2512 1629 2582; baseline -0.002 -13"><span class='ocrx_word' id='word_1_289' title='bbox 118 2518 170 2569; x_wconf 72' lang='lat'><strong>12</strong></span> <span class='ocrx_word' id='word_1_290' title='bbox 200 2530 361 2570; x_wconf 81' lang='lat' dir='ltr'><strong>contra</strong></span> <span class='ocrx_word' id='word_1_291' title='bbox 400 2512 875 2575; x_wconf 71' lang='lat' dir='ltr'><strong>Anomceos,toin.</strong></span> <span class='ocrx_word' id='word_1_292' title='bbox 905 2512 947 2576; x_wconf 91' lang='lat' dir='ltr'><strong>l,</strong></span> <span class='ocrx_word' id='word_1_293' title='bbox 982 2528 1100 2582; x_wconf 82' lang='lat' dir='ltr'><strong>pag.</strong></span> <span class='ocrx_word' id='word_1_294' title='bbox 1132 2512 1255 2575; x_wconf 63' lang='lat'><strong>549,</strong></span> <span class='ocrx_word' id='word_1_295' title='bbox 1287 2514 1420 2566; x_wconf 83' lang='lat' dir='ltr'><strong>edit.</strong></span> <span class='ocrx_word' id='word_1_296' title='bbox 1455 2513 1629 2566; x_wconf 82' lang='lat' dir='ltr'><strong>Mont—</strong></span> 
     </span>
    </p>
   </div>
   <div class='ocr_carea' id='block_1_29' title="bbox 116 2586 328 2641">
    <p class='ocr_par' dir='ltr' id='par_1_29' title="bbox 116 2586 328 2641">
     <span class='ocr_line' id='line_1_29' title="bbox 116 2586 328 2641; baseline 0 -2"><span class='ocrx_word' id='word_1_297' title='bbox 116 2586 328 2641; x_wconf 70' lang='lat' dir='ltr'><strong>fauconii.</strong></span> 
     </span>
    </p>
   </div>
   <div class='ocr_carea' id='block_1_30' title="bbox 169 2652 1627 2726">
    <p class='ocr_par' dir='ltr' id='par_1_30' title="bbox 169 2652 1627 2726">
     <span class='ocr_line' id='line_1_30' title="bbox 169 2652 1627 2726; baseline -0.005 -16"><span class='ocrx_word' id='word_1_298' title='bbox 169 2658 263 2726; x_wconf 90' lang='grc'>(91)</span> <span class='ocrx_word' id='word_1_299' title='bbox 288 2655 650 2726; x_wconf 68' lang='lat' dir='ltr'><strong>Authentieus.</strong></span> <span class='ocrx_word' id='word_1_300' title='bbox 674 2652 870 2726; x_wconf 71' lang='lat' dir='ltr'><strong>Christi</strong></span> <span class='ocrx_word' id='word_1_301' title='bbox 893 2653 1153 2717; x_wconf 89' lang='lat' dir='ltr'><strong>baptisma</strong></span> <span class='ocrx_word' id='word_1_302' title='bbox 1180 2669 1198 2701; x_wconf 83' lang='grc' dir='ltr'><strong>ι</strong></span> <span class='ocrx_word' id='word_1_303' title='bbox 1224 2652 1589 2726; x_wconf 71' lang='lat' dir='ltr'><strong>authenticnm</strong></span> <span class='ocrx_word' id='word_1_304' title='bbox 1610 2672 1627 2703; x_wconf 77' lang='grc' dir='ltr'><strong>ι</strong></span> 
     </span>
    </p>
   </div>
   <div class='ocr_carea' id='block_1_31' title="bbox 120 2720 1633 2793">
    <p class='ocr_par' dir='ltr' id='par_1_31' title="bbox 120 2720 1633 2793">
     <span class='ocr_line' id='line_1_31' title="bbox 120 2720 1633 2793; baseline 0.001 -19"><span class='ocrx_word' id='word_1_305' title='bbox 120 2720 260 2788; x_wconf 66' lang='lat' dir='ltr'><strong>vocat,</strong></span> <span class='ocrx_word' id='word_1_306' title='bbox 290 2727 425 2793; x_wconf 89' lang='lat' dir='ltr'><strong>quod</strong></span> <span class='ocrx_word' id='word_1_307' title='bbox 462 2724 571 2777; x_wconf 81' lang='grc' dir='ltr'><strong>ὑπὸ</strong></span> <span class='ocrx_word' id='word_1_308' title='bbox 606 2722 701 2775; x_wconf 81' lang='grc' dir='ltr'><strong>τοῦ</strong></span> <span class='ocrx_word' id='word_1_309' title='bbox 733 2720 1011 2793; x_wconf 69' lang='grc' dir='ltr'><strong>αὐθέντφυ,</strong></span> <span class='ocrx_word' id='word_1_310' title='bbox 1069 2737 1259 2793; x_wconf 82' lang='lat' dir='ltr'><strong>nempe</strong></span> <span class='ocrx_word' id='word_1_311' title='bbox 1313 2736 1359 2793; x_wconf 13' lang='lat' dir='ltr'><strong>a7</strong></span> <span class='ocrx_word' id='word_1_312' title='bbox 1390 2722 1633 2793; x_wconf 88' lang='lat' dir='ltr'><strong>Domino,</strong></span> 
     </span>
    </p>
   </div>
   <div class='ocr_carea' id='block_1_32' title="bbox 118 2790 1633 2866">
    <p class='ocr_par' dir='ltr' id='par_1_32' title="bbox 118 2790 1633 2866">
     <span class='ocr_line' id='line_1_32' title="bbox 118 2790 1633 2866; baseline -0.003 -18"><span class='ocrx_word' id='word_1_313' title='bbox 118 2798 179 2848; x_wconf 70' lang='lat' dir='ltr'><strong>vel</strong></span> <span class='ocrx_word' id='word_1_314' title='bbox 202 2790 324 2866; x_wconf 77' lang='grc' dir='ltr'><strong>μετᾶ</strong></span> <span class='ocrx_word' id='word_1_315' title='bbox 359 2793 689 2862; x_wconf 80' lang='grc' dir='ltr'><strong>δεσποτικῆς</strong></span> <span class='ocrx_word' id='word_1_316' title='bbox 735 2790 1040 2866; x_wconf 67' lang='grc' dir='ltr'>ᾳύθεντίας,</span> <span class='ocrx_word' id='word_1_317' title='bbox 1063 2791 1130 2866; x_wconf 66' lang='lat' dir='ltr'><strong>id</strong></span> <span class='ocrx_word' id='word_1_318' title='bbox 1163 2801 1265 2866; x_wconf 80' lang='lat' dir='ltr'><strong>est,</strong></span> <span class='ocrx_word' id='word_1_319' title='bbox 1304 2809 1322 2841; x_wconf 78' lang='grc' dir='ltr'><strong>ι</strong></span> <span class='ocrx_word' id='word_1_320' title='bbox 1349 2791 1500 2844; x_wconf 89' lang='lat' dir='ltr'><strong>herili</strong></span> <span class='ocrx_word' id='word_1_321' title='bbox 1537 2805 1633 2844; x_wconf 84' lang='lat' dir='ltr'><strong>au-</strong></span> 
     </span>
    </p>
   </div>
   <div class='ocr_carea' id='block_1_33' title="bbox 120 2860 1631 2930">
    <p class='ocr_par' dir='ltr' id='par_1_33' title="bbox 120 2860 1631 2930">
     <span class='ocr_line' id='line_1_33' title="bbox 120 2860 1631 2930; baseline -0.003 -12"><span class='ocrx_word' id='word_1_322' title='bbox 120 2860 327 2920; x_wconf 75' lang='lat' dir='ltr'><strong>ctoritate</strong></span> <span class='ocrx_word' id='word_1_323' title='bbox 350 2860 699 2918; x_wconf 74' lang='lat' dir='ltr'><strong>iinsiitutuin</strong></span> <span class='ocrx_word' id='word_1_324' title='bbox 730 2864 835 2926; x_wconf 90' lang='lat' dir='ltr'><strong>sit;</strong></span> <span class='ocrx_word' id='word_1_325' title='bbox 870 2871 1029 2930; x_wconf 90' lang='lat' dir='ltr'><strong>utque</strong></span> <span class='ocrx_word' id='word_1_326' title='bbox 1063 2860 1191 2913; x_wconf 91' lang='lat' dir='ltr'><strong>illud</strong></span> <span class='ocrx_word' id='word_1_327' title='bbox 1225 2869 1457 2929; x_wconf 80' lang='lat' dir='ltr'><strong>apponat</strong></span> <span class='ocrx_word' id='word_1_328' title='bbox 1484 2873 1631 2914; x_wconf 89' lang='lat' dir='ltr'><strong>vete-</strong></span> 
     </span>
    </p>
   </div>
   <div class='ocr_carea' id='block_1_34' title="bbox 118 2930 1623 3004">
    <p class='ocr_par' dir='ltr' id='par_1_34' title="bbox 118 2930 1623 3004">
     <span class='ocr_line' id='line_1_34' title="bbox 118 2930 1623 3004; baseline -0.003 -17"><span class='ocrx_word' id='word_1_329' title='bbox 118 2936 238 2990; x_wconf 88' lang='lat' dir='ltr'><strong>ribus</strong></span> <span class='ocrx_word' id='word_1_330' title='bbox 275 2936 507 3004; x_wconf 79' lang='lat' dir='ltr'><strong>ejusdem</strong></span> <span class='ocrx_word' id='word_1_331' title='bbox 562 2932 811 3004; x_wconf 84' lang='lat' dir='ltr'><strong>baptismi</strong></span> <span class='ocrx_word' id='word_1_332' title='bbox 840 2934 1013 3004; x_wconf 73' lang='lat' dir='ltr'><strong>typis;</strong></span> <span class='ocrx_word' id='word_1_333' title='bbox 1048 2930 1383 3004; x_wconf 82' lang='lat' dir='ltr'><strong>maximeque</strong></span> <span class='ocrx_word' id='word_1_334' title='bbox 1411 2941 1467 2984; x_wconf 91' lang='lat' dir='ltr'><strong>ut</strong></span> <span class='ocrx_word' id='word_1_335' title='bbox 1496 2931 1623 3004; x_wconf 82' lang='lat' dir='ltr'><strong>illud</strong></span> 
     </span>
    </p>
   </div>
   <div class='ocr_carea' id='block_1_35' title="bbox 119 2998 1627 3067">
    <p class='ocr_par' dir='ltr' id='par_1_35' title="bbox 119 2998 1627 3067">
     <span class='ocr_line' id='line_1_35' title="bbox 119 2998 1627 3067; baseline -0.003 -9"><span class='ocrx_word' id='word_1_336' title='bbox 119 2998 327 3058; x_wconf 65' lang='lat' dir='ltr'><strong>secernat</strong></span> <span class='ocrx_word' id='word_1_337' title='bbox 352 3021 469 3058; x_wconf 90' lang='lat' dir='ltr'><strong>cum</strong></span> <span class='ocrx_word' id='word_1_338' title='bbox 505 3021 535 3057; x_wconf 91' lang='lat' dir='ltr'><strong>a</strong></span> <span class='ocrx_word' id='word_1_339' title='bbox 574 2998 844 3067; x_wconf 77' lang='lat' dir='ltr'><strong>baptismo</strong></span> <span class='ocrx_word' id='word_1_340' title='bbox 872 2998 1112 3062; x_wconf 78' lang='lat' dir='ltr'><strong>Joannis,</strong></span> <span class='ocrx_word' id='word_1_341' title='bbox 1144 3008 1253 3052; x_wconf 91' lang='lat' dir='ltr'><strong>tum</strong></span> <span class='ocrx_word' id='word_1_342' title='bbox 1285 2998 1446 3053; x_wconf 81' lang='lat' dir='ltr'><strong>etiam</strong></span> <span class='ocrx_word' id='word_1_343' title='bbox 1473 3001 1539 3053; x_wconf 84' lang='lat' dir='ltr'><strong>ab</strong></span> <span class='ocrx_word' id='word_1_344' title='bbox 1562 3015 1627 3053; x_wconf 90' lang='lat' dir='ltr'><strong>eo</strong></span> 
     </span>
    </p>
   </div>
   <div class='ocr_carea' id='block_1_36' title="bbox 120 3067 1618 3143">
    <p class='ocr_par' dir='ltr' id='par_1_36' title="bbox 120 3067 1618 3143">
     <span class='ocr_line' id='line_1_36' title="bbox 120 3067 1618 3143; baseline -0.003 -18"><span class='ocrx_word' id='word_1_345' title='bbox 120 3073 417 3143; x_wconf 82' lang='lat' dir='ltr'><strong>baptismate,</strong></span> <span class='ocrx_word' id='word_1_346' title='bbox 453 3088 565 3142; x_wconf 83' lang='lat' dir='ltr'><strong>quo</strong></span> <span class='ocrx_word' id='word_1_347' title='bbox 598 3071 797 3143; x_wconf 79' lang='lat' dir='ltr'><strong>Christi</strong></span> <span class='ocrx_word' id='word_1_348' title='bbox 833 3067 1078 3143; x_wconf 80' lang='lat' dir='ltr'><strong>discipuli</strong></span> <span class='ocrx_word' id='word_1_349' title='bbox 1112 3079 1235 3122; x_wconf 86' lang='lat' dir='ltr'><strong>ante</strong></span> <span class='ocrx_word' id='word_1_350' title='bbox 1279 3069 1618 3143; x_wconf 76' lang='lat' dir='ltr'><strong>manifestum</strong></span> 
     </span>
    </p>
   </div>
   <div class='ocr_carea' id='block_1_37' title="bbox 123 3139 1617 3211">
    <p class='ocr_par' dir='ltr' id='par_1_37' title="bbox 123 3139 1617 3211">
     <span class='ocr_line' id='line_1_37' title="bbox 123 3139 1617 3211; baseline -0.001 -15"><span class='ocrx_word' id='word_1_351' title='bbox 123 3139 314 3211; x_wconf 84' lang='lat' dir='ltr'><strong>Spiritus</strong></span> <span class='ocrx_word' id='word_1_352' title='bbox 366 3139 536 3198; x_wconf 74' lang='lat' dir='ltr'><strong>sancti</strong></span> <span class='ocrx_word' id='word_1_353' title='bbox 583 3142 868 3195; x_wconf 87' lang='lat' dir='ltr'><strong>adventum</strong></span> <span class='ocrx_word' id='word_1_354' title='bbox 927 3140 1285 3211; x_wconf 83' lang='lat' dir='ltr'><strong>baptizarnnt,</strong></span> <span class='ocrx_word' id='word_1_355' title='bbox 1311 3139 1559 3208; x_wconf 87' lang='lat' dir='ltr'><strong>quodque</strong></span> <span class='ocrx_word' id='word_1_356' title='bbox 1588 3155 1617 3193; x_wconf 89' lang='lat' dir='ltr'><strong>a</strong></span> 
     </span>
    </p>
   </div>
   <div class='ocr_carea' id='block_1_38' title="bbox 120 3207 1619 3282">
    <p class='ocr_par' dir='ltr' id='par_1_38' title="bbox 120 3207 1619 3282">
     <span class='ocr_line' id='line_1_38' title="bbox 120 3207 1619 3282; baseline -0.003 -17"><span class='ocrx_word' id='word_1_357' title='bbox 120 3207 286 3267; x_wconf 75' lang='lat' dir='ltr'><strong>Joanne</strong></span> <span class='ocrx_word' id='word_1_358' title='bbox 312 3214 695 3282; x_wconf 80' lang='lat' dir='ltr'><strong>ChrySostomo</strong></span> <span class='ocrx_word' id='word_1_359' title='bbox 721 3211 739 3273; x_wconf 93' lang='lat'><strong>(</strong></span> <span class='ocrx_word' id='word_1_360' title='bbox 758 3211 900 3282; x_wconf 84' lang='lat' dir='ltr'><strong>bom_.</strong></span> <span class='ocrx_word' id='word_1_361' title='bbox 934 3222 1085 3282; x_wconf 56' lang='lat' dir='ltr'><strong>xatx,</strong></span> <span class='ocrx_word' id='word_1_362' title='bbox 1108 3209 1161 3282; x_wconf 59' lang='lat' dir='ltr'><strong>in</strong></span> <span class='ocrx_word' id='word_1_363' title='bbox 1193 3207 1480 3282; x_wconf 47' lang='lat' dir='ltr'><strong>inclinem,</strong></span> <span class='ocrx_word' id='word_1_364' title='bbox 1498 3224 1619 3282; x_wconf 74' lang='lat' dir='ltr'><strong>pag.</strong></span> 
     </span>
    </p>
   </div>
   <div class='ocr_carea' id='block_1_39' title="bbox 124 3276 1630 3353">
    <p class='ocr_par' dir='ltr' id='par_1_39' title="bbox 124 3276 1630 3353">
     <span class='ocr_line' id='line_1_39' title="bbox 124 3276 1630 3353; baseline -0.002 -18"><span class='ocrx_word' id='word_1_365' title='bbox 124 3284 221 3346; x_wconf 78' lang='grc'>165,</span> <span class='ocrx_word' id='word_1_366' title='bbox 249 3295 367 3337; x_wconf 92' lang='lat' dir='ltr'><strong>tom.</strong></span> <span class='ocrx_word' id='word_1_367' title='bbox 400 3276 548 3353; x_wconf 64' lang='lat' dir='ltr'><strong>Vill),</strong></span> <span class='ocrx_word' id='word_1_368' title='bbox 583 3292 801 3333; x_wconf 88' lang='lat' dir='ltr'><strong>vocatur</strong></span> <span class='ocrx_word' id='word_1_369' title='bbox 833 3278 930 3353; x_wconf 59' lang='grc' dir='ltr'><strong>θεῆς</strong></span> <span class='ocrx_word' id='word_1_370' title='bbox 957 3279 1021 3353; x_wconf 59' lang='lat' dir='ltr'><strong>ex</strong></span> <span class='ocrx_word' id='word_1_371' title='bbox 1060 3276 1153 3329; x_wconf 81' lang='grc' dir='ltr'><strong>τοῦ</strong></span> <span class='ocrx_word' id='word_1_372' title='bbox 1193 3277 1505 3353; x_wconf 69' lang='grc' dir='ltr'><strong>Πγεύματος</strong></span> <span class='ocrx_word' id='word_1_373' title='bbox 1533 3276 1630 3349; x_wconf 83' lang='grc' dir='ltr'><strong>χά-</strong></span> 
     </span>
    </p>
   </div>
   <div class='ocr_carea' id='block_1_40' title="bbox 124 3346 1623 3424">
    <p class='ocr_par' dir='ltr' id='par_1_40' title="bbox 124 3346 1623 3424">
     <span class='ocr_line' id='line_1_40' title="bbox 124 3346 1623 3424; baseline -0.004 -20"><span class='ocrx_word' id='word_1_374' title='bbox 124 3370 241 3422; x_wconf 78' lang='grc' dir='ltr'><strong>ριτος</strong></span> <span class='ocrx_word' id='word_1_375' title='bbox 265 3346 518 3424; x_wconf 77' lang='grc' dir='ltr'><strong>ἄμοιρον,’</strong></span> <span class='ocrx_word' id='word_1_376' title='bbox 545 3353 599 3405; x_wconf 91' lang='lat' dir='ltr'><strong>id</strong></span> <span class='ocrx_word' id='word_1_377' title='bbox 650 3360 750 3409; x_wconf 92' lang='lat' dir='ltr'><strong>est,</strong></span> <span class='ocrx_word' id='word_1_378' title='bbox 773 3418 784 3424; x_wconf 32' lang='lat'>.</span> <span class='ocrx_word' id='word_1_379' title='bbox 802 3364 821 3424; x_wconf 67' lang='grc' dir='ltr'><strong>ι</strong></span> <span class='ocrx_word' id='word_1_380' title='bbox 840 3346 1074 3424; x_wconf 64' lang='lat' dir='ltr'><strong>spiritus</strong></span> <span class='ocrx_word' id='word_1_381' title='bbox 1103 3349 1287 3424; x_wconf 61' lang='lat' dir='ltr'><strong>gratia</strong></span> <span class='ocrx_word' id='word_1_382' title='bbox 1335 3346 1582 3424; x_wconf 69' lang='lat' dir='ltr'><strong>vacuum.</strong></span> <span class='ocrx_word' id='word_1_383' title='bbox 1606 3367 1623 3398; x_wconf 78' lang='grc' dir='ltr'><strong>ο</strong></span> 
     </span>
    </p>
   </div>
   <div class='ocr_carea' id='block_1_41' title="bbox 122 3416 1619 3491">
    <p class='ocr_par' dir='ltr' id='par_1_41' title="bbox 122 3416 1619 3491">
     <span class='ocr_line' id='line_1_41' title="bbox 122 3416 1619 3491; baseline -0.005 -18"><span class='ocrx_word' id='word_1_384' title='bbox 122 3416 261 3491; x_wconf 56' lang='lat' dir='ltr'><strong>Atque</strong></span> <span class='ocrx_word' id='word_1_385' title='bbox 288 3416 475 3476; x_wconf 58' lang='lat' dir='ltr'><strong>liac&#39;de</strong></span> <span class='ocrx_word' id='word_1_386' title='bbox 505 3435 670 3491; x_wconf 77' lang='lat' dir='ltr'><strong>causa</strong></span> <span class='ocrx_word' id='word_1_387' title='bbox 708 3418 982 3491; x_wconf 76' lang='lat' dir='ltr'><strong>subjuugit</strong></span> <span class='ocrx_word' id='word_1_388' title='bbox 1018 3416 1273 3491; x_wconf 82' lang='lat' dir='ltr'><strong>Didymus</strong></span> <span class='ocrx_word' id='word_1_389' title='bbox 1313 3433 1393 3491; x_wconf 86' lang='lat' dir='ltr'><strong>ea_</strong></span> <span class='ocrx_word' id='word_1_390' title='bbox 1411 3418 1571 3491; x_wconf 84' lang='lat' dir='ltr'><strong>verba</strong></span> <span class='ocrx_word' id='word_1_391' title='bbox 1608 3434 1619 3466; x_wconf 90' lang='lat'><strong>:</strong></span> 
     </span>
    </p>
   </div>
   <div class='ocr_carea' id='block_1_42' title="bbox 130 3485 1627 3559">
    <p class='ocr_par' dir='ltr' id='par_1_42' title="bbox 130 3485 1627 3559">
     <span class='ocr_line' id='line_1_42' title="bbox 130 3485 1627 3559; baseline -0.001 -18"><span class='ocrx_word' id='word_1_392' title='bbox 130 3485 261 3546; x_wconf 66' lang='lat' dir='ltr'><strong>«Post</strong></span> <span class='ocrx_word' id='word_1_393' title='bbox 284 3493 414 3548; x_wconf 88' lang='lat' dir='ltr'><strong>Filii.</strong></span> <span class='ocrx_word' id='word_1_394' title='bbox 445 3502 499 3545; x_wconf 87' lang='lat' dir='ltr'><strong>et</strong></span> <span class='ocrx_word' id='word_1_395' title='bbox 530 3490 766 3559; x_wconf 90' lang='lat' dir='ltr'><strong>Spiritus</strong></span> <span class='ocrx_word' id='word_1_396' title='bbox 796 3485 1301 3559; x_wconf 6' lang='lat' dir='ltr'><strong>sanctiyadventum;</strong></span> <span class='ocrx_word' id='word_1_397' title='bbox 1324 3505 1341 3536; x_wconf 73' lang='grc' dir='ltr'><strong>ι</strong></span> <span class='ocrx_word' id='word_1_398' title='bbox 1374 3485 1627 3559; x_wconf 82' lang='lat' dir='ltr'><strong>ldipsum</strong></span> 
     </span>
    </p>
   </div>
   <div class='ocr_carea' id='block_1_43' title="bbox 124 3556 1627 3632">
    <p class='ocr_par' dir='ltr' id='par_1_43' title="bbox 124 3556 1627 3632">
     <span class='ocr_line' id='line_1_43' title="bbox 124 3556 1627 3632; baseline 0.001 -22"><span class='ocrx_word' id='word_1_399' title='bbox 124 3574 225 3613; x_wconf 84' lang='lat' dir='ltr'><strong>vero</strong></span> <span class='ocrx_word' id='word_1_400' title='bbox 246 3575 358 3616; x_wconf 88' lang='lat' dir='ltr'><strong>ante</strong></span> <span class='ocrx_word' id='word_1_401' title='bbox 387 3556 670 3632; x_wconf 45' lang='lat' dir='ltr'><strong>Diilym&#39;unt</strong></span> <span class='ocrx_word' id='word_1_402' title='bbox 723 3568 908 3632; x_wconf 77' lang='lat' dir='ltr'><strong>aperte</strong></span> <span class='ocrx_word' id='word_1_403' title='bbox 930 3556 1205 3632; x_wconf 80' lang='lat' dir='ltr'><strong>_doc_uerat</strong></span> <span class='ocrx_word' id='word_1_404' title='bbox 1257 3556 1627 3632; x_wconf 80' lang='lat' dir='ltr'><strong>_&#39;I&#39;ertn_l_liant_is</strong></span> 
     </span>
    </p>
   </div>
   <div class='ocr_carea' id='block_1_44' title="bbox 125 3623 1626 3699">
    <p class='ocr_par' dir='ltr' id='par_1_44' title="bbox 125 3623 1626 3699">
     <span class='ocr_line' id='line_1_44' title="bbox 125 3623 1626 3699; baseline -0.003 -17"><span class='ocrx_word' id='word_1_405' title='bbox 125 3632 164 3682; x_wconf 88' lang='lat' dir='ltr'><strong>in</strong></span> <span class='ocrx_word' id='word_1_406' title='bbox 187 3633 298 3685; x_wconf 84' lang='lat' dir='ltr'><strong>libro</strong></span> <span class='ocrx_word' id='word_1_407' title='bbox 332 3632 400 3684; x_wconf 79' lang='lat' dir='ltr'><strong>De</strong></span> <span class='ocrx_word' id='word_1_408' title='bbox 424 3623 703 3697; x_wconf 65' lang='lat' dir='ltr'><strong>baptismo,</strong></span> <span class='ocrx_word' id='word_1_409' title='bbox 733 3623 855 3699; x_wconf 66' lang='lat' dir='ltr'><strong>cap.</strong></span> <span class='ocrx_word' id='word_1_410' title='bbox 1003 3644 1021 3674; x_wconf 75' lang='grc' dir='ltr'><strong>ι</strong></span> <span class='ocrx_word' id='word_1_411' title='bbox 1047 3623 1626 3699; x_wconf 12' lang='grc' dir='ltr'><strong>Ἱ’ἰιιετ;υθ1)³ιιιγ(ἰιι(ιιιίι)</strong></span> 
     </span>
    </p>
   </div>
   <div class='ocr_carea' id='block_1_45' title="bbox 126 3695 1631 3770">
    <p class='ocr_par' dir='ltr' id='par_1_45' title="bbox 126 3695 1631 3770">
     <span class='ocr_line' id='line_1_45' title="bbox 126 3695 1631 3770; baseline 0.001 -19"><span class='ocrx_word' id='word_1_412' title='bbox 126 3702 326 3769; x_wconf 77' lang='lat' dir='ltr'><strong>discipuli</strong></span> <span class='ocrx_word' id='word_1_413' title='bbox 357 3703 467 3770; x_wconf 86' lang='lat' dir='ltr'><strong>ejus</strong></span> <span class='ocrx_word' id='word_1_414' title='bbox 490 3695 712 3766; x_wconf 81' lang='lat' dir='ltr'><strong>(nempe</strong></span> <span class='ocrx_word' id='word_1_415' title='bbox 733 3696 1024 3766; x_wconf 82' lang='lat' dir='ltr'><strong>Christi)...</strong></span> <span class='ocrx_word' id='word_1_416' title='bbox 1045 3695 1231 3747; x_wconf 88' lang='lat' dir='ltr'><strong>eodem</strong></span> <span class='ocrx_word' id='word_1_417' title='bbox 1263 3695 1525 3770; x_wconf 78' lang='lat' dir='ltr'><strong>baptismo</strong></span> <span class='ocrx_word' id='word_1_418' title='bbox 1544 3695 1631 3770; x_wconf 58' lang='lat' dir='ltr'><strong>tog</strong></span> 
     </span>
    </p>
   </div>
   <div class='ocr_carea' id='block_1_46' title="bbox 124 3768 1629 3838">
    <p class='ocr_par' dir='ltr' id='par_1_46' title="bbox 124 3768 1629 3838">
     <span class='ocr_line' id='line_1_46' title="bbox 124 3768 1629 3838; baseline 0.002 -22"><span class='ocrx_word' id='word_1_419' title='bbox 124 3768 264 3833; x_wconf 78' lang='lat' dir='ltr'><strong>annis,</strong></span> <span class='ocrx_word' id='word_1_420' title='bbox 298 3786 359 3823; x_wconf 89' lang='lat' dir='ltr'><strong>ne</strong></span> <span class='ocrx_word' id='word_1_421' title='bbox 388 3768 472 3838; x_wconf 81' lang='lat' dir='ltr'><strong>qui</strong></span> <span class='ocrx_word' id='word_1_422' title='bbox 514 3770 622 3821; x_wconf 90' lang='lat' dir='ltr'><strong>alio</strong></span> <span class='ocrx_word' id='word_1_423' title='bbox 654 3775 822 3834; x_wconf 88' lang='lat' dir='ltr'><strong>putet,</strong></span> <span class='ocrx_word' id='word_1_424' title='bbox 847 3770 973 3838; x_wconf 85' lang='lat' dir='ltr'><strong>quia</strong></span> <span class='ocrx_word' id='word_1_425' title='bbox 1007 3779 1104 3818; x_wconf 88' lang='lat' dir='ltr'><strong>nec</strong></span> <span class='ocrx_word' id='word_1_426' title='bbox 1135 3775 1313 3838; x_wconf 51' lang='lat' dir='ltr'><strong>exstat</strong></span> <span class='ocrx_word' id='word_1_427' title='bbox 1341 3768 1495 3838; x_wconf 89' lang='lat' dir='ltr'><strong>alius,</strong></span> <span class='ocrx_word' id='word_1_428' title='bbox 1527 3768 1629 3838; x_wconf 82' lang='lat' dir='ltr'><strong>nisi</strong></span> 
     </span>
    </p>
   </div>
   <div class='ocr_carea' id='block_1_47' title="bbox 124 3836 1629 3906">
    <p class='ocr_par' dir='ltr' id='par_1_47' title="bbox 124 3836 1629 3906">
     <span class='ocr_line' id='line_1_47' title="bbox 124 3836 1629 3906; baseline -0.001 -15"><span class='ocrx_word' id='word_1_429' title='bbox 124 3850 271 3902; x_wconf 81' lang='lat' dir='ltr'><strong>postea</strong></span> <span class='ocrx_word' id='word_1_430' title='bbox 302 3836 511 3903; x_wconf 82' lang='lat' dir='ltr'><strong>Christi,</strong></span> <span class='ocrx_word' id='word_1_431' title='bbox 545 3840 636 3906; x_wconf 90' lang='lat' dir='ltr'><strong>qui</strong></span> <span class='ocrx_word' id='word_1_432' title='bbox 672 3848 796 3891; x_wconf 89' lang='lat' dir='ltr'><strong>tunc</strong></span> <span class='ocrx_word' id='word_1_433' title='bbox 845 3837 1028 3903; x_wconf 83' lang='lat' dir='ltr'><strong>utique</strong></span> <span class='ocrx_word' id='word_1_434' title='bbox 1060 3848 1100 3906; x_wconf 90' lang='lat' dir='ltr'><strong>_a</strong></span> <span class='ocrx_word' id='word_1_435' title='bbox 1139 3836 1468 3906; x_wconf 71' lang='lat' dir='ltr'><strong>discentibus</strong></span> <span class='ocrx_word' id='word_1_436' title='bbox 1514 3836 1629 3906; x_wconf 81' lang='lat' dir='ltr'><strong>dari</strong></span> 
     </span>
    </p>
   </div>
   <div class='ocr_carea' id='block_1_48' title="bbox 128 3904 1628 3978">
    <p class='ocr_par' dir='ltr' id='par_1_48' title="bbox 128 3904 1628 3978">
     <span class='ocr_line' id='line_1_48' title="bbox 128 3904 1628 3978; baseline 0.001 -22"><span class='ocrx_word' id='word_1_437' title='bbox 128 3924 205 3960; x_wconf 86' lang='lat' dir='ltr'><strong>non</strong></span> <span class='ocrx_word' id='word_1_438' title='bbox 231 3919 440 3978; x_wconf 86' lang='lat' dir='ltr'><strong>poterat,</strong></span> <span class='ocrx_word' id='word_1_439' title='bbox 474 3904 661 3976; x_wconf 83' lang='lat' dir='ltr'><strong>utpote</strong></span> <span class='ocrx_word' id='word_1_440' title='bbox 699 3906 932 3978; x_wconf 82' lang='lat' dir='ltr'><strong>nondum</strong></span> <span class='ocrx_word' id='word_1_441' title='bbox 964 3904 1268 3978; x_wconf 85' lang='lat' dir='ltr'><strong>_adimpleta</strong></span> <span class='ocrx_word' id='word_1_442' title='bbox 1322 3904 1488 3978; x_wconf 80' lang='lat' dir='ltr'><strong>gloria</strong></span> <span class='ocrx_word' id='word_1_443' title='bbox 1522 3904 1628 3958; x_wconf 80' lang='lat' dir='ltr'><strong>Do-</strong></span> 
     </span>
    </p>
   </div>
   <div class='ocr_carea' id='block_1_49' title="bbox 125 3974 1629 4042">
    <p class='ocr_par' dir='ltr' id='par_1_49' title="bbox 125 3974 1629 4042">
     <span class='ocr_line' id='line_1_49' title="bbox 125 3974 1629 4042; baseline 0.003 -17"><span class='ocrx_word' id='word_1_444' title='bbox 125 3974 246 4041; x_wconf 78' lang='lat' dir='ltr'><strong>mini,</strong></span> <span class='ocrx_word' id='word_1_445' title='bbox 270 3995 355 4034; x_wconf 87' lang='lat' dir='ltr'><strong>nec</strong></span> <span class='ocrx_word' id='word_1_446' title='bbox 383 3974 646 4032; x_wconf 85' lang='lat' dir='ltr'><strong>instructa</strong></span> <span class='ocrx_word' id='word_1_447' title='bbox 694 3974 930 4030; x_wconf 86' lang='lat' dir='ltr'><strong>ellicacia</strong></span> <span class='ocrx_word' id='word_1_448' title='bbox 960 3975 1159 4028; x_wconf 87' lang='lat' dir='ltr'><strong>lavacri</strong></span> <span class='ocrx_word' id='word_1_449' title='bbox 1201 3989 1297 4042; x_wconf 87' lang='lat' dir='ltr'><strong>per</strong></span> <span class='ocrx_word' id='word_1_450' title='bbox 1325 3976 1629 4042; x_wconf 83' lang='lat' dir='ltr'><strong>passionem</strong></span> 
     </span>
    </p>
   </div>
   <div class='ocr_carea' id='block_1_50' title="bbox 124 4050 630 4103">
    <p class='ocr_par' dir='ltr' id='par_1_50' title="bbox 124 4050 630 4103">
     <span class='ocr_line' id='line_1_50' title="bbox 124 4050 630 4103; baseline -0.004 -2"><span class='ocrx_word' id='word_1_451' title='bbox 124 4056 167 4098; x_wconf 79' lang='lat' dir='ltr'><strong>et</strong></span> <span class='ocrx_word' id='word_1_452' title='bbox 187 4050 630 4103; x_wconf 65' lang='lat' dir='ltr'><strong>resurrectionem.</strong></span> 
     </span>
    </p>
   </div>
   <div class='ocr_carea' id='block_1_51' title="bbox 178 4112 1629 4187">
    <p class='ocr_par' dir='ltr' id='par_1_51' title="bbox 178 4112 1629 4187">
     <span class='ocr_line' id='line_1_51' title="bbox 178 4112 1629 4187; baseline -0.002 -17"><span class='ocrx_word' id='word_1_453' title='bbox 178 4118 268 4187; x_wconf 70' lang='lat'><strong>(92)</strong></span> <span class='ocrx_word' id='word_1_454' title='bbox 305 4119 566 4173; x_wconf 80' lang='lat' dir='ltr'><strong>Continue.</strong></span> <span class='ocrx_word' id='word_1_455' title='bbox 609 4116 803 4169; x_wconf 87' lang='lat' dir='ltr'><strong>Eadem</strong></span> <span class='ocrx_word' id='word_1_456' title='bbox 832 4113 1006 4183; x_wconf 87' lang='lat' dir='ltr'><strong>quoad</strong></span> <span class='ocrx_word' id='word_1_457' title='bbox 1040 4112 1322 4187; x_wconf 32' lang='lat' dir='ltr'><strong>remUhanc</strong></span> <span class='ocrx_word' id='word_1_458' title='bbox 1364 4113 1418 4166; x_wconf 91' lang='lat' dir='ltr'><strong>in</strong></span> <span class='ocrx_word' id='word_1_459' title='bbox 1460 4115 1629 4187; x_wconf 87' lang='lat' dir='ltr'><strong>omni-</strong></span> 
     </span>
    </p>
   </div>
   <div class='ocr_carea' id='block_1_52' title="bbox 124 4182 1629 4252">
    <p class='ocr_par' dir='ltr' id='par_1_52' title="bbox 124 4182 1629 4252">
     <span class='ocr_line' id='line_1_52' title="bbox 124 4182 1629 4252; baseline 0.003 -18"><span class='ocrx_word' id='word_1_460' title='bbox 124 4182 203 4252; x_wconf 83' lang='lat' dir='ltr'><strong>bus</strong></span> <span class='ocrx_word' id='word_1_461' title='bbox 229 4182 451 4243; x_wconf 80' lang='lat' dir='ltr'><strong>ecclesiis</strong></span> <span class='ocrx_word' id='word_1_462' title='bbox 483 4205 589 4241; x_wconf 89' lang='lat' dir='ltr'><strong>non</strong></span> <span class='ocrx_word' id='word_1_463' title='bbox 625 4196 741 4241; x_wconf 91' lang='lat' dir='ltr'><strong>erat</strong></span> <span class='ocrx_word' id='word_1_464' title='bbox 771 4182 1121 4238; x_wconf 81' lang='lat' dir='ltr'><strong>consuetudo.</strong></span> <span class='ocrx_word' id='word_1_465' title='bbox 1153 4184 1377 4237; x_wconf 81' lang='lat' dir='ltr'><strong>Siricius</strong></span> <span class='ocrx_word' id='word_1_466' title='bbox 1408 4199 1538 4252; x_wconf 83' lang='lat' dir='ltr'><strong>papa</strong></span> <span class='ocrx_word' id='word_1_467' title='bbox 1576 4186 1629 4238; x_wconf 91' lang='lat' dir='ltr'><strong>in</strong></span> 
     </span>
    </p>
   </div>
   <div class='ocr_carea' id='block_1_53' title="bbox 128 4251 1631 4322">
    <p class='ocr_par' dir='ltr' id='par_1_53' title="bbox 128 4251 1631 4322">
     <span class='ocr_line' id='line_1_53' title="bbox 128 4251 1631 4322; baseline 0.004 -19"><span class='ocrx_word' id='word_1_468' title='bbox 128 4251 260 4318; x_wconf 64' lang='lat' dir='ltr'><strong>Epist.</strong></span> <span class='ocrx_word' id='word_1_469' title='bbox 286 4261 345 4311; x_wconf 84' lang='lat' dir='ltr'><strong>ad</strong></span> <span class='ocrx_word' id='word_1_470' title='bbox 374 4260 661 4312; x_wconf 84' lang='lat' dir='ltr'><strong>Himerium</strong></span> <span class='ocrx_word' id='word_1_471' title='bbox 705 4270 797 4309; x_wconf 88' lang='lat' dir='ltr'><strong>eos</strong></span> <span class='ocrx_word' id='word_1_472' title='bbox 828 4254 1116 4322; x_wconf 74' lang='lat' dir='ltr'><strong>redarguit,</strong></span> <span class='ocrx_word' id='word_1_473' title='bbox 1150 4256 1238 4320; x_wconf 89' lang='lat' dir='ltr'><strong>qui</strong></span> <span class='ocrx_word' id='word_1_474' title='bbox 1276 4271 1294 4302; x_wconf 77' lang='grc' dir='ltr'><strong>ι</strong></span> <span class='ocrx_word' id='word_1_475' title='bbox 1335 4251 1530 4322; x_wconf 83' lang='lat' dir='ltr'><strong>passim</strong></span> <span class='ocrx_word' id='word_1_476' title='bbox 1566 4270 1631 4309; x_wconf 90' lang='lat' dir='ltr'><strong>ac</strong></span> 
     </span>
    </p>
   </div>
   <div class='ocr_carea' id='block_1_54' title="bbox 127 4322 1629 4390">
    <p class='ocr_par' dir='ltr' id='par_1_54' title="bbox 127 4322 1629 4390">
     <span class='ocr_line' id='line_1_54' title="bbox 127 4322 1629 4390; baseline 0.004 -18"><span class='ocrx_word' id='word_1_477' title='bbox 127 4322 256 4379; x_wconf 78' lang='lat' dir='ltr'><strong>libere</strong></span> <span class='ocrx_word' id='word_1_478' title='bbox 299 4328 553 4383; x_wconf 85' lang='lat' dir='ltr'><strong>Natalitiis</strong></span> <span class='ocrx_word' id='word_1_479' title='bbox 596 4326 822 4386; x_wconf 90' lang='lat' dir='ltr'><strong>Christi.</strong></span> <span class='ocrx_word' id='word_1_480' title='bbox 866 4338 958 4377; x_wconf 87' lang='lat' dir='ltr'><strong>seu</strong></span> <span class='ocrx_word' id='word_1_481' title='bbox 1002 4325 1370 4390; x_wconf 77' lang='lat' dir='ltr'><strong>apparitionis,</strong></span> <span class='ocrx_word' id='word_1_482' title='bbox 1423 4340 1629 4378; x_wconf 78' lang='lat' dir='ltr'><strong>necnon</strong></span> 
     </span>
    </p>
   </div>
   <div class='ocr_carea' id='block_1_55' title="bbox 127 4394 1631 4467">
    <p class='ocr_par' dir='ltr' id='par_1_55' title="bbox 127 4394 1631 4467">
     <span class='ocr_line' id='line_1_55' title="bbox 127 4394 1631 4467; baseline 0 -19"><span class='ocrx_word' id='word_1_483' title='bbox 127 4397 428 4467; x_wconf 68' lang='lat' dir='ltr'><strong>apostolorum</strong></span> <span class='ocrx_word' id='word_1_484' title='bbox 456 4414 551 4451; x_wconf 89' lang='lat' dir='ltr'><strong>seu</strong></span> <span class='ocrx_word' id='word_1_485' title='bbox 581 4407 874 4467; x_wconf 87' lang='lat' dir='ltr'><strong>martyrum</strong></span> <span class='ocrx_word' id='word_1_486' title='bbox 912 4394 1292 4467; x_wconf 71' lang='lat' dir='ltr'><strong>festivitatibus</strong></span> <span class='ocrx_word' id='word_1_487' title='bbox 1324 4395 1631 4448; x_wconf 86' lang='lat' dir='ltr'><strong>innumeras</strong></span> 
     </span>
    </p>
   </div>
   <div class='ocr_carea' id='block_1_56' title="bbox 1648 3118 1694 3182">
    <p class='ocr_par' dir='ltr' id='par_1_56' title="bbox 1648 3118 1694 3182">
     <span class='ocr_line' id='line_1_56' title="bbox 1648 3118 1694 3182; baseline 0 0"><span class='ocrx_word' id='word_1_488' title='bbox 1648 3118 1694 3182; x_wconf 76' lang='grc' dir='ltr'>Ο</span> 
     </span>
    </p>
   </div>
   <div class='ocr_carea' id='block_1_57' title="bbox 1740 1803 3317 1880">
    <p class='ocr_par' dir='ltr' id='par_1_57' title="bbox 1740 1803 3317 1880">
     <span class='ocr_line' id='line_1_57' title="bbox 1740 1803 3317 1880; baseline 0.009 -28"><span class='ocrx_word' id='word_1_489' title='bbox 1740 1815 1901 1869; x_wconf 89' lang='lat' dir='ltr'><strong>super</strong></span> <span class='ocrx_word' id='word_1_490' title='bbox 1950 1816 2087 1872; x_wconf 88' lang='lat' dir='ltr'><strong>aqua</strong></span> <span class='ocrx_word' id='word_1_491' title='bbox 2140 1803 2340 1871; x_wconf 83' lang='lat' dir='ltr'><strong>requiei</strong></span> <span class='ocrx_word' id='word_1_492' title='bbox 2387 1804 2638 1880; x_wconf 89' lang='lat' dir='ltr'><strong>educavit</strong></span> <span class='ocrx_word' id='word_1_493' title='bbox 2690 1822 2793 1872; x_wconf 89' lang='lat' dir='ltr'><strong>me;</strong></span> <span class='ocrx_word' id='word_1_494' title='bbox 2835 1827 2854 1860; x_wconf 75' lang='grc' dir='ltr'><strong>ι</strong></span> <span class='ocrx_word' id='word_1_495' title='bbox 2898 1817 2999 1863; x_wconf 89' lang='lat' dir='ltr'><strong>et:</strong></span> <span class='ocrx_word' id='word_1_496' title='bbox 3048 1827 3068 1861; x_wconf 78' lang='grc' dir='ltr'><strong>ι</strong></span> <span class='ocrx_word' id='word_1_497' title='bbox 3107 1809 3317 1866; x_wconf 88' lang='lat' dir='ltr'><strong>Parasti</strong></span> 
     </span>
    </p>
   </div>
   <div class='ocr_carea' id='block_1_58' title="bbox 1817 1956 3317 2028">
    <p class='ocr_par' dir='ltr' id='par_1_58' title="bbox 1817 1956 3317 2028">
     <span class='ocr_line' id='line_1_58' title="bbox 1817 1956 3317 2028; baseline 0.001 -16"><span class='ocrx_word' id='word_1_498' title='bbox 1817 1957 1928 2026; x_wconf 75' lang='grc'>(94)</span> <span class='ocrx_word' id='word_1_499' title='bbox 1972 1956 2154 2011; x_wconf 85' lang='lat' dir='ltr'><strong>Plane.</strong></span> <span class='ocrx_word' id='word_1_500' title='bbox 2184 1958 2238 2012; x_wconf 88' lang='lat' dir='ltr'><strong>In</strong></span> <span class='ocrx_word' id='word_1_501' title='bbox 2273 1958 2479 2020; x_wconf 66' lang='lat' dir='ltr'><strong>Grmco,</strong></span> <span class='ocrx_word' id='word_1_502' title='bbox 2508 1961 2810 2015; x_wconf 80' lang='grc' dir='ltr'><strong>καθοτιοῦν.</strong></span> <span class='ocrx_word' id='word_1_503' title='bbox 2842 1962 2969 2028; x_wconf 64' lang='lat' dir='ltr'><strong>Qua)</strong></span> <span class='ocrx_word' id='word_1_504' title='bbox 2993 1977 3094 2017; x_wconf 78' lang='lat' dir='ltr'><strong>vox</strong></span> <span class='ocrx_word' id='word_1_505' title='bbox 3123 1965 3175 2017; x_wconf 93' lang='lat' dir='ltr'><strong>in</strong></span> <span class='ocrx_word' id='word_1_506' title='bbox 3201 1966 3317 2016; x_wconf 83' lang='lat' dir='ltr'><strong>vnl-</strong></span> 
     </span>
    </p>
   </div>
   <div class='ocr_carea' id='block_1_59' title="bbox 1734 2030 3312 2097">
    <p class='ocr_par' dir='ltr' id='par_1_59' title="bbox 1734 2030 3312 2097">
     <span class='ocr_line' id='line_1_59' title="bbox 1734 2030 3312 2097; baseline 0.006 -20"><span class='ocrx_word' id='word_1_507' title='bbox 1734 2034 1955 2097; x_wconf 71' lang='lat' dir='ltr'><strong>garihus</strong></span> <span class='ocrx_word' id='word_1_508' title='bbox 2005 2030 2189 2082; x_wconf 72' lang='lat' dir='ltr'><strong>lexicis</strong></span> <span class='ocrx_word' id='word_1_509' title='bbox 2240 2036 2490 2097; x_wconf 66' lang='lat' dir='ltr'><strong>exemplo</strong></span> <span class='ocrx_word' id='word_1_510' title='bbox 2551 2044 2723 2087; x_wconf 85' lang='lat' dir='ltr'><strong>caret.</strong></span> <span class='ocrx_word' id='word_1_511' title='bbox 2764 2035 3011 2086; x_wconf 88' lang='lat' dir='ltr'><strong>Clemens</strong></span> <span class='ocrx_word' id='word_1_512' title='bbox 3070 2036 3118 2087; x_wconf 93' lang='lat' dir='ltr'><strong>in</strong></span> <span class='ocrx_word' id='word_1_513' title='bbox 3158 2048 3312 2087; x_wconf 69' lang='lat' dir='ltr'><strong>sexto</strong></span> 
     </span>
    </p>
   </div>
   <div class='ocr_carea' id='block_1_60' title="bbox 1736 2096 3312 2174">
    <p class='ocr_par' dir='ltr' id='par_1_60' title="bbox 1736 2096 3312 2174">
     <span class='ocr_line' id='line_1_60' title="bbox 1736 2096 3312 2174; baseline 0.004 -23"><span class='ocrx_word' id='word_1_514' title='bbox 1736 2096 2055 2174; x_wconf 50' lang='lat' dir='ltr'><strong>Stromaiitm</strong></span> <span class='ocrx_word' id='word_1_515' title='bbox 2094 2115 2218 2174; x_wconf 63' lang='lat' dir='ltr'><strong>pag1</strong></span> <span class='ocrx_word' id='word_1_516' title='bbox 2414 2115 2473 2152; x_wconf 87' lang='lat' dir='ltr'><strong>ea</strong></span> <span class='ocrx_word' id='word_1_517' title='bbox 2526 2116 2652 2174; x_wconf 83' lang='lat' dir='ltr'><strong>usus</strong></span> <span class='ocrx_word' id='word_1_518' title='bbox 2696 2111 2796 2166; x_wconf 67' lang='lat' dir='ltr'><strong>est,</strong></span> <span class='ocrx_word' id='word_1_519' title='bbox 2843 2118 2964 2174; x_wconf 81' lang='lat' dir='ltr'><strong>eum</strong></span> <span class='ocrx_word' id='word_1_520' title='bbox 3012 2104 3087 2157; x_wconf 90' lang='lat' dir='ltr'><strong>ait</strong></span> <span class='ocrx_word' id='word_1_521' title='bbox 3123 2122 3136 2157; x_wconf 91' lang='lat'><strong>:</strong></span> <span class='ocrx_word' id='word_1_522' title='bbox 3175 2103 3312 2174; x_wconf 65' lang='grc' dir='ltr'><strong>μηδὲ</strong></span> 
     </span>
    </p>
   </div>
   <div class='ocr_carea' id='block_1_61' title="bbox 1737 2166 3310 2247">
    <p class='ocr_par' dir='ltr' id='par_1_61' title="bbox 1737 2166 3310 2247">
     <span class='ocr_line' id='line_1_61' title="bbox 1737 2166 3310 2247; baseline 0.005 -28"><span class='ocrx_word' id='word_1_523' title='bbox 1737 2166 2015 2247; x_wconf 51' lang='lat' dir='ltr'><strong>ndocton</strong></span> <span class='ocrx_word' id='word_1_524' title='bbox 2048 2168 2519 2239; x_wconf 78' lang='grc' dir='ltr'><strong>μεταϐαλλόμενοι,</strong></span> <span class='ocrx_word' id='word_1_525' title='bbox 2552 2171 2602 2224; x_wconf 92' lang='lat' dir='ltr'><strong>id</strong></span> <span class='ocrx_word' id='word_1_526' title='bbox 2632 2183 2713 2225; x_wconf 87' lang='lat' dir='ltr'><strong>est</strong></span> <span class='ocrx_word' id='word_1_527' title='bbox 2744 2190 2761 2221; x_wconf 77' lang='grc' dir='ltr'><strong>ι</strong></span> <span class='ocrx_word' id='word_1_528' title='bbox 2802 2171 2931 2225; x_wconf 86' lang='lat' dir='ltr'><strong>nihil</strong></span> <span class='ocrx_word' id='word_1_529' title='bbox 2964 2166 3310 2240; x_wconf 54' lang='lat' dir='ltr'><strong>penitus&#39;m&#39;u-</strong></span> 
     </span>
    </p>
   </div>
   <div class='ocr_carea' id='block_1_62' title="bbox 1745 2248 1922 2289">
    <p class='ocr_par' dir='ltr' id='par_1_62' title="bbox 1745 2248 1922 2289">
     <span class='ocr_line' id='line_1_62' title="bbox 1745 2248 1922 2289; baseline -0.023 0"><span class='ocrx_word' id='word_1_530' title='bbox 1745 2248 1862 2289; x_wconf 85' lang='lat' dir='ltr'><strong>tali.</strong></span> <span class='ocrx_word' id='word_1_531' title='bbox 1905 2254 1922 2286; x_wconf 75' lang='grc' dir='ltr'><strong>ι</strong></span> 
     </span>
    </p>
   </div>
   <div class='ocr_carea' id='block_1_63' title="bbox 1810 2306 3311 2378">
    <p class='ocr_par' dir='ltr' id='par_1_63' title="bbox 1810 2306 3311 2378">
     <span class='ocr_line' id='line_1_63' title="bbox 1810 2306 3311 2378; baseline 0.006 -19"><span class='ocrx_word' id='word_1_532' title='bbox 1810 2306 1923 2373; x_wconf 77' lang='grc'>(95)</span> <span class='ocrx_word' id='word_1_533' title='bbox 1969 2306 2125 2360; x_wconf 78' lang='lat' dir='ltr'><strong>Modo</strong></span> <span class='ocrx_word' id='word_1_534' title='bbox 2181 2309 2401 2375; x_wconf 79' lang='lat' dir='ltr'><strong>genitos.</strong></span> <span class='ocrx_word' id='word_1_535' title='bbox 2451 2309 2690 2376; x_wconf 81' lang='lat' dir='ltr'><strong>Respicit</strong></span> <span class='ocrx_word' id='word_1_536' title='bbox 2743 2309 2918 2364; x_wconf 87' lang='lat' dir='ltr'><strong>illudl</strong></span> <span class='ocrx_word' id='word_1_537' title='bbox 2963 2311 3107 2367; x_wconf 83' lang='lat' dir='ltr'><strong>Petr.</strong></span> <span class='ocrx_word' id='word_1_538' title='bbox 3162 2330 3221 2378; x_wconf 89' lang='lat' dir='ltr'><strong>ll,</strong></span> <span class='ocrx_word' id='word_1_539' title='bbox 3254 2312 3311 2368; x_wconf 76' lang='lat'><strong>2.</strong></span> 
     </span>
    </p>
   </div>
   <div class='ocr_carea' id='block_1_64' title="bbox 1746 2378 3311 2445">
    <p class='ocr_par' dir='ltr' id='par_1_64' title="bbox 1746 2378 3311 2445">
     <span class='ocr_line' id='line_1_64' title="bbox 1746 2378 3311 2445; baseline 0.006 -19"><span class='ocrx_word' id='word_1_540' title='bbox 1746 2395 1763 2426; x_wconf 78' lang='grc' dir='ltr'><strong>ι</strong></span> <span class='ocrx_word' id='word_1_541' title='bbox 1803 2378 1952 2429; x_wconf 80' lang='lat' dir='ltr'><strong>Sicut</strong></span> <span class='ocrx_word' id='word_1_542' title='bbox 1987 2380 2142 2431; x_wconf 88' lang='lat' dir='ltr'><strong>modo</strong></span> <span class='ocrx_word' id='word_1_543' title='bbox 2160 2380 2320 2445; x_wconf 78' lang='lat' dir='ltr'><strong>geniti</strong></span> <span class='ocrx_word' id='word_1_544' title='bbox 2356 2379 2608 2434; x_wconf 76' lang='lat' dir='ltr'><strong>infantes.</strong></span> <span class='ocrx_word' id='word_1_545' title='bbox 2649 2398 2665 2429; x_wconf 72' lang='grc' dir='ltr'><strong>ι</strong></span> <span class='ocrx_word' id='word_1_546' title='bbox 2705 2379 2779 2432; x_wconf 88' lang='lat' dir='ltr'><strong>Ita</strong></span> <span class='ocrx_word' id='word_1_547' title='bbox 2818 2381 2946 2433; x_wconf 87' lang='lat' dir='ltr'><strong>etin</strong></span> <span class='ocrx_word' id='word_1_548' title='bbox 2983 2395 3311 2436; x_wconf 81' lang='lat' dir='ltr'><strong>commenta-</strong></span> 
     </span>
    </p>
   </div>
   <div class='ocr_carea' id='block_1_65' title="bbox 1742 2445 3307 2522">
    <p class='ocr_par' dir='ltr' id='par_1_65' title="bbox 1742 2445 3307 2522">
     <span class='ocr_line' id='line_1_65' title="bbox 1742 2445 3307 2522; baseline 0.004 -23"><span class='ocrx_word' id='word_1_549' title='bbox 1742 2446 1835 2499; x_wconf 80' lang='lat' dir='ltr'><strong>riis</strong></span> <span class='ocrx_word' id='word_1_550' title='bbox 1880 2447 1932 2497; x_wconf 84' lang='lat' dir='ltr'><strong>in</strong></span> <span class='ocrx_word' id='word_1_551' title='bbox 1995 2445 2233 2522; x_wconf 61' lang='lat' dir='ltr'><strong>qulnios</strong></span> <span class='ocrx_word' id='word_1_552' title='bbox 2284 2447 2349 2522; x_wconf 87' lang='lat' dir='ltr'><strong>a_d</strong></span> <span class='ocrx_word' id='word_1_553' title='bbox 2370 2462 2520 2522; x_wconf 40' lang='lat' dir='ltr'><strong>‘vers.</strong></span> <span class='ocrx_word' id='word_1_554' title='bbox 2554 2449 2613 2500; x_wconf 89' lang='grc'><strong>11</strong></span> <span class='ocrx_word' id='word_1_555' title='bbox 2651 2450 2839 2518; x_wconf 82' lang='lat' dir='ltr'><strong>psalmi</strong></span> <span class='ocrx_word' id='word_1_556' title='bbox 2875 2465 3025 2516; x_wconf 81' lang='lat' dir='ltr'><strong>xvm,</strong></span> <span class='ocrx_word' id='word_1_557' title='bbox 3067 2453 3307 2522; x_wconf 86' lang='lat' dir='ltr'><strong>baptiza-</strong></span> 
     </span>
    </p>
   </div>
   <div class='ocr_carea' id='block_1_66' title="bbox 1746 2516 2559 2586">
    <p class='ocr_par' dir='ltr' id='par_1_66' title="bbox 1746 2516 2559 2586">
     <span class='ocr_line' id='line_1_66' title="bbox 1746 2516 2559 2586; baseline 0.004 -19"><span class='ocrx_word' id='word_1_558' title='bbox 1746 2526 1824 2567; x_wconf 91' lang='lat' dir='ltr'><strong>tos</strong></span> <span class='ocrx_word' id='word_1_559' title='bbox 1850 2518 2055 2586; x_wconf 76' lang='lat' dir='ltr'><strong>vocavit</strong></span> <span class='ocrx_word' id='word_1_560' title='bbox 2080 2516 2337 2586; x_wconf 82' lang='grc' dir='ltr'><strong>ἀρτιγενῆ</strong></span> <span class='ocrx_word' id='word_1_561' title='bbox 2366 2516 2559 2586; x_wconf 74' lang='grc' dir='ltr'><strong>βρέφη.</strong></span> 
     </span>
    </p>
   </div>
   <div class='ocr_carea' id='block_1_67' title="bbox 1818 2583 3311 2659">
    <p class='ocr_par' dir='ltr' id='par_1_67' title="bbox 1818 2583 3311 2659">
     <span class='ocr_line' id='line_1_67' title="bbox 1818 2583 3311 2659; baseline 0.002 -21"><span class='ocrx_word' id='word_1_562' title='bbox 1818 2583 1926 2659; x_wconf 83' lang='grc'>(96)</span> <span class='ocrx_word' id='word_1_563' title='bbox 1961 2583 2375 2659; x_wconf 57' lang='grc' dir='ltr'><strong>Ναξιιόηἱηοιέιςζ</strong></span> <span class='ocrx_word' id='word_1_564' title='bbox 2398 2583 2468 2639; x_wconf 88' lang='lat' dir='ltr'><strong>ln-</strong></span> <span class='ocrx_word' id='word_1_565' title='bbox 2486 2583 2694 2659; x_wconf 59' lang='lat' dir='ltr'><strong>Graeco,</strong></span> <span class='ocrx_word' id='word_1_566' title='bbox 2717 2587 2991 2659; x_wconf 78' lang='grc' dir='ltr'><strong>ἐξήλικας.</strong></span> <span class='ocrx_word' id='word_1_567' title='bbox 3011 2589 3182 2657; x_wconf 83' lang='lat' dir='ltr'><strong>Quam</strong></span> <span class='ocrx_word' id='word_1_568' title='bbox 3217 2606 3311 2643; x_wconf 84' lang='lat' dir='ltr'><strong>vo-</strong></span> 
     </span>
    </p>
   </div>
   <div class='ocr_carea' id='block_1_68' title="bbox 1747 2654 3306 2728">
    <p class='ocr_par' dir='ltr' id='par_1_68' title="bbox 1747 2654 3306 2728">
     <span class='ocr_line' id='line_1_68' title="bbox 1747 2654 3306 2728; baseline 0.004 -21"><span class='ocrx_word' id='word_1_569' title='bbox 1747 2669 1861 2728; x_wconf 79' lang='lat' dir='ltr'><strong>cem</strong></span> <span class='ocrx_word' id='word_1_570' title='bbox 1893 2658 1943 2706; x_wconf 86' lang='lat' dir='ltr'><strong>in</strong></span> <span class='ocrx_word' id='word_1_571' title='bbox 1970 2654 2113 2708; x_wconf 87' lang='lat' dir='ltr'><strong>nullo</strong></span> <span class='ocrx_word' id='word_1_572' title='bbox 2135 2670 2366 2722; x_wconf 89' lang='lat' dir='ltr'><strong>unquam</strong></span> <span class='ocrx_word' id='word_1_573' title='bbox 2390 2667 2605 2709; x_wconf 84' lang='lat' dir='ltr'><strong>auctore</strong></span> <span class='ocrx_word' id='word_1_574' title='bbox 2628 2656 2725 2725; x_wconf 74' lang='lat' dir='ltr'><strong>legi</strong></span> <span class='ocrx_word' id='word_1_575' title='bbox 2764 2654 2991 2728; x_wconf 43' lang='lat' dir='ltr'><strong>{itaque</strong></span> <span class='ocrx_word' id='word_1_576' title='bbox 3020 2654 3306 2728; x_wconf 67' lang='lat' dir='ltr'><strong>genuinum</strong></span> 
     </span>
    </p>
   </div>
   <div class='ocr_carea' id='block_1_69' title="bbox 1739 2724 3303 2792">
    <p class='ocr_par' dir='ltr' id='par_1_69' title="bbox 1739 2724 3303 2792">
     <span class='ocr_line' id='line_1_69' title="bbox 1739 2724 3303 2792; baseline 0.004 -16"><span class='ocrx_word' id='word_1_577' title='bbox 1739 2724 1854 2792; x_wconf 82' lang='lat' dir='ltr'><strong>ejus</strong></span> <span class='ocrx_word' id='word_1_578' title='bbox 1879 2739 2093 2792; x_wconf 88' lang='lat' dir='ltr'><strong>sensum</strong></span> <span class='ocrx_word' id='word_1_579' title='bbox 2124 2739 2273 2777; x_wconf 89' lang='lat' dir='ltr'><strong>certo</strong></span> <span class='ocrx_word' id='word_1_580' title='bbox 2304 2734 2538 2778; x_wconf 87' lang='lat' dir='ltr'><strong>statuere</strong></span> <span class='ocrx_word' id='word_1_581' title='bbox 2564 2741 2665 2778; x_wconf 92' lang='lat' dir='ltr'><strong>nou</strong></span> <span class='ocrx_word' id='word_1_582' title='bbox 2686 2724 2891 2780; x_wconf 87' lang='lat' dir='ltr'><strong>ausim.</strong></span> <span class='ocrx_word' id='word_1_583' title='bbox 2921 2724 3085 2781; x_wconf 72' lang='lat' dir='ltr'><strong>Porro</strong></span> <span class='ocrx_word' id='word_1_584' title='bbox 3114 2729 3216 2782; x_wconf 91' lang='lat' dir='ltr'><strong>nisi</strong></span> <span class='ocrx_word' id='word_1_585' title='bbox 3241 2746 3303 2783; x_wconf 84' lang='lat' dir='ltr'><strong>ea</strong></span> 
     </span>
    </p>
   </div>
   <div class='ocr_carea' id='block_1_70' title="bbox 1733 2791 3307 2867">
    <p class='ocr_par' dir='ltr' id='par_1_70' title="bbox 1733 2791 3307 2867">
     <span class='ocr_line' id='line_1_70' title="bbox 1733 2791 3307 2867; baseline 0.006 -21"><span class='ocrx_word' id='word_1_586' title='bbox 1733 2791 1850 2867; x_wconf 81' lang='lat' dir='ltr'><strong>voci</strong></span> <span class='ocrx_word' id='word_1_587' title='bbox 1884 2791 2153 2867; x_wconf 75' lang='grc' dir='ltr'><strong>ᾁφήλικας</strong></span> <span class='ocrx_word' id='word_1_588' title='bbox 2183 2792 2362 2867; x_wconf 75' lang='lat' dir='ltr'><strong>juncta</strong></span> <span class='ocrx_word' id='word_1_589' title='bbox 2400 2804 2560 2857; x_wconf 88' lang='lat' dir='ltr'><strong>esset,</strong></span> <span class='ocrx_word' id='word_1_590' title='bbox 2599 2795 2754 2848; x_wconf 81' lang='lat' dir='ltr'><strong>facile</strong></span> <span class='ocrx_word' id='word_1_591' title='bbox 2776 2797 3089 2867; x_wconf 83' lang='lat' dir='ltr'><strong>existimare</strong></span> <span class='ocrx_word' id='word_1_592' title='bbox 3126 2808 3307 2867; x_wconf 77' lang='lat' dir='ltr'><strong>posset</strong></span> 
     </span>
    </p>
   </div>
   <div class='ocr_carea' id='block_1_71' title="bbox 1732 2862 3304 2935">
    <p class='ocr_par' dir='ltr' id='par_1_71' title="bbox 1732 2862 3304 2935">
     <span class='ocr_line' id='line_1_71' title="bbox 1732 2862 3304 2935; baseline 0.004 -20"><span class='ocrx_word' id='word_1_593' title='bbox 1732 2865 1871 2932; x_wconf 81' lang='lat' dir='ltr'><strong>quis,</strong></span> <span class='ocrx_word' id='word_1_594' title='bbox 1898 2862 2036 2935; x_wconf 84' lang='lat' dir='ltr'><strong>idem</strong></span> <span class='ocrx_word' id='word_1_595' title='bbox 2068 2877 2187 2916; x_wconf 87' lang='lat' dir='ltr'><strong>esse</strong></span> <span class='ocrx_word' id='word_1_596' title='bbox 2209 2862 2636 2935; x_wconf 68' lang='grc' dir='ltr'><strong>ἐξήλικα.ιιι(]υθ</strong></span> <span class='ocrx_word' id='word_1_597' title='bbox 2668 2866 2929 2935; x_wconf 82' lang='grc' dir='ltr'><strong>ἀφήλικα.</strong></span> <span class='ocrx_word' id='word_1_598' title='bbox 2964 2862 3154 2921; x_wconf 74' lang='lat' dir='ltr'><strong>Verum</strong></span> <span class='ocrx_word' id='word_1_599' title='bbox 3183 2885 3304 2923; x_wconf 88' lang='lat' dir='ltr'><strong>cum</strong></span> 
     </span>
    </p>
   </div>
   <div class='ocr_carea' id='block_1_72' title="bbox 1730 2932 3306 3005">
    <p class='ocr_par' dir='ltr' id='par_1_72' title="bbox 1730 2932 3306 3005">
     <span class='ocr_line' id='line_1_72' title="bbox 1730 2932 3306 3005; baseline 0.003 -18"><span class='ocrx_word' id='word_1_600' title='bbox 1730 2944 1784 2987; x_wconf 88' lang='lat' dir='ltr'><strong>et</strong></span> <span class='ocrx_word' id='word_1_601' title='bbox 1814 2933 2085 3005; x_wconf 79' lang='grc' dir='ltr'><strong>ἁφήλικας</strong></span> <span class='ocrx_word' id='word_1_602' title='bbox 2120 2932 2457 3005; x_wconf 18' lang='grc' dir='ltr'><strong>βιᾉξξῄλικας</strong></span> <span class='ocrx_word' id='word_1_603' title='bbox 2496 2932 2779 3005; x_wconf 45' lang='lat' dir='ltr'><strong>memoret&#39;</strong></span> <span class='ocrx_word' id='word_1_604' title='bbox 2806 2938 3075 3005; x_wconf 81' lang='lat' dir='ltr'><strong>Didymus,</strong></span> <span class='ocrx_word' id='word_1_605' title='bbox 3120 2953 3182 2992; x_wconf 88' lang='lat' dir='ltr'><strong>ac</strong></span> <span class='ocrx_word' id='word_1_606' title='bbox 3234 2940 3306 2992; x_wconf 88' lang='lat' dir='ltr'><strong>ita</strong></span> 
     </span>
    </p>
   </div>
   <div class='ocr_carea' id='block_1_73' title="bbox 1728 3002 3304 3076">
    <p class='ocr_par' dir='ltr' id='par_1_73' title="bbox 1728 3002 3304 3076">
     <span class='ocr_line' id='line_1_73' title="bbox 1728 3002 3304 3076; baseline 0.004 -21"><span class='ocrx_word' id='word_1_607' title='bbox 1728 3002 1941 3076; x_wconf 80' lang='lat' dir='ltr'><strong>quidem</strong></span> <span class='ocrx_word' id='word_1_608' title='bbox 1977 3015 2037 3076; x_wconf 10' lang='lat' dir='ltr'><strong>ut,</strong></span> <span class='ocrx_word' id='word_1_609' title='bbox 2059 3004 2088 3055; x_wconf 84' lang='grc' dir='ltr'><strong>ὁ</strong></span> <span class='ocrx_word' id='word_1_610' title='bbox 2110 3002 2293 3076; x_wconf 53' lang='grc' dir='ltr'><strong>Δὲτξήλιξ</strong></span> <span class='ocrx_word' id='word_1_611' title='bbox 2326 3004 2517 3071; x_wconf 90' lang='lat' dir='ltr'><strong>opponi</strong></span> <span class='ocrx_word' id='word_1_612' title='bbox 2543 3005 2610 3058; x_wconf 92' lang='lat' dir='ltr'><strong>ab</strong></span> <span class='ocrx_word' id='word_1_613' title='bbox 2643 3007 2756 3071; x_wconf 91' lang='lat' dir='ltr'><strong>ipso</strong></span> <span class='ocrx_word' id='word_1_614' title='bbox 2778 3002 3017 3076; x_wconf 77' lang='lat' dir='ltr'><strong>videatur</strong></span> <span class='ocrx_word' id='word_1_615' title='bbox 3047 3026 3065 3057; x_wconf 87' lang='grc'><em>‹</em></span> <span class='ocrx_word' id='word_1_616' title='bbox 3101 3008 3304 3076; x_wconf 88' lang='lat' dir='ltr'><strong>primo-</strong></span> 
     </span>
    </p>
   </div>
   <div class='ocr_carea' id='block_1_74' title="bbox 1728 3072 3308 3143">
    <p class='ocr_par' dir='ltr' id='par_1_74' title="bbox 1728 3072 3308 3143">
     <span class='ocr_line' id='line_1_74' title="bbox 1728 3072 3308 3143; baseline 0.004 -18"><span class='ocrx_word' id='word_1_617' title='bbox 1728 3074 1926 3141; x_wconf 79' lang='lat' dir='ltr'><strong>genito,</strong></span> <span class='ocrx_word' id='word_1_618' title='bbox 1965 3091 1984 3122; x_wconf 78' lang='grc' dir='ltr'><strong>ι</strong></span> <span class='ocrx_word' id='word_1_619' title='bbox 2018 3072 2216 3143; x_wconf 76' lang='grc' dir='ltr'><strong>ἀφῆλιξ</strong></span> <span class='ocrx_word' id='word_1_620' title='bbox 2250 3089 2374 3127; x_wconf 90' lang='lat' dir='ltr'><strong>vero</strong></span> <span class='ocrx_word' id='word_1_621' title='bbox 2404 3092 2421 3123; x_wconf 84' lang='grc' dir='ltr'><strong>ι</strong></span> <span class='ocrx_word' id='word_1_622' title='bbox 2454 3075 2836 3142; x_wconf 80' lang='lat' dir='ltr'><strong>nupergenito;</strong></span> <span class='ocrx_word' id='word_1_623' title='bbox 2878 3093 2895 3125; x_wconf 72' lang='grc' dir='ltr'><strong>ι</strong></span> <span class='ocrx_word' id='word_1_624' title='bbox 2928 3072 3129 3131; x_wconf 84' lang='lat' dir='ltr'><strong>idcirco</strong></span> <span class='ocrx_word' id='word_1_625' title='bbox 3160 3096 3178 3127; x_wconf 76' lang='grc' dir='ltr'><strong>ι</strong></span> <span class='ocrx_word' id='word_1_626' title='bbox 3214 3093 3308 3130; x_wconf 86' lang='lat' dir='ltr'><strong>na-</strong></span> 
     </span>
    </p>
   </div>
   <div class='ocr_carea' id='block_1_75' title="bbox 1739 3143 3306 3211">
    <p class='ocr_par' dir='ltr' id='par_1_75' title="bbox 1739 3143 3306 3211">
     <span class='ocr_line' id='line_1_75' title="bbox 1739 3143 3306 3211; baseline 0.006 -19"><span class='ocrx_word' id='word_1_627' title='bbox 1739 3154 1793 3195; x_wconf 89' lang='lat' dir='ltr'><strong>tu</strong></span> <span class='ocrx_word' id='word_1_628' title='bbox 1847 3144 2080 3197; x_wconf 89' lang='lat' dir='ltr'><strong>minores</strong></span> <span class='ocrx_word' id='word_1_629' title='bbox 2118 3143 2547 3196; x_wconf 88' lang='lat' dir='ltr'><strong>adolescentulos</strong></span> <span class='ocrx_word' id='word_1_630' title='bbox 2585 3161 2603 3193; x_wconf 76' lang='grc' dir='ltr'><strong>ι</strong></span> <span class='ocrx_word' id='word_1_631' title='bbox 2643 3145 2908 3211; x_wconf 78' lang='lat' dir='ltr'><strong>designari</strong></span> <span class='ocrx_word' id='word_1_632' title='bbox 2958 3145 3306 3201; x_wconf 88' lang='lat' dir='ltr'><strong>crediderim.</strong></span> 
     </span>
    </p>
   </div>
   <div class='ocr_carea' id='block_1_76' title="bbox 1735 3212 3302 3283">
    <p class='ocr_par' dir='ltr' id='par_1_76' title="bbox 1735 3212 3302 3283">
     <span class='ocr_line' id='line_1_76' title="bbox 1735 3212 3302 3283; baseline 0.004 -20"><span class='ocrx_word' id='word_1_633' title='bbox 1735 3212 1872 3277; x_wconf 85' lang='lat' dir='ltr'><strong>Quin</strong></span> <span class='ocrx_word' id='word_1_634' title='bbox 1922 3227 2044 3283; x_wconf 11' lang='lat' dir='ltr'><strong>vox,</strong></span> <span class='ocrx_word' id='word_1_635' title='bbox 2073 3214 2184 3280; x_wconf 86' lang='lat' dir='ltr'><strong>ipsa</strong></span> <span class='ocrx_word' id='word_1_636' title='bbox 2234 3212 2671 3283; x_wconf 81' lang='grc' dir='ltr'><strong>ἀφηλικέστερα,</strong></span> <span class='ocrx_word' id='word_1_637' title='bbox 2716 3214 2782 3266; x_wconf 90' lang='lat' dir='ltr'><strong>si&#39;</strong></span> <span class='ocrx_word' id='word_1_638' title='bbox 2810 3214 2988 3283; x_wconf 60' lang='lat' dir='ltr'><strong>Matris</strong></span> <span class='ocrx_word' id='word_1_639' title='bbox 3034 3218 3302 3280; x_wconf 83' lang='lat' dir='ltr'><strong>audiatur,</strong></span> 
     </span>
    </p>
   </div>
   <div class='ocr_carea' id='block_1_77' title="bbox 1734 3282 3302 3363">
    <p class='ocr_par' dir='ltr' id='par_1_77' title="bbox 1734 3282 3302 3363">
     <span class='ocr_line' id='line_1_77' title="bbox 1734 3282 3302 3363; baseline 0.006 -29"><span class='ocrx_word' id='word_1_640' title='bbox 1734 3282 1929 3363; x_wconf 70' lang='lat' dir='ltr'><strong>Atticis</strong></span> <span class='ocrx_word' id='word_1_641' title='bbox 1958 3282 2174 3351; x_wconf 88' lang='lat' dir='ltr'><strong>quidem</strong></span> <span class='ocrx_word' id='word_1_642' title='bbox 2212 3300 2230 3333; x_wconf 78' lang='grc' dir='ltr'><strong>ι</strong></span> <span class='ocrx_word' id='word_1_643' title='bbox 2261 3285 2530 3338; x_wconf 86' lang='lat' dir='ltr'><strong>seniorem</strong></span> <span class='ocrx_word' id='word_1_644' title='bbox 2564 3282 2582 3334; x_wconf 64' lang='grc' dir='ltr'><strong>ι</strong></span> <span class='ocrx_word' id='word_1_645' title='bbox 2611 3285 2915 3353; x_wconf 82' lang='lat' dir='ltr'><strong>significat,</strong></span> <span class='ocrx_word' id='word_1_646' title='bbox 2940 3282 3141 3341; x_wconf 66' lang='lat' dir='ltr'><strong>Graecis</strong></span> <span class='ocrx_word' id='word_1_647' title='bbox 3172 3302 3302 3343; x_wconf 85' lang='lat' dir='ltr'><strong>vero</strong></span> 
     </span>
    </p>
   </div>
   <div class='ocr_carea' id='block_1_78' title="bbox 1740 3366 2145 3418">
    <p class='ocr_par' dir='ltr' id='par_1_78' title="bbox 1740 3366 2145 3418">
     <span class='ocr_line' id='line_1_78' title="bbox 1740 3366 2145 3418; baseline 0.002 -17"><span class='ocrx_word' id='word_1_648' title='bbox 1740 3366 2082 3418; x_wconf 70' lang='lat' dir='ltr'><strong>«,jumorein.</strong></span> <span class='ocrx_word' id='word_1_649' title='bbox 2125 3370 2145 3402; x_wconf 84' lang='grc'><strong>›</strong></span> 
     </span>
    </p>
   </div>
   <div class='ocr_carea' id='block_1_79' title="bbox 1808 3419 3301 3491">
    <p class='ocr_par' dir='ltr' id='par_1_79' title="bbox 1808 3419 3301 3491">
     <span class='ocr_line' id='line_1_79' title="bbox 1808 3419 3301 3491; baseline 0.002 -17"><span class='ocrx_word' id='word_1_650' title='bbox 1808 3421 1920 3491; x_wconf 80' lang='grc'>(97)</span> <span class='ocrx_word' id='word_1_651' title='bbox 1961 3419 2283 3474; x_wconf 82' lang='lat' dir='ltr'><strong>Mundanam</strong></span> <span class='ocrx_word' id='word_1_652' title='bbox 2334 3420 2514 3491; x_wconf 76' lang='lat' dir='ltr'><strong>legent.</strong></span> <span class='ocrx_word' id='word_1_653' title='bbox 2568 3421 2765 3477; x_wconf 83' lang='lat' dir='ltr'><strong>Civiles</strong></span> <span class='ocrx_word' id='word_1_654' title='bbox 2829 3422 2971 3491; x_wconf 77' lang='lat' dir='ltr'><strong>leges</strong></span> <span class='ocrx_word' id='word_1_655' title='bbox 3018 3441 3036 3473; x_wconf 81' lang='grc' dir='ltr'><strong>ι</strong></span> <span class='ocrx_word' id='word_1_656' title='bbox 3070 3425 3301 3478; x_wconf 84' lang='lat' dir='ltr'><strong>munda-</strong></span> 
     </span>
    </p>
   </div>
   <div class='ocr_carea' id='block_1_80' title="bbox 1736 3490 3307 3561">
    <p class='ocr_par' dir='ltr' id='par_1_80' title="bbox 1736 3490 3307 3561">
     <span class='ocr_line' id='line_1_80' title="bbox 1736 3490 3307 3561; baseline 0.002 -18"><span class='ocrx_word' id='word_1_657' title='bbox 1736 3506 1834 3543; x_wconf 88' lang='lat' dir='ltr'><strong>nas</strong></span> <span class='ocrx_word' id='word_1_658' title='bbox 1873 3509 1892 3542; x_wconf 74' lang='grc' dir='ltr'><strong>ι</strong></span> <span class='ocrx_word' id='word_1_659' title='bbox 1928 3500 2083 3561; x_wconf 60' lang='lat' dir='ltr'><strong>vocat</strong></span> <span class='ocrx_word' id='word_1_660' title='bbox 2111 3492 2269 3543; x_wconf 89' lang='lat' dir='ltr'><strong>etiam</strong></span> <span class='ocrx_word' id='word_1_661' title='bbox 2302 3490 2523 3545; x_wconf 79' lang='lat' dir='ltr'><strong>Ruﬁnus</strong></span> <span class='ocrx_word' id='word_1_662' title='bbox 2554 3490 2946 3546; x_wconf 72' lang='lat' dir='ltr'><strong>Palaestinusin</strong></span> <span class='ocrx_word' id='word_1_663' title='bbox 2982 3493 3115 3546; x_wconf 87' lang='lat' dir='ltr'><strong>libro</strong></span> <span class='ocrx_word' id='word_1_664' title='bbox 3143 3494 3219 3546; x_wconf 86' lang='lat' dir='ltr'><strong>De</strong></span> <span class='ocrx_word' id='word_1_665' title='bbox 3240 3495 3307 3561; x_wconf 79' lang='lat' dir='ltr'><strong>ﬁ-</strong></span> 
     </span>
    </p>
   </div>
   <div class='ocr_carea' id='block_1_81' title="bbox 1735 3558 3300 3629">
    <p class='ocr_par' dir='ltr' id='par_1_81' title="bbox 1735 3558 3300 3629">
     <span class='ocr_line' id='line_1_81' title="bbox 1735 3558 3300 3629; baseline 0.004 -19"><span class='ocrx_word' id='word_1_666' title='bbox 1735 3563 1797 3612; x_wconf 87' lang='lat' dir='ltr'><strong>de</strong></span> <span class='ocrx_word' id='word_1_667' title='bbox 1831 3576 1978 3613; x_wconf 89' lang='lat' dir='ltr'><strong>nutn.</strong></span> <span class='ocrx_word' id='word_1_668' title='bbox 2007 3558 2099 3613; x_wconf 69' lang='lat'><strong>32.</strong></span> <span class='ocrx_word' id='word_1_669' title='bbox 2128 3563 2378 3629; x_wconf 65' lang='lat' dir='ltr'><strong>Quaenam</strong></span> <span class='ocrx_word' id='word_1_670' title='bbox 2424 3575 2585 3628; x_wconf 88' lang='lat' dir='ltr'><strong>porro</strong></span> <span class='ocrx_word' id='word_1_671' title='bbox 2628 3563 2698 3616; x_wconf 90' lang='lat' dir='ltr'><strong>sit</strong></span> <span class='ocrx_word' id='word_1_672' title='bbox 2746 3563 2797 3614; x_wconf 93' lang='lat' dir='ltr'><strong>in</strong></span> <span class='ocrx_word' id='word_1_673' title='bbox 2837 3560 2959 3629; x_wconf 90' lang='lat' dir='ltr'><strong>jure</strong></span> <span class='ocrx_word' id='word_1_674' title='bbox 3003 3563 3142 3616; x_wconf 89' lang='lat' dir='ltr'><strong>civili</strong></span> <span class='ocrx_word' id='word_1_675' title='bbox 3194 3558 3300 3629; x_wconf 77' lang='lat' dir='ltr'><strong>lex,</strong></span> 
     </span>
    </p>
   </div>
   <div class='ocr_carea' id='block_1_82' title="bbox 1735 3627 3301 3699">
    <p class='ocr_par' dir='ltr' id='par_1_82' title="bbox 1735 3627 3301 3699">
     <span class='ocr_line' id='line_1_82' title="bbox 1735 3627 3301 3699; baseline 0.003 -18"><span class='ocrx_word' id='word_1_676' title='bbox 1735 3646 1891 3696; x_wconf 87' lang='lat' dir='ltr'><strong>quam</strong></span> <span class='ocrx_word' id='word_1_677' title='bbox 1936 3638 2140 3697; x_wconf 87' lang='lat' dir='ltr'><strong>spectet</strong></span> <span class='ocrx_word' id='word_1_678' title='bbox 2174 3627 2441 3699; x_wconf 80' lang='lat' dir='ltr'><strong>Didymus</strong></span> <span class='ocrx_word' id='word_1_679' title='bbox 2479 3630 2656 3683; x_wconf 86' lang='lat' dir='ltr'><strong>verbis</strong></span> <span class='ocrx_word' id='word_1_680' title='bbox 2693 3627 2878 3690; x_wconf 46' lang='lat' dir='ltr'><strong>illisft</strong></span> <span class='ocrx_word' id='word_1_681' title='bbox 2918 3632 2986 3683; x_wconf 92' lang='lat' dir='ltr'><strong>ob</strong></span> <span class='ocrx_word' id='word_1_682' title='bbox 3036 3627 3301 3685; x_wconf 76' lang='lat' dir='ltr'><strong>annorum</strong></span> 
     </span>
    </p>
   </div>
   <div class='ocr_carea' id='block_1_83' title="bbox 1737 3697 3298 3768">
    <p class='ocr_par' dir='ltr' id='par_1_83' title="bbox 1737 3697 3298 3768">
     <span class='ocr_line' id='line_1_83' title="bbox 1737 3697 3298 3768; baseline 0.003 -17"><span class='ocrx_word' id='word_1_683' title='bbox 1737 3714 2017 3752; x_wconf 89' lang='lat' dir='ltr'><strong>numerum</strong></span> <span class='ocrx_word' id='word_1_684' title='bbox 2058 3697 2217 3751; x_wconf 84' lang='lat' dir='ltr'><strong>nimis</strong></span> <span class='ocrx_word' id='word_1_685' title='bbox 2261 3697 2531 3766; x_wconf 82' lang='lat' dir='ltr'><strong>magnum,</strong></span> <span class='ocrx_word' id='word_1_686' title='bbox 2569 3717 2588 3749; x_wconf 73' lang='grc' dir='ltr'><strong>ι</strong></span> <span class='ocrx_word' id='word_1_687' title='bbox 2638 3700 3007 3768; x_wconf 84' lang='lat' dir='ltr'><strong>juriscousulti</strong></span> <span class='ocrx_word' id='word_1_688' title='bbox 3048 3703 3298 3756; x_wconf 87' lang='lat' dir='ltr'><strong>viderint.</strong></span> 
     </span>
    </p>
   </div>
   <div class='ocr_carea' id='block_1_84' title="bbox 1736 3768 3301 3838">
    <p class='ocr_par' dir='ltr' id='par_1_84' title="bbox 1736 3768 3301 3838">
     <span class='ocr_line' id='line_1_84' title="bbox 1736 3768 3301 3838; baseline 0.001 -16"><span class='ocrx_word' id='word_1_689' title='bbox 1736 3768 1859 3822; x_wconf 80' lang='lat' dir='ltr'><strong>Mihi</strong></span> <span class='ocrx_word' id='word_1_690' title='bbox 1890 3768 2017 3822; x_wconf 90' lang='lat' dir='ltr'><strong>illud</strong></span> <span class='ocrx_word' id='word_1_691' title='bbox 2050 3768 2285 3838; x_wconf 85' lang='lat' dir='ltr'><strong>iudicare</strong></span> <span class='ocrx_word' id='word_1_692' title='bbox 2327 3769 2460 3838; x_wconf 87' lang='lat' dir='ltr'><strong>satis</strong></span> <span class='ocrx_word' id='word_1_693' title='bbox 2498 3779 2600 3830; x_wconf 90' lang='lat' dir='ltr'><strong>est,</strong></span> <span class='ocrx_word' id='word_1_694' title='bbox 2640 3770 2780 3838; x_wconf 88' lang='lat' dir='ltr'><strong>quod</strong></span> <span class='ocrx_word' id='word_1_695' title='bbox 2824 3768 3133 3824; x_wconf 82' lang='lat' dir='ltr'><strong>Vincentius</strong></span> <span class='ocrx_word' id='word_1_696' title='bbox 3164 3771 3301 3824; x_wconf 86' lang='lat' dir='ltr'><strong>Gra-</strong></span> 
     </span>
    </p>
   </div>
   <div class='ocr_carea' id='block_1_85' title="bbox 1735 3837 3298 3910">
    <p class='ocr_par' dir='ltr' id='par_1_85' title="bbox 1735 3837 3298 3910">
     <span class='ocr_line' id='line_1_85' title="bbox 1735 3837 3298 3910; baseline 0.004 -22"><span class='ocrx_word' id='word_1_697' title='bbox 1735 3839 1870 3910; x_wconf 26' lang='lat' dir='ltr'><strong>\_&#39;inaA</strong></span> <span class='ocrx_word' id='word_1_698' title='bbox 1895 3839 2049 3910; x_wconf 75' lang='lat' dir='ltr'><strong>docet</strong></span> <span class='ocrx_word' id='word_1_699' title='bbox 2095 3837 2229 3910; x_wconf 81' lang='lat' dir='ltr'><strong>libro</strong></span> <span class='ocrx_word' id='word_1_700' title='bbox 2278 3837 2639 3910; x_wconf 78' lang='lat' dir='ltr'><strong>|t_0riginum</strong></span> <span class='ocrx_word' id='word_1_701' title='bbox 2663 3837 2815 3906; x_wconf 76' lang='lat' dir='ltr'><strong>juris</strong></span> <span class='ocrx_word' id='word_1_702' title='bbox 2850 3841 3013 3891; x_wconf 76' lang='lat' dir='ltr'><strong>ciuilis</strong></span> <span class='ocrx_word' id='word_1_703' title='bbox 3051 3856 3169 3910; x_wconf 89' lang='lat' dir='ltr'><strong>cap.</strong></span> <span class='ocrx_word' id='word_1_704' title='bbox 3208 3844 3298 3895; x_wconf 69' lang='lat'><strong>26.</strong></span> 
     </span>
    </p>
   </div>
   <div class='ocr_carea' id='block_1_86' title="bbox 1735 3905 3302 3977">
    <p class='ocr_par' dir='ltr' id='par_1_86' title="bbox 1735 3905 3302 3977">
     <span class='ocr_line' id='line_1_86' title="bbox 1735 3905 3302 3977; baseline 0.003 -18"><span class='ocrx_word' id='word_1_705' title='bbox 1735 3907 1811 3959; x_wconf 81' lang='lat' dir='ltr'><strong>Ex</strong></span> <span class='ocrx_word' id='word_1_706' title='bbox 1852 3907 1973 3974; x_wconf 89' lang='lat' dir='ltr'><strong>jure</strong></span> <span class='ocrx_word' id='word_1_707' title='bbox 2024 3907 2199 3977; x_wconf 82' lang='lat' dir='ltr'><strong>Attico</strong></span> <span class='ocrx_word' id='word_1_708' title='bbox 2220 3905 2701 3977; x_wconf 36' lang='lat' dir='ltr'><strong>scilicet—poterat</strong></span> <span class='ocrx_word' id='word_1_709' title='bbox 2726 3909 2878 3977; x_wconf 65' lang='lat' dir='ltr'><strong>,filius</strong></span> <span class='ocrx_word' id='word_1_710' title='bbox 2913 3905 3131 3976; x_wconf 60' lang='lat' dir='ltr'><strong>patrem&#39;</strong></span> <span class='ocrx_word' id='word_1_711' title='bbox 3150 3925 3302 3964; x_wconf 85' lang='lat' dir='ltr'><strong>senm</strong></span> 
     </span>
    </p>
   </div>
   <div class='ocr_carea' id='block_1_87' title="bbox 1737 3975 3301 4043">
    <p class='ocr_par' dir='ltr' id='par_1_87' title="bbox 1737 3975 3301 4043">
     <span class='ocr_line' id='line_1_87' title="bbox 1737 3975 3301 4043; baseline 0.003 -14"><span class='ocrx_word' id='word_1_712' title='bbox 1737 3978 2084 4043; x_wconf 85' lang='lat' dir='ltr'><strong>desipientem</strong></span> <span class='ocrx_word' id='word_1_713' title='bbox 2131 3975 2185 4029; x_wconf 92' lang='lat' dir='ltr'><strong>in</strong></span> <span class='ocrx_word' id='word_1_714' title='bbox 2212 3975 2470 4043; x_wconf 84' lang='lat' dir='ltr'><strong>judicium</strong></span> <span class='ocrx_word' id='word_1_715' title='bbox 2507 3975 2733 4041; x_wconf 61' lang='lat' dir='ltr'><strong>vocare,</strong></span> <span class='ocrx_word' id='word_1_716' title='bbox 2758 3988 2815 4032; x_wconf 93' lang='lat' dir='ltr'><strong>ut</strong></span> <span class='ocrx_word' id='word_1_717' title='bbox 2858 3975 2923 4032; x_wconf 83' lang='lat' dir='ltr'><strong>ab</strong></span> <span class='ocrx_word' id='word_1_718' title='bbox 2956 3995 3013 4032; x_wconf 92' lang='lat' dir='ltr'><strong>re</strong></span> <span class='ocrx_word' id='word_1_719' title='bbox 3053 3979 3301 4034; x_wconf 79' lang='lat' dir='ltr'><strong>familiari</strong></span> 
     </span>
    </p>
   </div>
   <div class='ocr_carea' id='block_1_88' title="bbox 1737 4058 2096 4100">
    <p class='ocr_par' dir='ltr' id='par_1_88' title="bbox 1737 4058 2096 4100">
     <span class='ocr_line' id='line_1_88' title="bbox 1737 4058 2096 4100; baseline 0 -1"><span class='ocrx_word' id='word_1_720' title='bbox 1737 4058 2096 4100; x_wconf 86' lang='lat' dir='ltr'><strong>amoveretur.</strong></span> 
     </span>
    </p>
   </div>
   <div class='ocr_carea' id='block_1_89' title="bbox 1829 4107 2811 4181">
    <p class='ocr_par' dir='ltr' id='par_1_89' title="bbox 1829 4107 2811 4181">
     <span class='ocr_line' id='line_1_89' title="bbox 1829 4107 2811 4181; baseline 0.003 -13"><span class='ocrx_word' id='word_1_721' title='bbox 1829 4116 1917 4181; x_wconf 87' lang='lat'><strong>98)</strong></span> <span class='ocrx_word' id='word_1_722' title='bbox 1961 4115 2102 4169; x_wconf 84' lang='lat' dir='ltr'><strong>Non.</strong></span> <span class='ocrx_word' id='word_1_723' title='bbox 2138 4114 2337 4179; x_wconf 75' lang='lat' dir='ltr'><strong>Codex,</strong></span> <span class='ocrx_word' id='word_1_724' title='bbox 2366 4107 2447 4178; x_wconf 76' lang='grc' dir='ltr'><strong>οὗ,</strong></span> <span class='ocrx_word' id='word_1_725' title='bbox 2470 4114 2560 4169; x_wconf 63' lang='lat' dir='ltr'><strong>sed</strong></span> <span class='ocrx_word' id='word_1_726' title='bbox 2589 4115 2704 4181; x_wconf 83' lang='lat' dir='ltr'><strong>lego</strong></span> <span class='ocrx_word' id='word_1_727' title='bbox 2729 4117 2811 4171; x_wconf 80' lang='grc' dir='ltr'><strong>οὐ.</strong></span> 
     </span>
    </p>
   </div>
   <div class='ocr_carea' id='block_1_90' title="bbox 1807 4117 3300 4254">
    <p class='ocr_par' dir='ltr' id='par_1_90' title="bbox 1807 4117 3300 4254">
     <span class='ocr_line' id='line_1_90' title="bbox 1829 4117 2811 4181; baseline 0.003 -13"><span class='ocrx_word' id='word_1_728' title='bbox 1829 4117 1896 4169; x_wconf 85' lang='grc'>98</span> <span class='ocrx_word' id='word_1_729' title='bbox 1961 4117 2102 4169; x_wconf 83' lang='grc' dir='ltr'><strong>Νοη.</strong></span> <span class='ocrx_word' id='word_1_730' title='bbox 2138 4117 2337 4179; x_wconf 75' lang='lat' dir='ltr'><strong>Codex,</strong></span> <span class='ocrx_word' id='word_1_731' title='bbox 2366 4117 2447 4178; x_wconf 79' lang='grc' dir='ltr'><strong>οὖ,</strong></span> <span class='ocrx_word' id='word_1_732' title='bbox 2470 4117 2560 4169; x_wconf 63' lang='lat' dir='ltr'><strong>sed</strong></span> <span class='ocrx_word' id='word_1_733' title='bbox 2589 4117 2704 4181; x_wconf 83' lang='lat' dir='ltr'><strong>lego</strong></span> <span class='ocrx_word' id='word_1_734' title='bbox 2729 4117 2811 4171; x_wconf 80' lang='grc' dir='ltr'><strong>οὐ.</strong></span> 
     </span>
     <span class='ocr_line' id='line_1_91' title="bbox 1807 4117 3300 4254; baseline 0.003 -17"><span class='ocrx_word' id='word_1_735' title='bbox 1807 4117 1918 4254; x_wconf 45' lang='grc'>(99)</span> <span class='ocrx_word' id='word_1_736' title='bbox 1962 4186 2083 4239; x_wconf 83' lang='lat' dir='ltr'><strong>Non</strong></span> <span class='ocrx_word' id='word_1_737' title='bbox 2138 4188 2440 4238; x_wconf 82' lang='lat' dir='ltr'><strong>creduntur.</strong></span> <span class='ocrx_word' id='word_1_738' title='bbox 2514 4184 2822 4239; x_wconf 77' lang='lat' dir='ltr'><strong>Tertulliani</strong></span> <span class='ocrx_word' id='word_1_739' title='bbox 2889 4188 3067 4241; x_wconf 89' lang='lat' dir='ltr'><strong>verbis</strong></span> <span class='ocrx_word' id='word_1_740' title='bbox 3132 4188 3300 4242; x_wconf 88' lang='lat' dir='ltr'><strong>utitur</strong></span> 
     </span>
    </p>
   </div>
   <div class='ocr_carea' id='block_1_91' title="bbox 1738 4257 3298 4326">
    <p class='ocr_par' dir='ltr' id='par_1_91' title="bbox 1738 4257 3298 4326">
     <span class='ocr_line' id='line_1_92' title="bbox 1738 4257 3298 4326; baseline 0.001 -17"><span class='ocrx_word' id='word_1_741' title='bbox 1738 4257 1913 4324; x_wconf 85' lang='lat' dir='ltr'><strong>ipsum</strong></span> <span class='ocrx_word' id='word_1_742' title='bbox 1945 4257 2103 4326; x_wconf 72' lang='lat' dir='ltr'><strong>veluti</strong></span> <span class='ocrx_word' id='word_1_743' title='bbox 2134 4259 2481 4326; x_wconf 74' lang='lat' dir='ltr'><strong>redarguens,</strong></span> <span class='ocrx_word' id='word_1_744' title='bbox 2510 4257 2649 4323; x_wconf 90' lang='lat' dir='ltr'><strong>quod</strong></span> <span class='ocrx_word' id='word_1_745' title='bbox 2686 4257 2916 4311; x_wconf 84' lang='lat' dir='ltr'><strong>infantes</strong></span> <span class='ocrx_word' id='word_1_746' title='bbox 2965 4260 3162 4326; x_wconf 81' lang='lat' dir='ltr'><strong>passim</strong></span> <span class='ocrx_word' id='word_1_747' title='bbox 3199 4260 3298 4313; x_wconf 86' lang='lat' dir='ltr'><strong>ba-</strong></span> 
     </span>
    </p>
   </div>
   <div class='ocr_carea' id='block_1_92' title="bbox 1735 4324 3294 4395">
    <p class='ocr_par' dir='ltr' id='par_1_92' title="bbox 1735 4324 3294 4395">
     <span class='ocr_line' id='line_1_93' title="bbox 1735 4324 3294 4395; baseline 0.003 -17"><span class='ocrx_word' id='word_1_748' title='bbox 1735 4326 1925 4395; x_wconf 85' lang='lat' dir='ltr'><strong>ptizari</strong></span> <span class='ocrx_word' id='word_1_749' title='bbox 1960 4325 2139 4378; x_wconf 82' lang='lat' dir='ltr'><strong>nollet.</strong></span> <span class='ocrx_word' id='word_1_750' title='bbox 2171 4324 2475 4378; x_wconf 41' lang='lat' dir='ltr'><strong>Haec&#39;enim</strong></span> <span class='ocrx_word' id='word_1_751' title='bbox 2520 4326 2734 4392; x_wconf 89' lang='lat' dir='ltr'><strong>scripsit</strong></span> <span class='ocrx_word' id='word_1_752' title='bbox 2777 4327 2827 4379; x_wconf 93' lang='lat' dir='ltr'><strong>in</strong></span> <span class='ocrx_word' id='word_1_753' title='bbox 2875 4324 3008 4381; x_wconf 72' lang='lat' dir='ltr'><strong>libro</strong></span> <span class='ocrx_word' id='word_1_754' title='bbox 3039 4327 3115 4381; x_wconf 80' lang='lat' dir='ltr'><strong>De</strong></span> <span class='ocrx_word' id='word_1_755' title='bbox 3154 4330 3294 4393; x_wconf 80' lang='lat' dir='ltr'><strong>bapl.</strong></span> 
     </span>
    </p>
   </div>
   <div class='ocr_carea' id='block_1_93' title="bbox 1738 4395 3299 4464">
    <p class='ocr_par' dir='ltr' id='par_1_93' title="bbox 1738 4395 3299 4464">
     <span class='ocr_line' id='line_1_94' title="bbox 1738 4395 3299 4464; baseline 0 -15"><span class='ocrx_word' id='word_1_756' title='bbox 1738 4412 1857 4464; x_wconf 86' lang='lat' dir='ltr'><strong>cap.</strong></span> <span class='ocrx_word' id='word_1_757' title='bbox 1890 4396 1977 4450; x_wconf 68' lang='lat'><strong>£8:</strong></span> <span class='ocrx_word' id='word_1_758' title='bbox 2012 4414 2031 4447; x_wconf 80' lang='grc' dir='ltr'><strong>ι</strong></span> <span class='ocrx_word' id='word_1_759' title='bbox 2074 4395 2296 4449; x_wconf 87' lang='lat' dir='ltr'><strong>Veniant</strong></span> <span class='ocrx_word' id='word_1_760' title='bbox 2324 4409 2472 4464; x_wconf 81' lang='lat' dir='ltr'><strong>ergo,</strong></span> <span class='ocrx_word' id='word_1_761' title='bbox 2499 4395 2621 4447; x_wconf 88' lang='lat' dir='ltr'><strong>dum</strong></span> <span class='ocrx_word' id='word_1_762' title='bbox 2651 4397 3026 4453; x_wconf 88' lang='lat' dir='ltr'><strong>adolescunt...</strong></span> <span class='ocrx_word' id='word_1_763' title='bbox 3075 4398 3299 4451; x_wconf 86' lang='lat' dir='ltr'><strong>Cautius</strong></span> 
     </span>
    </p>
   </div>
   <div class='ocr_carea' id='block_1_94' title="bbox 128 4462 3298 4540">
    <p class='ocr_par' dir='ltr' id='par_1_94' title="bbox 128 4462 3298 4540">
     <span class='ocr_line' id='line_1_95' title="bbox 128 4462 3298 4540; baseline 0.002 -26"><span class='ocrx_word' id='word_1_764' title='bbox 128 4462 268 4526; x_wconf 71' lang='lat' dir='ltr'><strong>plebes</strong></span> <span class='ocrx_word' id='word_1_765' title='bbox 296 4486 315 4517; x_wconf 66' lang='grc' dir='ltr'><strong>ι</strong></span> <span class='ocrx_word' id='word_1_766' title='bbox 351 4462 738 4540; x_wconf 47' lang='lat' dir='ltr'><strong>baptizabant;</strong></span> <span class='ocrx_word' id='word_1_767' title='bbox 762 4466 813 4540; x_wconf 86' lang='lat' dir='ltr'><strong>id</strong></span> <span class='ocrx_word' id='word_1_768' title='bbox 841 4465 982 4540; x_wconf 82' lang='lat' dir='ltr'><strong>enim</strong></span> <span class='ocrx_word' id='word_1_769' title='bbox 1031 4464 1081 4540; x_wconf 88' lang='lat' dir='ltr'><strong>in</strong></span> <span class='ocrx_word' id='word_1_770' title='bbox 1123 4462 1382 4540; x_wconf 78' lang='lat' dir='ltr'><strong>Paschate</strong></span> <span class='ocrx_word' id='word_1_771' title='bbox 1416 4468 1635 4530; x_wconf 85' lang='lat' dir='ltr'><strong>potissi-</strong></span> <span class='ocrx_word' id='word_1_772' title='bbox 1667 4471 1711 4526; x_wconf 88' lang='lat' dir='ltr'><strong>D</strong></span> <span class='ocrx_word' id='word_1_773' title='bbox 1740 4462 1926 4535; x_wconf 82' lang='lat' dir='ltr'><strong>agetur</strong></span> <span class='ocrx_word' id='word_1_774' title='bbox 1983 4469 2033 4540; x_wconf 84' lang='lat' dir='ltr'><strong>in</strong></span> <span class='ocrx_word' id='word_1_775' title='bbox 2068 4462 2411 4540; x_wconf 66' lang='lat' dir='ltr'><strong>smcularibus</strong></span> <span class='ocrx_word' id='word_1_776' title='bbox 2444 4478 2458 4516; x_wconf 90' lang='lat'>:</span> <span class='ocrx_word' id='word_1_777' title='bbox 2486 4471 2560 4540; x_wconf 73' lang='lat' dir='ltr'><strong>ut</strong></span> <span class='ocrx_word' id='word_1_778' title='bbox 2604 4466 2687 4517; x_wconf 90' lang='lat' dir='ltr'><strong>cui</strong></span> <span class='ocrx_word' id='word_1_779' title='bbox 2727 4468 3025 4521; x_wconf 87' lang='lat' dir='ltr'><strong>substantia</strong></span> <span class='ocrx_word' id='word_1_780' title='bbox 3084 4476 3298 4521; x_wconf 83' lang='lat' dir='ltr'><strong>terrena</strong></span> 
     </span>
    </p>
   </div>
   <div class='ocr_carea' id='block_1_95' title="bbox 130 4535 1631 4597">
    <p class='ocr_par' dir='ltr' id='par_1_95' title="bbox 130 4535 1631 4597">
     <span class='ocr_line' id='line_1_96' title="bbox 130 4535 1631 4597; baseline 0.007 -20"><span class='ocrx_word' id='word_1_781' title='bbox 130 4544 262 4597; x_wconf 83' lang='lat' dir='ltr'><strong>inuin,</strong></span> <span class='ocrx_word' id='word_1_782' title='bbox 286 4546 333 4591; x_wconf 88' lang='lat' dir='ltr'><strong>et</strong></span> <span class='ocrx_word' id='word_1_783' title='bbox 352 4535 660 4593; x_wconf 76' lang='lat' dir='ltr'><strong>Pentecoste</strong></span> <span class='ocrx_word' id='word_1_784' title='bbox 693 4537 992 4589; x_wconf 77' lang='lat' dir='ltr'><strong>faciendum</strong></span> <span class='ocrx_word' id='word_1_785' title='bbox 1034 4536 1128 4586; x_wconf 80' lang='lat' dir='ltr'><strong>ait.</strong></span> <span class='ocrx_word' id='word_1_786' title='bbox 1167 4535 1416 4587; x_wconf 74' lang='lat' dir='ltr'><strong>Socrates</strong></span> <span class='ocrx_word' id='word_1_787' title='bbox 1446 4547 1631 4587; x_wconf 84' lang='lat' dir='ltr'><strong>contra</strong></span> 
     </span>
    </p>
   </div>
   <div class='ocr_carea' id='block_1_96' title="bbox 129 4598 1636 4677">
    <p class='ocr_par' dir='ltr' id='par_1_96' title="bbox 129 4598 1636 4677">
     <span class='ocr_line' id='line_1_97' title="bbox 129 4598 1636 4677; baseline 0.006 -29"><span class='ocrx_word' id='word_1_788' title='bbox 129 4598 243 4677; x_wconf 77' lang='lat' dir='ltr'><strong>libro</strong></span> <span class='ocrx_word' id='word_1_789' title='bbox 270 4621 313 4670; x_wconf 87' lang='lat' dir='ltr'><strong>v,</strong></span> <span class='ocrx_word' id='word_1_790' title='bbox 348 4624 459 4677; x_wconf 83' lang='lat' dir='ltr'><strong>cap.</strong></span> <span class='ocrx_word' id='word_1_791' title='bbox 505 4608 577 4661; x_wconf 57' lang='lat'><strong>21</strong></span> <span class='ocrx_word' id='word_1_792' title='bbox 606 4625 619 4660; x_wconf 88' lang='lat'><strong>:</strong></span> <span class='ocrx_word' id='word_1_793' title='bbox 659 4625 677 4657; x_wconf 77' lang='grc' dir='ltr'><strong>ι</strong></span> <span class='ocrx_word' id='word_1_794' title='bbox 713 4607 885 4677; x_wconf 82' lang='lat' dir='ltr'><strong>Aliam</strong></span> <span class='ocrx_word' id='word_1_795' title='bbox 930 4619 1142 4677; x_wconf 77' lang='lat' dir='ltr'><strong>quoque</strong></span> <span class='ocrx_word' id='word_1_796' title='bbox 1171 4606 1636 4677; x_wconf 63' lang='lat' dir='ltr'><strong>consuetudinem,</strong></span> 
     </span>
    </p>
   </div>
   <div class='ocr_carea' id='block_1_97' title="bbox 133 4668 1638 4744">
    <p class='ocr_par' dir='ltr' id='par_1_97' title="bbox 133 4668 1638 4744">
     <span class='ocr_line' id='line_1_98' title="bbox 133 4668 1638 4744; baseline 0.003 -21"><span class='ocrx_word' id='word_1_797' title='bbox 133 4668 358 4744; x_wconf 53' lang='lat' dir='ltr'><strong>inquiuin</strong></span> <span class='ocrx_word' id='word_1_798' title='bbox 386 4668 657 4732; x_wconf 73' lang='lat' dir='ltr'><strong>Thessalia</strong></span> <span class='ocrx_word' id='word_1_799' title='bbox 686 4676 806 4729; x_wconf 93' lang='lat' dir='ltr'><strong>novi</strong></span> <span class='ocrx_word' id='word_1_800' title='bbox 837 4668 992 4744; x_wconf 2' lang='lat' dir='ltr'><strong>esse.)</strong></span> <span class='ocrx_word' id='word_1_801' title='bbox 1024 4673 1163 4725; x_wconf 86' lang='lat' dir='ltr'><strong>Solis</strong></span> <span class='ocrx_word' id='word_1_802' title='bbox 1205 4672 1638 4744; x_wconf 80' lang='lat' dir='ltr'><strong>diebusl’ascha:</strong></span> 
     </span>
    </p>
   </div>
   <div class='ocr_carea' id='block_1_98' title="bbox 134 4740 1639 4815">
    <p class='ocr_par' dir='ltr' id='par_1_98' title="bbox 134 4740 1639 4815">
     <span class='ocr_line' id='line_1_99' title="bbox 134 4740 1639 4815; baseline 0.005 -29"><span class='ocrx_word' id='word_1_803' title='bbox 134 4740 213 4815; x_wconf 75' lang='lat' dir='ltr'><strong>illic</strong></span> <span class='ocrx_word' id='word_1_804' title='bbox 233 4744 479 4815; x_wconf 69' lang='lat' dir='ltr'><strong>baptizant</strong></span> <span class='ocrx_word' id='word_1_805' title='bbox 508 4765 525 4801; x_wconf 88' lang='lat'><strong>:</strong></span> <span class='ocrx_word' id='word_1_806' title='bbox 552 4762 615 4800; x_wconf 82' lang='lat' dir='ltr'><strong>ex</strong></span> <span class='ocrx_word' id='word_1_807' title='bbox 639 4763 743 4815; x_wconf 90' lang='lat' dir='ltr'><strong>quo</strong></span> <span class='ocrx_word' id='word_1_808' title='bbox 773 4749 829 4815; x_wconf 72' lang='lat' dir='ltr'><strong>fit</strong></span> <span class='ocrx_word' id='word_1_809' title='bbox 859 4754 917 4815; x_wconf 86' lang='lat' dir='ltr'><strong>ut</strong></span> <span class='ocrx_word' id='word_1_810' title='bbox 945 4742 1185 4809; x_wconf 86' lang='lat' dir='ltr'><strong>plerique</strong></span> <span class='ocrx_word' id='word_1_811' title='bbox 1218 4749 1354 4815; x_wconf 81' lang='lat' dir='ltr'><strong>apud</strong></span> <span class='ocrx_word' id='word_1_812' title='bbox 1384 4743 1500 4815; x_wconf 91' lang='lat' dir='ltr'><strong>illos</strong></span> <span class='ocrx_word' id='word_1_813' title='bbox 1524 4746 1639 4797; x_wconf 84' lang='lat' dir='ltr'><strong>sine</strong></span> 
     </span>
    </p>
   </div>
   <div class='ocr_carea' id='block_1_99' title="bbox 133 4805 1635 4881">
    <p class='ocr_par' dir='ltr' id='par_1_99' title="bbox 133 4805 1635 4881">
     <span class='ocr_line' id='line_1_100' title="bbox 133 4805 1635 4881; baseline 0.002 -18"><span class='ocrx_word' id='word_1_814' title='bbox 133 4805 345 4875; x_wconf 70' lang='lat' dir='ltr'><strong>baplistno</strong></span> <span class='ocrx_word' id='word_1_815' title='bbox 376 4805 687 4872; x_wconf 70' lang='lat' dir='ltr'><strong>moriantur.</strong></span> <span class='ocrx_word' id='word_1_816' title='bbox 725 4834 742 4866; x_wconf 74' lang='grc' dir='ltr'><strong>ι</strong></span> <span class='ocrx_word' id='word_1_817' title='bbox 780 4805 1036 4881; x_wconf 80' lang='lat' dir='ltr'><strong>Didymus</strong></span> <span class='ocrx_word' id='word_1_818' title='bbox 1080 4805 1203 4864; x_wconf 71' lang='lat' dir='ltr'><strong>vero</strong></span> <span class='ocrx_word' id='word_1_819' title='bbox 1247 4805 1635 4866; x_wconf 64' lang='lat' dir='ltr'><strong>Alexzindrino-</strong></span> 
     </span>
    </p>
   </div>
   <div class='ocr_carea' id='block_1_100' title="bbox 138 4882 1634 4953">
    <p class='ocr_par' dir='ltr' id='par_1_100' title="bbox 138 4882 1634 4953">
     <span class='ocr_line' id='line_1_101' title="bbox 138 4882 1634 4953; baseline 0.001 -19"><span class='ocrx_word' id='word_1_820' title='bbox 138 4889 226 4953; x_wconf 59' lang='lat' dir='ltr'><strong>ftml</strong></span> <span class='ocrx_word' id='word_1_821' title='bbox 255 4888 563 4949; x_wconf 74' lang='lat' dir='ltr'><strong>potissimum</strong></span> <span class='ocrx_word' id='word_1_822' title='bbox 599 4882 1213 4953; x_wconf 79' lang='lat' dir='ltr'><strong>disciplinam,_opinor,</strong></span> <span class='ocrx_word' id='word_1_823' title='bbox 1253 4885 1472 4950; x_wconf 80' lang='lat' dir='ltr'><strong>respicit</strong></span> <span class='ocrx_word' id='word_1_824' title='bbox 1514 4900 1634 4936; x_wconf 81' lang='lat' dir='ltr'><strong>Cllill</strong></span> 
     </span>
    </p>
   </div>
   <div class='ocr_carea' id='block_1_101' title="bbox 135 4943 1634 5023">
    <p class='ocr_par' dir='ltr' id='par_1_101' title="bbox 135 4943 1634 5023">
     <span class='ocr_line' id='line_1_102' title="bbox 135 4943 1634 5023; baseline 0.006 -26"><span class='ocrx_word' id='word_1_825' title='bbox 135 4943 217 5023; x_wconf 81' lang='lat' dir='ltr'><strong>i_i_ic,</strong></span> <span class='ocrx_word' id='word_1_826' title='bbox 248 4943 338 5023; x_wconf 78' lang='lat' dir='ltr'><strong>ium</strong></span> <span class='ocrx_word' id='word_1_827' title='bbox 360 4973 519 5023; x_wconf 71' lang='lat' dir='ltr'><strong>segni.</strong></span> <span class='ocrx_word' id='word_1_828' title='bbox 552 4957 619 5009; x_wconf 77' lang='grc'><strong>84</strong></span> <span class='ocrx_word' id='word_1_829' title='bbox 641 4972 671 5007; x_wconf 95' lang='lat' dir='ltr'><strong>a</strong></span> <span class='ocrx_word' id='word_1_830' title='bbox 708 4943 815 5007; x_wconf 52' lang='lat' dir='ltr'><strong>fde</strong></span> <span class='ocrx_word' id='word_1_831' title='bbox 847 4943 953 5020; x_wconf 87' lang='lat' dir='ltr'><strong>qua</strong></span> <span class='ocrx_word' id='word_1_832' title='bbox 978 4943 1295 5023; x_wconf 61' lang='lat' dir='ltr'><strong>Vatislebius</strong></span> <span class='ocrx_word' id='word_1_833' title='bbox 1322 4943 1554 5019; x_wconf 77' lang='lat' dir='ltr'><strong>loquitur</strong></span> <span class='ocrx_word' id='word_1_834' title='bbox 1582 4956 1634 5006; x_wconf 90' lang='lat' dir='ltr'><strong>in</strong></span> 
     </span>
    </p>
   </div>
   <div class='ocr_carea' id='block_1_102' title="bbox 138 5012 1636 5079">
    <p class='ocr_par' dir='ltr' id='par_1_102' title="bbox 138 5012 1636 5079">
     <span class='ocr_line' id='line_1_103' title="bbox 138 5012 1636 5079; baseline 0.009 -19"><span class='ocrx_word' id='word_1_835' title='bbox 138 5012 327 5075; x_wconf 78' lang='lat' dir='ltr'><strong>&quot;maria</strong></span> <span class='ocrx_word' id='word_1_836' title='bbox 352 5012 589 5079; x_wconf 70' lang='lat' dir='ltr'><strong>Ec&#39;c&#39;tesiw</strong></span> <span class='ocrx_word' id='word_1_837' title='bbox 620 5012 986 5077; x_wconf 68' lang='lat' dir='ltr'><strong>Aiexunaiiuw</strong></span> <span class='ocrx_word' id='word_1_838' title='bbox 1010 5019 1212 5075; x_wconf 87' lang='lat' dir='ltr'><strong>Gallico</strong></span> <span class='ocrx_word' id='word_1_839' title='bbox 1238 5012 1487 5074; x_wconf 81' lang='lat' dir='ltr'><strong>sermone</strong></span> <span class='ocrx_word' id='word_1_840' title='bbox 1510 5038 1636 5076; x_wconf 91' lang='lat' dir='ltr'><strong>con-</strong></span> 
     </span>
    </p>
   </div>
   <div class='ocr_carea' id='block_1_103' title="bbox 138 5087 1636 5155">
    <p class='ocr_par' dir='ltr' id='par_1_103' title="bbox 138 5087 1636 5155">
     <span class='ocr_line' id='line_1_104' title="bbox 138 5087 1636 5155; baseline 0.001 -8"><span class='ocrx_word' id='word_1_841' title='bbox 138 5088 311 5155; x_wconf 64' lang='grc' dir='ltr'><strong>Ψὶρία.</strong></span> <span class='ocrx_word' id='word_1_842' title='bbox 352 5106 401 5149; x_wconf 89' lang='lat' dir='ltr'><strong>et</strong></span> <span class='ocrx_word' id='word_1_843' title='bbox 448 5113 588 5148; x_wconf 84' lang='lat' dir='ltr'><strong>anno</strong></span> <span class='ocrx_word' id='word_1_844' title='bbox 631 5094 765 5147; x_wconf 79' lang='grc'>1677</span> <span class='ocrx_word' id='word_1_845' title='bbox 806 5092 1029 5145; x_wconf 81' lang='lat' dir='ltr'><strong>Parisiis</strong></span> <span class='ocrx_word' id='word_1_846' title='bbox 1073 5093 1236 5145; x_wconf 87' lang='lat' dir='ltr'><strong>edita.</strong></span> <span class='ocrx_word' id='word_1_847' title='bbox 1279 5087 1471 5143; x_wconf 88' lang='lat' dir='ltr'><strong>Verum</strong></span> <span class='ocrx_word' id='word_1_848' title='bbox 1500 5098 1636 5148; x_wconf 86' lang='lat' dir='ltr'><strong>scite</strong></span> 
     </span>
    </p>
   </div>
   <div class='ocr_carea' id='block_1_104' title="bbox 138 5148 1633 5228">
    <p class='ocr_par' dir='ltr' id='par_1_104' title="bbox 138 5148 1633 5228">
     <span class='ocr_line' id='line_1_105' title="bbox 138 5148 1633 5228; baseline 0.007 -25"><span class='ocrx_word' id='word_1_849' title='bbox 138 5148 432 5228; x_wconf 52' lang='lat' dir='ltr'><strong>ierinllianus</strong></span> <span class='ocrx_word' id='word_1_850' title='bbox 467 5170 517 5219; x_wconf 88' lang='lat' dir='ltr'><strong>in</strong></span> <span class='ocrx_word' id='word_1_851' title='bbox 545 5165 684 5218; x_wconf 88' lang='lat' dir='ltr'><strong>libro</strong></span> <span class='ocrx_word' id='word_1_852' title='bbox 713 5165 787 5216; x_wconf 77' lang='lat' dir='ltr'><strong>De</strong></span> <span class='ocrx_word' id='word_1_853' title='bbox 817 5163 1069 5224; x_wconf 79' lang='lat' dir='ltr'><strong>baptismo</strong></span> <span class='ocrx_word' id='word_1_854' title='bbox 1100 5174 1219 5228; x_wconf 90' lang='lat' dir='ltr'><strong>cap.</strong></span> <span class='ocrx_word' id='word_1_855' title='bbox 1254 5160 1318 5213; x_wconf 89' lang='grc'><strong>19</strong></span> <span class='ocrx_word' id='word_1_856' title='bbox 1354 5178 1369 5213; x_wconf 86' lang='lat'><strong><em>:</em></strong></span> <span class='ocrx_word' id='word_1_857' title='bbox 1418 5179 1436 5211; x_wconf 78' lang='grc' dir='ltr'><strong>ι</strong></span> <span class='ocrx_word' id='word_1_858' title='bbox 1486 5161 1633 5215; x_wconf 88' lang='lat' dir='ltr'><strong>Diem</strong></span> 
     </span>
    </p>
   </div>
   <div class='ocr_carea' id='block_1_105' title="bbox 137 5216 1637 5304">
    <p class='ocr_par' dir='ltr' id='par_1_105' title="bbox 137 5216 1637 5304">
     <span class='ocr_line' id='line_1_106' title="bbox 137 5216 1637 5304; baseline 0.001 -19"><span class='ocrx_word' id='word_1_859' title='bbox 137 5216 367 5304; x_wconf 50' lang='lat' dir='ltr'><strong>Pityusam,</strong></span> <span class='ocrx_word' id='word_1_860' title='bbox 386 5216 577 5304; x_wconf 78' lang='lat' dir='ltr'><strong>inquit,</strong></span> <span class='ocrx_word' id='word_1_861' title='bbox 600 5216 978 5304; x_wconf 72' lang='lat' dir='ltr'><strong>scietiiuioreiii</strong></span> <span class='ocrx_word' id='word_1_862' title='bbox 1005 5216 1204 5304; x_wconf 61' lang='lat' dir='ltr'><strong>Pasch&#39;a</strong></span> <span class='ocrx_word' id='word_1_863' title='bbox 1229 5240 1513 5304; x_wconf 51' lang='lat' dir='ltr'><strong>praestat...</strong></span> <span class='ocrx_word' id='word_1_864' title='bbox 1542 5248 1637 5286; x_wconf 81' lang='lat' dir='ltr'><strong>ex-</strong></span> 
     </span>
    </p>
   </div>
   <div class='ocr_carea' id='block_1_106' title="bbox 140 5297 1635 5370">
    <p class='ocr_par' dir='ltr' id='par_1_106' title="bbox 140 5297 1635 5370">
     <span class='ocr_line' id='line_1_107' title="bbox 140 5297 1635 5370; baseline 0.003 -21"><span class='ocrx_word' id='word_1_865' title='bbox 140 5299 233 5370; x_wconf 47' lang='lat' dir='ltr'><strong>inde</strong></span> <span class='ocrx_word' id='word_1_866' title='bbox 258 5297 542 5358; x_wconf 74' lang='lat' dir='ltr'><strong>Pentecoste</strong></span> <span class='ocrx_word' id='word_1_867' title='bbox 571 5303 885 5358; x_wconf 85' lang='lat' dir='ltr'><strong>ordinandis</strong></span> <span class='ocrx_word' id='word_1_868' title='bbox 911 5300 1141 5370; x_wconf 82' lang='lat' dir='ltr'><strong>lavacris</strong></span> <span class='ocrx_word' id='word_1_869' title='bbox 1161 5298 1477 5354; x_wconf 90' lang='lat' dir='ltr'><strong>latissimum</strong></span> <span class='ocrx_word' id='word_1_870' title='bbox 1510 5319 1635 5370; x_wconf 86' lang='lat' dir='ltr'><strong>spa-</strong></span> 
     </span>
    </p>
   </div>
   <div class='ocr_carea' id='block_1_107' title="bbox 138 5364 1635 5436">
    <p class='ocr_par' dir='ltr' id='par_1_107' title="bbox 138 5364 1635 5436">
     <span class='ocr_line' id='line_1_108' title="bbox 138 5364 1635 5436; baseline 0.011 -29"><span class='ocrx_word' id='word_1_871' title='bbox 138 5364 382 5436; x_wconf 71' lang='lat' dir='ltr'><strong>ttuinest...</strong></span> <span class='ocrx_word' id='word_1_872' title='bbox 413 5376 670 5428; x_wconf 65' lang='lat' dir='ltr'><strong>Caeterum</strong></span> <span class='ocrx_word' id='word_1_873' title='bbox 709 5372 885 5429; x_wconf 88' lang='lat' dir='ltr'><strong>omnis</strong></span> <span class='ocrx_word' id='word_1_874' title='bbox 916 5372 1031 5423; x_wconf 87' lang='lat' dir='ltr'><strong>dies</strong></span> <span class='ocrx_word' id='word_1_875' title='bbox 1067 5369 1275 5422; x_wconf 83' lang='lat' dir='ltr'><strong>Domini</strong></span> <span class='ocrx_word' id='word_1_876' title='bbox 1312 5382 1414 5436; x_wconf 88' lang='lat' dir='ltr'><strong>est,</strong></span> <span class='ocrx_word' id='word_1_877' title='bbox 1460 5364 1635 5426; x_wconf 44' lang='lat' dir='ltr'><strong>oni-nis</strong></span> 
     </span>
    </p>
   </div>
   <div class='ocr_carea' id='block_1_108' title="bbox 138 5424 1634 5512">
    <p class='ocr_par' dir='ltr' id='par_1_108' title="bbox 138 5424 1634 5512">
     <span class='ocr_line' id='line_1_109' title="bbox 138 5424 1634 5512; baseline 0.009 -33"><span class='ocrx_word' id='word_1_878' title='bbox 138 5424 850 5512; x_wconf 30' lang='lat' dir='ltr'><strong>liora.numeitempushhabile</strong></span> <span class='ocrx_word' id='word_1_879' title='bbox 870 5424 1157 5512; x_wconf 73' lang='lat' dir='ltr'><strong>baptismo.</strong></span> <span class='ocrx_word' id='word_1_880' title='bbox 1201 5457 1220 5489; x_wconf 74' lang='grc' dir='ltr'><strong>ι</strong></span> <span class='ocrx_word' id='word_1_881' title='bbox 1253 5424 1457 5512; x_wconf 79' lang='lat' dir='ltr'><strong>Quibus</strong></span> <span class='ocrx_word' id='word_1_882' title='bbox 1484 5424 1634 5495; x_wconf 59' lang='lat' dir='ltr'><strong>sinu;</strong></span> 
     </span>
    </p>
   </div>
   <div class='ocr_carea' id='block_1_109' title="bbox 139 5496 1630 5580">
    <p class='ocr_par' dir='ltr' id='par_1_109' title="bbox 139 5496 1630 5580">
     <span class='ocr_line' id='line_1_110' title="bbox 139 5496 1630 5580; baseline 0.005 -25"><span class='ocrx_word' id='word_1_883' title='bbox 139 5496 189 5580; x_wconf 61' lang='lat' dir='ltr'><strong>iia</strong></span> <span class='ocrx_word' id='word_1_884' title='bbox 230 5510 364 5580; x_wconf 76' lang='lat' dir='ltr'><strong>tradit</strong></span> <span class='ocrx_word' id='word_1_885' title='bbox 399 5496 723 5567; x_wconf 10' lang='lat' dir='ltr'><strong>8.735silius</strong></span> <span class='ocrx_word' id='word_1_886' title='bbox 761 5496 957 5567; x_wconf 48' lang='lat' dir='ltr'><strong>hom&quot;.-</strong></span> <span class='ocrx_word' id='word_1_887' title='bbox 988 5507 1054 5561; x_wconf 86' lang='lat' dir='ltr'><strong>In</strong></span> <span class='ocrx_word' id='word_1_888' title='bbox 1088 5496 1329 5563; x_wconf 50' lang='lat' dir='ltr'><strong>sancta}:</strong></span> <span class='ocrx_word' id='word_1_889' title='bbox 1375 5509 1630 5580; x_wconf 72' lang='lat' dir='ltr'><strong>baptisma</strong></span> 
     </span>
    </p>
   </div>
   <div class='ocr_carea' id='block_1_110' title="bbox 136 5576 873 5653">
    <p class='ocr_par' dir='ltr' id='par_1_110' title="bbox 136 5576 873 5653">
     <span class='ocr_line' id='line_1_111' title="bbox 136 5576 873 5653; baseline 0.028 -40"><span class='ocrx_word' id='word_1_890' title='bbox 136 5579 256 5653; x_wconf 65' lang='lat' dir='ltr'><strong>nutri1</strong></span> <span class='ocrx_word' id='word_1_891' title='bbox 280 5576 455 5653; x_wconf 78' lang='lat' dir='ltr'><strong>i,_pag.</strong></span> <span class='ocrx_word' id='word_1_892' title='bbox 495 5584 614 5644; x_wconf 79' lang='grc'>114,</span> <span class='ocrx_word' id='word_1_893' title='bbox 651 5595 777 5636; x_wconf 89' lang='lat' dir='ltr'><strong>tom.</strong></span> <span class='ocrx_word' id='word_1_894' title='bbox 814 5582 873 5634; x_wconf 88' lang='lat' dir='ltr'><strong>II.</strong></span> 
     </span>
    </p>
   </div>
   <div class='ocr_carea' id='block_1_111' title="bbox 192 5644 1630 5721">
    <p class='ocr_par' dir='ltr' id='par_1_111' title="bbox 192 5644 1630 5721">
     <span class='ocr_line' id='line_1_112' title="bbox 192 5644 1630 5721; baseline 0.002 -16"><span class='ocrx_word' id='word_1_895' title='bbox 192 5644 369 5721; x_wconf 35' lang='lat'><strong>(939,15.</strong></span> <span class='ocrx_word' id='word_1_896' title='bbox 389 5644 696 5721; x_wconf 54' lang='lat' dir='ltr'><strong>pcrpetuum.</strong></span> <span class='ocrx_word' id='word_1_897' title='bbox 765 5656 867 5704; x_wconf 73' lang='lat' dir='ltr'><strong>Aut</strong></span> <span class='ocrx_word' id='word_1_898' title='bbox 922 5671 940 5701; x_wconf 77' lang='grc' dir='ltr'><strong>ι</strong></span> <span class='ocrx_word' id='word_1_899' title='bbox 977 5651 1157 5703; x_wconf 90' lang='lat' dir='ltr'><strong>divino</strong></span> <span class='ocrx_word' id='word_1_900' title='bbox 1210 5651 1388 5708; x_wconf 83' lang='lat' dir='ltr'><strong>modo.</strong></span> <span class='ocrx_word' id='word_1_901' title='bbox 1427 5671 1444 5703; x_wconf 75' lang='grc' dir='ltr'><strong>ι</strong></span> <span class='ocrx_word' id='word_1_902' title='bbox 1503 5651 1630 5708; x_wconf 75' lang='lat' dir='ltr'><strong>Vide</strong></span> 
     </span>
    </p>
   </div>
   <div class='ocr_carea' id='block_1_112' title="bbox 136 5712 1240 5791">
    <p class='ocr_par' dir='ltr' id='par_1_112' title="bbox 136 5712 1240 5791">
     <span class='ocr_line' id='line_1_113' title="bbox 136 5712 1240 5791; baseline 0.014 -33"><span class='ocrx_word' id='word_1_903' title='bbox 136 5722 222 5762; x_wconf 73' lang='lat' dir='ltr'><strong>aut.</strong></span> <span class='ocrx_word' id='word_1_904' title='bbox 248 5712 321 5779; x_wconf 73' lang='lat'><strong>62,</strong></span> <span class='ocrx_word' id='word_1_905' title='bbox 340 5712 448 5791; x_wconf 70' lang='lat' dir='ltr'><strong>pag.</strong></span> <span class='ocrx_word' id='word_1_906' title='bbox 470 5712 601 5790; x_wconf 54' lang='grc' dir='ltr'><strong>Μ,</strong></span> <span class='ocrx_word' id='word_1_907' title='bbox 624 5735 677 5778; x_wconf 91' lang='lat' dir='ltr'><strong>et</strong></span> <span class='ocrx_word' id='word_1_908' title='bbox 706 5734 816 5778; x_wconf 75' lang='lat' dir='ltr'><strong>aut.</strong></span> <span class='ocrx_word' id='word_1_909' title='bbox 855 5721 939 5786; x_wconf 88' lang='lat'><strong>90,</strong></span> <span class='ocrx_word' id='word_1_910' title='bbox 976 5737 1094 5790; x_wconf 62' lang='lat' dir='ltr'><strong>pag.</strong></span> <span class='ocrx_word' id='word_1_911' title='bbox 1118 5721 1240 5773; x_wconf 72' lang='lat' dir='ltr'><strong>25f.</strong></span> 
     </span>
    </p>
   </div>
   <div class='ocr_carea' id='block_1_113' title="bbox 1742 4534 2700 4596">
    <p class='ocr_par' dir='ltr' id='par_1_113' title="bbox 1742 4534 2700 4596">
     <span class='ocr_line' id='line_1_114' title="bbox 1742 4534 2700 4596; baseline -0.004 -7"><span class='ocrx_word' id='word_1_912' title='bbox 1742 4534 1846 4589; x_wconf 80' lang='lat' dir='ltr'><strong>non</strong></span> <span class='ocrx_word' id='word_1_913' title='bbox 1876 4538 2132 4596; x_wconf 87' lang='lat' dir='ltr'><strong>creditur,</strong></span> <span class='ocrx_word' id='word_1_914' title='bbox 2165 4534 2343 4586; x_wconf 79' lang='lat' dir='ltr'><strong>divina</strong></span> <span class='ocrx_word' id='word_1_915' title='bbox 2371 4536 2640 4587; x_wconf 86' lang='lat' dir='ltr'><strong>credatur.</strong></span> <span class='ocrx_word' id='word_1_916' title='bbox 2682 4553 2700 4585; x_wconf 76' lang='grc' dir='ltr'><strong>ι</strong></span> 
     </span>
    </p>
   </div>
   <div class='ocr_carea' id='block_1_114' title="bbox 1812 4601 3300 4676">
    <p class='ocr_par' dir='ltr' id='par_1_114' title="bbox 1812 4601 3300 4676">
     <span class='ocr_line' id='line_1_115' title="bbox 1812 4601 3300 4676; baseline 0.001 -18"><span class='ocrx_word' id='word_1_917' title='bbox 1812 4607 1888 4676; x_wconf 91' lang='grc'><strong>(1)</strong></span> <span class='ocrx_word' id='word_1_918' title='bbox 1930 4606 2203 4658; x_wconf 74' lang='lat' dir='ltr'><strong>Dominus.</strong></span> <span class='ocrx_word' id='word_1_919' title='bbox 2249 4601 2389 4657; x_wconf 86' lang='lat' dir='ltr'><strong>Psal.</strong></span> <span class='ocrx_word' id='word_1_920' title='bbox 2459 4604 2816 4676; x_wconf 62' lang='lat' dir='ltr'><strong>snt,_vers.l</strong></span> <span class='ocrx_word' id='word_1_921' title='bbox 2870 4613 2923 4658; x_wconf 89' lang='lat' dir='ltr'><strong>et</strong></span> <span class='ocrx_word' id='word_1_922' title='bbox 2961 4604 3016 4658; x_wconf 77' lang='lat'><strong>2.</strong></span> <span class='ocrx_word' id='word_1_923' title='bbox 3060 4604 3300 4660; x_wconf 87' lang='lat' dir='ltr'><strong>lndicare</strong></span> 
     </span>
    </p>
   </div>
   <div class='ocr_carea' id='block_1_115' title="bbox 1740 4673 3299 4744">
    <p class='ocr_par' dir='ltr' id='par_1_115' title="bbox 1740 4673 3299 4744">
     <span class='ocr_line' id='line_1_116' title="bbox 1740 4673 3299 4744; baseline 0.001 -18"><span class='ocrx_word' id='word_1_924' title='bbox 1740 4673 1950 4730; x_wconf 81' lang='lat' dir='ltr'><strong>videtur</strong></span> <span class='ocrx_word' id='word_1_925' title='bbox 1984 4676 2257 4744; x_wconf 88' lang='lat' dir='ltr'><strong>Didymus,</strong></span> <span class='ocrx_word' id='word_1_926' title='bbox 2296 4688 2429 4744; x_wconf 14' lang='lat' dir='ltr'><strong>eam,</strong></span> <span class='ocrx_word' id='word_1_927' title='bbox 2468 4673 2517 4726; x_wconf 94' lang='lat' dir='ltr'><strong>in</strong></span> <span class='ocrx_word' id='word_1_928' title='bbox 2547 4673 2903 4726; x_wconf 79' lang='lat' dir='ltr'><strong>Alexandrina</strong></span> <span class='ocrx_word' id='word_1_929' title='bbox 2950 4689 3164 4742; x_wconf 89' lang='lat' dir='ltr'><strong>quoque</strong></span> <span class='ocrx_word' id='word_1_930' title='bbox 3200 4676 3299 4728; x_wconf 80' lang='lat' dir='ltr'><strong>Ec-</strong></span> 
     </span>
    </p>
   </div>
   <div class='ocr_carea' id='block_1_116' title="bbox 1738 4741 3298 4811">
    <p class='ocr_par' dir='ltr' id='par_1_116' title="bbox 1738 4741 3298 4811">
     <span class='ocr_line' id='line_1_117' title="bbox 1738 4741 3298 4811; baseline -0.002 -13"><span class='ocrx_word' id='word_1_931' title='bbox 1738 4745 1899 4799; x_wconf 88' lang='lat' dir='ltr'><strong>clesia</strong></span> <span class='ocrx_word' id='word_1_932' title='bbox 1931 4741 2367 4799; x_wconf 85' lang='lat' dir='ltr'><strong>consuetudinem</strong></span> <span class='ocrx_word' id='word_1_933' title='bbox 2406 4741 2591 4805; x_wconf 79' lang='lat' dir='ltr'><strong>fuisse,</strong></span> <span class='ocrx_word' id='word_1_934' title='bbox 2638 4754 2694 4795; x_wconf 90' lang='lat' dir='ltr'><strong>nt</strong></span> <span class='ocrx_word' id='word_1_935' title='bbox 2743 4755 3029 4809; x_wconf 78' lang='lat' dir='ltr'><strong>caneretur</strong></span> <span class='ocrx_word' id='word_1_936' title='bbox 3064 4741 3298 4811; x_wconf 63' lang='lat' dir='ltr'><strong>psalmus</strong></span> 
     </span>
    </p>
   </div>
   <div class='ocr_carea' id='block_1_117' title="bbox 1739 4814 3296 4880">
    <p class='ocr_par' dir='ltr' id='par_1_117' title="bbox 1739 4814 3296 4880">
     <span class='ocr_line' id='line_1_118' title="bbox 1739 4814 3296 4880; baseline -0.002 -15"><span class='ocrx_word' id='word_1_937' title='bbox 1739 4817 2028 4870; x_wconf 88' lang='lat' dir='ltr'><strong>vicesimus</strong></span> <span class='ocrx_word' id='word_1_938' title='bbox 2071 4814 2355 4875; x_wconf 89' lang='lat' dir='ltr'><strong>secundus,</strong></span> <span class='ocrx_word' id='word_1_939' title='bbox 2418 4822 2510 4865; x_wconf 88' lang='lat' dir='ltr'><strong>aut</strong></span> <span class='ocrx_word' id='word_1_940' title='bbox 2569 4814 2804 4865; x_wconf 88' lang='lat' dir='ltr'><strong>nonnulli</strong></span> <span class='ocrx_word' id='word_1_941' title='bbox 2863 4814 2976 4880; x_wconf 89' lang='lat' dir='ltr'><strong>ejus</strong></span> <span class='ocrx_word' id='word_1_942' title='bbox 3028 4815 3296 4878; x_wconf 81' lang='lat' dir='ltr'><strong>versiculi,</strong></span> 
     </span>
    </p>
   </div>
   <div class='ocr_carea' id='block_1_118' title="bbox 1741 4883 3300 4953">
    <p class='ocr_par' dir='ltr' id='par_1_118' title="bbox 1741 4883 3300 4953">
     <span class='ocr_line' id='line_1_119' title="bbox 1741 4883 3300 4953; baseline -0.001 -15"><span class='ocrx_word' id='word_1_943' title='bbox 1741 4900 1860 4938; x_wconf 89' lang='lat' dir='ltr'><strong>cum</strong></span> <span class='ocrx_word' id='word_1_944' title='bbox 1895 4884 2147 4953; x_wconf 85' lang='lat' dir='ltr'><strong>baptizati</strong></span> <span class='ocrx_word' id='word_1_945' title='bbox 2198 4897 2228 4953; x_wconf 88' lang='lat' dir='ltr'><strong>e</strong></span> <span class='ocrx_word' id='word_1_946' title='bbox 2278 4898 2431 4937; x_wconf 88' lang='lat' dir='ltr'><strong>sacro</strong></span> <span class='ocrx_word' id='word_1_947' title='bbox 2463 4884 2605 4934; x_wconf 89' lang='lat' dir='ltr'><strong>fonte</strong></span> <span class='ocrx_word' id='word_1_948' title='bbox 2634 4885 2699 4934; x_wconf 90' lang='lat' dir='ltr'><strong>ad</strong></span> <span class='ocrx_word' id='word_1_949' title='bbox 2727 4883 2896 4953; x_wconf 88' lang='lat' dir='ltr'><strong>altare</strong></span> <span class='ocrx_word' id='word_1_950' title='bbox 2923 4899 3128 4936; x_wconf 88' lang='lat' dir='ltr'><strong>sacram</strong></span> <span class='ocrx_word' id='word_1_951' title='bbox 3152 4899 3300 4937; x_wconf 82' lang='lat' dir='ltr'><strong>sum-</strong></span> 
     </span>
    </p>
   </div>
   <div class='ocr_carea' id='block_1_119' title="bbox 1742 4952 3297 5021">
    <p class='ocr_par' dir='ltr' id='par_1_119' title="bbox 1742 4952 3297 5021">
     <span class='ocr_line' id='line_1_120' title="bbox 1742 4952 3297 5021; baseline -0.001 -14"><span class='ocrx_word' id='word_1_952' title='bbox 1742 4956 1883 5021; x_wconf 90' lang='lat' dir='ltr'><strong>pturi</strong></span> <span class='ocrx_word' id='word_1_953' title='bbox 1918 4952 2308 5007; x_wconf 79' lang='lat' dir='ltr'><strong>Eucharistiam</strong></span> <span class='ocrx_word' id='word_1_954' title='bbox 2336 4962 2728 5019; x_wconf 82' lang='lat' dir='ltr'><strong>processerant.</strong></span> <span class='ocrx_word' id='word_1_955' title='bbox 2777 4952 3028 5006; x_wconf 86' lang='lat' dir='ltr'><strong>Eamdem</strong></span> <span class='ocrx_word' id='word_1_956' title='bbox 3069 4968 3297 5006; x_wconf 87' lang='lat' dir='ltr'><strong>consue-</strong></span> 
     </span>
    </p>
   </div>
   <div class='ocr_carea' id='block_1_120' title="bbox 1743 5021 3298 5091">
    <p class='ocr_par' dir='ltr' id='par_1_120' title="bbox 1743 5021 3298 5091">
     <span class='ocr_line' id='line_1_121' title="bbox 1743 5021 3298 5091; baseline 0 -14"><span class='ocrx_word' id='word_1_957' title='bbox 1743 5027 1979 5077; x_wconf 90' lang='lat' dir='ltr'><strong>tudinem</strong></span> <span class='ocrx_word' id='word_1_958' title='bbox 2012 5024 2246 5091; x_wconf 88' lang='lat' dir='ltr'><strong>apertius</strong></span> <span class='ocrx_word' id='word_1_959' title='bbox 2284 5022 2484 5091; x_wconf 87' lang='lat' dir='ltr'><strong>indicat</strong></span> <span class='ocrx_word' id='word_1_960' title='bbox 2527 5021 2582 5074; x_wconf 90' lang='lat' dir='ltr'><strong>S.</strong></span> <span class='ocrx_word' id='word_1_961' title='bbox 2612 5021 2924 5075; x_wconf 88' lang='lat' dir='ltr'><strong>Ambrosius</strong></span> <span class='ocrx_word' id='word_1_962' title='bbox 2964 5025 3013 5074; x_wconf 92' lang='lat' dir='ltr'><strong>in</strong></span> <span class='ocrx_word' id='word_1_963' title='bbox 3058 5023 3191 5075; x_wconf 91' lang='lat' dir='ltr'><strong>libro</strong></span> <span class='ocrx_word' id='word_1_964' title='bbox 3227 5023 3298 5077; x_wconf 83' lang='lat' dir='ltr'><strong>De</strong></span> 
     </span>
    </p>
   </div>
   <div class='ocr_carea' id='block_1_121' title="bbox 1738 5090 3299 5163">
    <p class='ocr_par' dir='ltr' id='par_1_121' title="bbox 1738 5090 3299 5163">
     <span class='ocr_line' id='line_1_122' title="bbox 1738 5090 3299 5163; baseline -0.001 -18"><span class='ocrx_word' id='word_1_965' title='bbox 1738 5094 1996 5163; x_wconf 75' lang='lat' dir='ltr'><strong>mysteriis</strong></span> <span class='ocrx_word' id='word_1_966' title='bbox 2026 5107 2145 5160; x_wconf 83' lang='lat' dir='ltr'><strong>cap.</strong></span> <span class='ocrx_word' id='word_1_967' title='bbox 2176 5093 2227 5144; x_wconf 86' lang='lat'><strong>8.</strong></span> <span class='ocrx_word' id='word_1_968' title='bbox 2263 5109 2280 5141; x_wconf 81' lang='grc' dir='ltr'><strong>ι</strong></span> <span class='ocrx_word' id='word_1_969' title='bbox 2312 5090 2408 5163; x_wconf 78' lang='lat' dir='ltr'><strong>llis</strong></span> <span class='ocrx_word' id='word_1_970' title='bbox 2434 5092 2635 5163; x_wconf 88' lang='lat' dir='ltr'><strong>abluta,</strong></span> <span class='ocrx_word' id='word_1_971' title='bbox 2662 5092 2853 5163; x_wconf 85' lang='lat' dir='ltr'><strong>inquit,</strong></span> <span class='ocrx_word' id='word_1_972' title='bbox 2880 5093 3029 5160; x_wconf 89' lang='lat' dir='ltr'><strong>plebs</strong></span> <span class='ocrx_word' id='word_1_973' title='bbox 3053 5094 3200 5146; x_wconf 87' lang='lat' dir='ltr'><strong>dives</strong></span> <span class='ocrx_word' id='word_1_974' title='bbox 3226 5097 3299 5144; x_wconf 88' lang='lat' dir='ltr'><strong>in-</strong></span> 
     </span>
    </p>
   </div>
   <div class='ocr_carea' id='block_1_122' title="bbox 1736 5161 3298 5233">
    <p class='ocr_par' dir='ltr' id='par_1_122' title="bbox 1736 5161 3298 5233">
     <span class='ocr_line' id='line_1_123' title="bbox 1736 5161 3298 5233; baseline 0.001 -17"><span class='ocrx_word' id='word_1_975' title='bbox 1736 5161 1997 5233; x_wconf 57' lang='lat' dir='ltr'><strong>srénibus,</strong></span> <span class='ocrx_word' id='word_1_976' title='bbox 2030 5164 2096 5213; x_wconf 90' lang='lat' dir='ltr'><strong>ad</strong></span> <span class='ocrx_word' id='word_1_977' title='bbox 2122 5162 2323 5233; x_wconf 79' lang='lat' dir='ltr'><strong>Christi</strong></span> <span class='ocrx_word' id='word_1_978' title='bbox 2358 5162 2625 5233; x_wconf 79' lang='lat' dir='ltr'><strong>contendit</strong></span> <span class='ocrx_word' id='word_1_979' title='bbox 2651 5161 2865 5233; x_wconf 83' lang='lat' dir='ltr'><strong>altaria,</strong></span> <span class='ocrx_word' id='word_1_980' title='bbox 2897 5166 3077 5215; x_wconf 89' lang='lat' dir='ltr'><strong>dicens</strong></span> <span class='ocrx_word' id='word_1_981' title='bbox 3122 5177 3135 5214; x_wconf 91' lang='lat'><strong>:</strong></span> <span class='ocrx_word' id='word_1_982' title='bbox 3179 5182 3195 5212; x_wconf 74' lang='grc' dir='ltr'><strong>ι</strong></span> <span class='ocrx_word' id='word_1_983' title='bbox 3235 5163 3298 5217; x_wconf 75' lang='lat' dir='ltr'><strong>Et</strong></span> 
     </span>
    </p>
   </div>
   <div class='ocr_carea' id='block_1_123' title="bbox 1738 5228 3298 5299">
    <p class='ocr_par' dir='ltr' id='par_1_123' title="bbox 1738 5228 3298 5299">
     <span class='ocr_line' id='line_1_124' title="bbox 1738 5228 3298 5299; baseline -0.001 -12"><span class='ocrx_word' id='word_1_984' title='bbox 1738 5228 1972 5287; x_wconf 57' lang='lat' dir='ltr'><strong>in&#39;troibo</strong></span> <span class='ocrx_word' id='word_1_985' title='bbox 1993 5234 2057 5284; x_wconf 89' lang='lat' dir='ltr'><strong>ad</strong></span> <span class='ocrx_word' id='word_1_986' title='bbox 2084 5232 2251 5283; x_wconf 84' lang='lat' dir='ltr'><strong>altare</strong></span> <span class='ocrx_word' id='word_1_987' title='bbox 2286 5230 2445 5285; x_wconf 89' lang='lat' dir='ltr'><strong>Dei...</strong></span> <span class='ocrx_word' id='word_1_988' title='bbox 2479 5247 2497 5280; x_wconf 69' lang='grc' dir='ltr'><strong>ι</strong></span> <span class='ocrx_word' id='word_1_989' title='bbox 2534 5228 2687 5283; x_wconf 80' lang='lat' dir='ltr'><strong>Venit</strong></span> <span class='ocrx_word' id='word_1_990' title='bbox 2713 5230 2892 5299; x_wconf 77' lang='lat' dir='ltr'><strong>igitur,</strong></span> <span class='ocrx_word' id='word_1_991' title='bbox 2918 5242 2970 5286; x_wconf 91' lang='lat' dir='ltr'><strong>et</strong></span> <span class='ocrx_word' id='word_1_992' title='bbox 3004 5236 3188 5286; x_wconf 88' lang='lat' dir='ltr'><strong>videns</strong></span> <span class='ocrx_word' id='word_1_993' title='bbox 3211 5253 3298 5287; x_wconf 87' lang='lat' dir='ltr'><strong>sa-</strong></span> 
     </span>
    </p>
   </div>
   <div class='ocr_carea' id='block_1_124' title="bbox 1736 5301 3293 5367">
    <p class='ocr_par' dir='ltr' id='par_1_124' title="bbox 1736 5301 3293 5367">
     <span class='ocr_line' id='line_1_125' title="bbox 1736 5301 3293 5367; baseline -0.001 -11"><span class='ocrx_word' id='word_1_994' title='bbox 1736 5312 2075 5356; x_wconf 89' lang='lat' dir='ltr'><strong>crosanctum</strong></span> <span class='ocrx_word' id='word_1_995' title='bbox 2131 5302 2299 5353; x_wconf 88' lang='lat' dir='ltr'><strong>altare</strong></span> <span class='ocrx_word' id='word_1_996' title='bbox 2348 5301 2720 5367; x_wconf 83' lang='lat' dir='ltr'><strong>compositum,</strong></span> <span class='ocrx_word' id='word_1_997' title='bbox 2789 5302 3096 5356; x_wconf 84' lang='lat' dir='ltr'><strong>exclamans</strong></span> <span class='ocrx_word' id='word_1_998' title='bbox 3161 5306 3293 5356; x_wconf 89' lang='lat' dir='ltr'><strong>ait:</strong></span> 
     </span>
    </p>
   </div>
   <div class='ocr_carea' id='block_1_125' title="bbox 1742 5371 3300 5441">
    <p class='ocr_par' dir='ltr' id='par_1_125' title="bbox 1742 5371 3300 5441">
     <span class='ocr_line' id='line_1_126' title="bbox 1742 5371 3300 5441; baseline 0.001 -18"><span class='ocrx_word' id='word_1_999' title='bbox 1742 5393 1760 5423; x_wconf 72' lang='grc' dir='ltr'><strong>ι</strong></span> <span class='ocrx_word' id='word_1_1000' title='bbox 1796 5371 2003 5425; x_wconf 87' lang='lat' dir='ltr'><strong>Parasti</strong></span> <span class='ocrx_word' id='word_1_1001' title='bbox 2029 5373 2079 5424; x_wconf 91' lang='lat' dir='ltr'><strong>in</strong></span> <span class='ocrx_word' id='word_1_1002' title='bbox 2103 5383 2390 5441; x_wconf 83' lang='lat' dir='ltr'><strong>conspecm</strong></span> <span class='ocrx_word' id='word_1_1003' title='bbox 2422 5384 2539 5424; x_wconf 90' lang='lat' dir='ltr'><strong>meo</strong></span> <span class='ocrx_word' id='word_1_1004' title='bbox 2573 5384 2828 5441; x_wconf 83' lang='lat' dir='ltr'><strong>mensam.</strong></span> <span class='ocrx_word' id='word_1_1005' title='bbox 2863 5390 2882 5420; x_wconf 78' lang='grc' dir='ltr'><strong>ι</strong></span> <span class='ocrx_word' id='word_1_1006' title='bbox 2914 5372 3059 5426; x_wconf 90' lang='lat' dir='ltr'><strong>llanc</strong></span> <span class='ocrx_word' id='word_1_1007' title='bbox 3081 5375 3300 5441; x_wconf 69' lang='lat' dir='ltr'><strong>loijnen-</strong></span> 
     </span>
    </p>
   </div>
   <div class='ocr_carea' id='block_1_126' title="bbox 1737 5439 3292 5510">
    <p class='ocr_par' dir='ltr' id='par_1_126' title="bbox 1737 5439 3292 5510">
     <span class='ocr_line' id='line_1_127' title="bbox 1737 5439 3292 5510; baseline -0.002 -15"><span class='ocrx_word' id='word_1_1008' title='bbox 1737 5454 1845 5497; x_wconf 89' lang='lat' dir='ltr'><strong>tem</strong></span> <span class='ocrx_word' id='word_1_1009' title='bbox 1885 5442 2087 5494; x_wconf 90' lang='lat' dir='ltr'><strong>inducit</strong></span> <span class='ocrx_word' id='word_1_1010' title='bbox 2125 5440 2288 5493; x_wconf 89' lang='lat' dir='ltr'><strong>David</strong></span> <span class='ocrx_word' id='word_1_1011' title='bbox 2320 5440 2501 5493; x_wconf 86' lang='lat' dir='ltr'><strong>dicens</strong></span> <span class='ocrx_word' id='word_1_1012' title='bbox 2534 5456 2547 5491; x_wconf 90' lang='lat'><strong>:</strong></span> <span class='ocrx_word' id='word_1_1013' title='bbox 2588 5457 2605 5488; x_wconf 78' lang='grc' dir='ltr'><strong>ι</strong></span> <span class='ocrx_word' id='word_1_1014' title='bbox 2644 5439 2897 5494; x_wconf 87' lang='lat' dir='ltr'><strong>Dominus</strong></span> <span class='ocrx_word' id='word_1_1015' title='bbox 2929 5444 3098 5510; x_wconf 87' lang='lat' dir='ltr'><strong>pascit</strong></span> <span class='ocrx_word' id='word_1_1016' title='bbox 3140 5439 3242 5508; x_wconf 74' lang='lat' dir='ltr'><strong>tite,</strong></span> <span class='ocrx_word' id='word_1_1017' title='bbox 3273 5460 3292 5493; x_wconf 72' lang='grc' dir='ltr'><strong>ι</strong></span> 
     </span>
    </p>
   </div>
   <div class='ocr_carea' id='block_1_127' title="bbox 1735 5510 3295 5578">
    <p class='ocr_par' dir='ltr' id='par_1_127' title="bbox 1735 5510 3295 5578">
     <span class='ocr_line' id='line_1_128' title="bbox 1735 5510 3295 5578; baseline -0.001 -12"><span class='ocrx_word' id='word_1_1018' title='bbox 1735 5522 1841 5566; x_wconf 89' lang='lat' dir='ltr'><strong>etc.</strong></span> <span class='ocrx_word' id='word_1_1019' title='bbox 1876 5511 2006 5575; x_wconf 81' lang='lat' dir='ltr'><strong>lino,</strong></span> <span class='ocrx_word' id='word_1_1020' title='bbox 2048 5520 2105 5563; x_wconf 90' lang='lat' dir='ltr'><strong>ut</strong></span> <span class='ocrx_word' id='word_1_1021' title='bbox 2140 5511 2275 5565; x_wconf 90' lang='lat' dir='ltr'><strong>scite</strong></span> <span class='ocrx_word' id='word_1_1022' title='bbox 2304 5510 2658 5562; x_wconf 88' lang='lat' dir='ltr'><strong>observarunt</strong></span> <span class='ocrx_word' id='word_1_1023' title='bbox 2690 5512 2755 5562; x_wconf 90' lang='lat' dir='ltr'><strong>ad</strong></span> <span class='ocrx_word' id='word_1_1024' title='bbox 2796 5524 2913 5562; x_wconf 90' lang='lat' dir='ltr'><strong>eum</strong></span> <span class='ocrx_word' id='word_1_1025' title='bbox 2955 5511 3127 5564; x_wconf 86' lang='lat' dir='ltr'><strong>locum</strong></span> <span class='ocrx_word' id='word_1_1026' title='bbox 3172 5523 3295 5578; x_wconf 79' lang='lat' dir='ltr'><strong>pag.</strong></span> 
     </span>
    </p>
   </div>
   <div class='ocr_carea' id='block_1_128' title="bbox 1736 5580 3299 5652">
    <p class='ocr_par' dir='ltr' id='par_1_128' title="bbox 1736 5580 3299 5652">
     <span class='ocr_line' id='line_1_129' title="bbox 1736 5580 3299 5652; baseline -0.004 -17"><span class='ocrx_word' id='word_1_1027' title='bbox 1736 5582 1860 5647; x_wconf 82' lang='grc'><strong>556,</strong></span> <span class='ocrx_word' id='word_1_1028' title='bbox 1915 5580 2142 5652; x_wconf 68' lang='lat' dir='ltr'><strong>Mauriui</strong></span> <span class='ocrx_word' id='word_1_1029' title='bbox 2199 5580 2467 5652; x_wconf 75' lang='lat' dir='ltr'><strong>monachi,</strong></span> <span class='ocrx_word' id='word_1_1030' title='bbox 2514 5580 2830 5652; x_wconf 76' lang='lat' dir='ltr'><strong>Ambrosius</strong></span> <span class='ocrx_word' id='word_1_1031' title='bbox 2881 5582 3090 5648; x_wconf 84' lang='lat' dir='ltr'><strong>quoties</strong></span> <span class='ocrx_word' id='word_1_1032' title='bbox 3132 5594 3299 5649; x_wconf 64' lang='lat' dir='ltr'><strong>sacrae</strong></span> 
     </span>
    </p>
   </div>
   <div class='ocr_carea' id='block_1_129' title="bbox 1736 5648 3299 5717">
    <p class='ocr_par' dir='ltr' id='par_1_129' title="bbox 1736 5648 3299 5717">
     <span class='ocr_line' id='line_1_130' title="bbox 1736 5648 3299 5717; baseline -0.001 -12"><span class='ocrx_word' id='word_1_1033' title='bbox 1736 5648 2086 5708; x_wconf 76' lang='lat' dir='ltr'><strong>Eucharistize</strong></span> <span class='ocrx_word' id='word_1_1034' title='bbox 2123 5648 2384 5715; x_wconf 86' lang='lat' dir='ltr'><strong>meminit,</strong></span> <span class='ocrx_word' id='word_1_1035' title='bbox 2415 5651 2554 5704; x_wconf 85' lang='lat' dir='ltr'><strong>hunc</strong></span> <span class='ocrx_word' id='word_1_1036' title='bbox 2584 5649 2741 5703; x_wconf 87' lang='lat' dir='ltr'><strong>etiam</strong></span> <span class='ocrx_word' id='word_1_1037' title='bbox 2777 5654 3037 5717; x_wconf 72' lang='lat' dir='ltr'><strong>psahnutn</strong></span> <span class='ocrx_word' id='word_1_1038' title='bbox 3066 5664 3299 5703; x_wconf 82' lang='lat' dir='ltr'><strong>comme—</strong></span> 
     </span>
    </p>
   </div>
   <div class='ocr_carea' id='block_1_130' title="bbox 1736 5732 1927 5776">
    <p class='ocr_par' dir='ltr' id='par_1_130' title="bbox 1736 5732 1927 5776">
     <span class='ocr_line' id='line_1_131' title="bbox 1736 5732 1927 5776; baseline -0.01 -1"><span class='ocrx_word' id='word_1_1039' title='bbox 1736 5732 1927 5776; x_wconf 82' lang='lat' dir='ltr'><strong>litorat.</strong></span> 
     </span>
    </p>
   </div>
  </div>
