  <div class='ocr_page' id='page_1' title='image "/cluster/home/n/w/nwhite01/storage/ocr_20150623/39/hvd.32044019207778/363.png"; bbox 0 0 3676 6306; ppageno 0'>
   <div class='ocr_carea' id='block_1_1' title="bbox 420 274 520 331">
    <p class='ocr_par' dir='ltr' id='par_1_1' title="bbox 420 274 520 331">
     <span class='ocr_line' id='line_1_1' title="bbox 420 274 520 331; baseline 0.04 -4"><span class='ocrx_word' id='word_1_1' title='bbox 420 274 520 331; x_wconf 74' lang='grc'><strong>7³1</strong></span> 
     </span>
    </p>
   </div>
   <div class='ocr_carea' id='block_1_2' title="bbox 420 389 1879 461">
    <p class='ocr_par' dir='ltr' id='par_1_2' title="bbox 420 389 1879 461">
     <span class='ocr_line' id='line_1_2' title="bbox 420 389 1879 461; baseline -0.003 -17"><span class='ocrx_word' id='word_1_2' title='bbox 420 391 499 461; x_wconf 73' lang='grc'><strong>(2)</strong></span> <span class='ocrx_word' id='word_1_3' title='bbox 540 391 591 446; x_wconf 92' lang='lat' dir='ltr'><strong>in</strong></span> <span class='ocrx_word' id='word_1_4' title='bbox 638 398 925 459; x_wconf 89' lang='lat' dir='ltr'><strong>conspectu</strong></span> <span class='ocrx_word' id='word_1_5' title='bbox 975 403 1096 443; x_wconf 90' lang='lat' dir='ltr'><strong>meo</strong></span> <span class='ocrx_word' id='word_1_6' title='bbox 1164 402 1404 442; x_wconf 87' lang='lat' dir='ltr'><strong>mensam</strong></span> <span class='ocrx_word' id='word_1_7' title='bbox 1455 389 1717 441; x_wconf 81' lang='lat' dir='ltr'><strong>adversus</strong></span> <span class='ocrx_word' id='word_1_8' title='bbox 1764 402 1879 451; x_wconf 90' lang='lat' dir='ltr'><strong>eos,</strong></span> 
     </span>
    </p>
   </div>
   <div class='ocr_carea' id='block_1_3' title="bbox 1654 269 3619 327">
    <p class='ocr_par' dir='ltr' id='par_1_3' title="bbox 1654 269 3619 327">
     <span class='ocr_line' id='line_1_3' title="bbox 1654 269 3619 327; baseline -0.001 -2"><span class='ocrx_word' id='word_1_9' title='bbox 1654 269 1884 325; x_wconf 80' lang='lat' dir='ltr'><strong>DlDYMl</strong></span> <span class='ocrx_word' id='word_1_10' title='bbox 1925 270 2389 327; x_wconf 73' lang='lat' dir='ltr'><strong>ALEXANDIUNI</strong></span> <span class='ocrx_word' id='word_1_11' title='bbox 3532 270 3619 325; x_wconf 66' lang='lat'><strong>713</strong></span> 
     </span>
    </p>
   </div>
   <div class='ocr_carea' id='block_1_4' title="bbox 1958 379 3619 456">
    <p class='ocr_par' dir='ltr' id='par_1_4' title="bbox 1958 379 3619 456">
     <span class='ocr_line' id='line_1_4' title="bbox 1958 379 3619 456; baseline -0.001 -17"><span class='ocrx_word' id='word_1_12' title='bbox 1958 388 2047 455; x_wconf 91' lang='lat' dir='ltr'><strong>qui</strong></span> <span class='ocrx_word' id='word_1_13' title='bbox 2092 386 2346 440; x_wconf 79' lang='lat' dir='ltr'><strong>tribulant</strong></span> <span class='ocrx_word' id='word_1_14' title='bbox 2423 384 2584 456; x_wconf 67' lang='grc'><strong>274</strong></span> <span class='ocrx_word' id='word_1_15' title='bbox 2638 400 2741 438; x_wconf 89' lang='lat' dir='ltr'><strong>me.</strong></span> <span class='ocrx_word' id='word_1_16' title='bbox 2816 382 3160 453; x_wconf 87' lang='lat' dir='ltr'><strong>lmpinguasti</strong></span> <span class='ocrx_word' id='word_1_17' title='bbox 3213 381 3269 435; x_wconf 90' lang='lat' dir='ltr'><strong>in</strong></span> <span class='ocrx_word' id='word_1_18' title='bbox 3326 379 3442 443; x_wconf 83' lang='lat' dir='ltr'><strong>oleo</strong></span> <span class='ocrx_word' id='word_1_19' title='bbox 3491 397 3619 450; x_wconf 82' lang='lat' dir='ltr'><strong>caput</strong></span> 
     </span>
    </p>
   </div>
   <div class='ocr_carea' id='block_1_5' title="bbox 422 481 2199 553">
    <p class='ocr_par' dir='ltr' id='par_1_5' title="bbox 422 481 2199 553">
     <span class='ocr_line' id='line_1_5' title="bbox 422 481 2199 553; baseline -0.004 -11"><span class='ocrx_word' id='word_1_20' title='bbox 422 502 620 551; x_wconf 85' lang='lat' dir='ltr'><strong>meum,</strong></span> <span class='ocrx_word' id='word_1_21' title='bbox 660 495 711 539; x_wconf 88' lang='lat' dir='ltr'><strong>et</strong></span> <span class='ocrx_word' id='word_1_22' title='bbox 742 485 988 553; x_wconf 84' lang='lat' dir='ltr'><strong>poculum</strong></span> <span class='ocrx_word' id='word_1_23' title='bbox 1026 494 1172 536; x_wconf 92' lang='lat' dir='ltr'><strong>tuum</strong></span> <span class='ocrx_word' id='word_1_24' title='bbox 1232 483 1505 538; x_wconf 91' lang='lat' dir='ltr'><strong>inebrians</strong></span> <span class='ocrx_word' id='word_1_25' title='bbox 1538 496 1625 536; x_wconf 88' lang='lat' dir='ltr'><strong>me</strong></span> <span class='ocrx_word' id='word_1_26' title='bbox 1662 497 1822 551; x_wconf 88' lang='lat' dir='ltr'><strong>quam</strong></span> <span class='ocrx_word' id='word_1_27' title='bbox 1853 481 2139 548; x_wconf 87' lang='lat' dir='ltr'><strong>optimum.</strong></span> <span class='ocrx_word' id='word_1_28' title='bbox 2178 500 2199 534; x_wconf 73' lang='grc' dir='ltr'><strong>ι</strong></span> 
     </span>
    </p>
   </div>
   <div class='ocr_carea' id='block_1_6' title="bbox 494 568 1991 646">
    <p class='ocr_par' dir='ltr' id='par_1_6' title="bbox 494 571 1985 645">
     <span class='ocr_line' id='line_1_6' title="bbox 494 571 1985 645; baseline -0.005 -14"><span class='ocrx_word' id='word_1_29' title='bbox 494 578 613 645; x_wconf 87' lang='lat' dir='ltr'><strong>Ipse</strong></span> <span class='ocrx_word' id='word_1_30' title='bbox 646 591 774 629; x_wconf 86' lang='lat' dir='ltr'><strong>vero</strong></span> <span class='ocrx_word' id='word_1_31' title='bbox 812 578 1053 645; x_wconf 77' lang='lat' dir='ltr'><strong>angelus,</strong></span> <span class='ocrx_word' id='word_1_32' title='bbox 1081 575 1171 642; x_wconf 86' lang='lat' dir='ltr'><strong>qui</strong></span> <span class='ocrx_word' id='word_1_33' title='bbox 1203 589 1396 642; x_wconf 80' lang='lat' dir='ltr'><strong>aquam</strong></span> <span class='ocrx_word' id='word_1_34' title='bbox 1434 571 1708 635; x_wconf 90' lang='lat' dir='ltr'><strong>turbabat,</strong></span> <span class='ocrx_word' id='word_1_35' title='bbox 1743 585 1985 640; x_wconf 56' lang='lat' dir='ltr'><strong>praeur-</strong></span> 
     </span>
    </p>
   </div>
   <div class='ocr_carea' id='block_1_7' title="bbox 2156 568 3621 646">
    <p class='ocr_par' dir='ltr' id='par_1_7' title="bbox 2159 568 3621 639">
     <span class='ocr_line' id='line_1_7' title="bbox 2159 568 3621 639; baseline -0.001 -16"><span class='ocrx_word' id='word_1_36' title='bbox 2159 572 2267 623; x_wconf 73' lang='grc' dir='ltr'>Καὶ</span> <span class='ocrx_word' id='word_1_37' title='bbox 2299 570 2459 633; x_wconf 72' lang='grc' dir='ltr'>αὐτὸς</span> <span class='ocrx_word' id='word_1_38' title='bbox 2488 570 2543 623; x_wconf 78' lang='grc' dir='ltr'>δὲ</span> <span class='ocrx_word' id='word_1_39' title='bbox 2573 572 2599 622; x_wconf 83' lang='grc' dir='ltr'>ὁ</span> <span class='ocrx_word' id='word_1_40' title='bbox 2632 568 2859 637; x_wconf 75' lang='grc' dir='ltr'>ἅγγελος</span> <span class='ocrx_word' id='word_1_41' title='bbox 2886 570 2913 621; x_wconf 82' lang='grc' dir='ltr'>ὁ</span> <span class='ocrx_word' id='word_1_42' title='bbox 2934 569 2994 621; x_wconf 75' lang='grc' dir='ltr'><strong>τὸ</strong></span> <span class='ocrx_word' id='word_1_43' title='bbox 3024 569 3168 639; x_wconf 75' lang='grc' dir='ltr'>ὕδωρ</span> <span class='ocrx_word' id='word_1_44' title='bbox 3193 568 3491 638; x_wconf 80' lang='grc' dir='ltr'>ταράσσων,</span> <span class='ocrx_word' id='word_1_45' title='bbox 3518 572 3621 639; x_wconf 68' lang='grc' dir='ltr'>πρό-</span> 
     </span>
    </p>
   </div>
   <div class='ocr_carea' id='block_1_8' title="bbox 424 661 1993 739">
    <p class='ocr_par' dir='ltr' id='par_1_8' title="bbox 424 661 1993 739">
     <span class='ocr_line' id='line_1_8' title="bbox 424 661 1993 739; baseline -0.008 -11"><span class='ocrx_word' id='word_1_46' title='bbox 424 688 513 729; x_wconf 88' lang='lat' dir='ltr'><strong>sor</strong></span> <span class='ocrx_word' id='word_1_47' title='bbox 536 678 651 724; x_wconf 87' lang='lat' dir='ltr'><strong>erat</strong></span> <span class='ocrx_word' id='word_1_48' title='bbox 691 669 923 739; x_wconf 91' lang='lat' dir='ltr'><strong>Spiritus</strong></span> <span class='ocrx_word' id='word_1_49' title='bbox 958 667 1159 731; x_wconf 90' lang='lat' dir='ltr'><strong>sancti;</strong></span> <span class='ocrx_word' id='word_1_50' title='bbox 1212 676 1372 733; x_wconf 90' lang='lat' dir='ltr'><strong>atque</strong></span> <span class='ocrx_word' id='word_1_51' title='bbox 1431 664 1495 715; x_wconf 90' lang='lat' dir='ltr'><strong>ad</strong></span> <span class='ocrx_word' id='word_1_52' title='bbox 1531 662 1647 731; x_wconf 85' lang='lat' dir='ltr'><strong>ejus</strong></span> <span class='ocrx_word' id='word_1_53' title='bbox 1696 661 1869 731; x_wconf 79' lang='lat' dir='ltr'><strong>angeli</strong></span> <span class='ocrx_word' id='word_1_54' title='bbox 1919 662 1993 716; x_wconf 87' lang='lat' dir='ltr'><strong>si-</strong></span> 
     </span>
    </p>
   </div>
   <div class='ocr_carea' id='block_1_9' title="bbox 422 755 1994 826">
    <p class='ocr_par' dir='ltr' id='par_1_9' title="bbox 422 755 1994 826">
     <span class='ocr_line' id='line_1_9' title="bbox 422 755 1994 826; baseline -0.009 -7"><span class='ocrx_word' id='word_1_55' title='bbox 422 761 780 819; x_wconf 84' lang='lat' dir='ltr'><strong>militudinem</strong></span> <span class='ocrx_word' id='word_1_56' title='bbox 815 759 1053 814; x_wconf 80' lang='lat' dir='ltr'><strong>Joannes</strong></span> <span class='ocrx_word' id='word_1_57' title='bbox 1080 768 1133 813; x_wconf 88' lang='lat' dir='ltr'><strong>et</strong></span> <span class='ocrx_word' id='word_1_58' title='bbox 1166 757 1389 826; x_wconf 84' lang='lat' dir='ltr'><strong>angelus</strong></span> <span class='ocrx_word' id='word_1_59' title='bbox 1426 755 1633 809; x_wconf 87' lang='lat' dir='ltr'><strong>Domini</strong></span> <span class='ocrx_word' id='word_1_60' title='bbox 1667 755 1745 822; x_wconf 78' lang='lat'><strong>(3)</strong></span> <span class='ocrx_word' id='word_1_61' title='bbox 1775 766 1994 810; x_wconf 84' lang='lat' dir='ltr'><strong>vocatus</strong></span> 
     </span>
    </p>
   </div>
   <div class='ocr_carea' id='block_1_10' title="bbox 423 845 1994 922">
    <p class='ocr_par' dir='ltr' id='par_1_10' title="bbox 423 845 1994 922">
     <span class='ocr_line' id='line_1_10' title="bbox 423 845 1994 922; baseline -0.008 -9"><span class='ocrx_word' id='word_1_62' title='bbox 423 869 527 922; x_wconf 89' lang='lat' dir='ltr'><strong>cst,</strong></span> <span class='ocrx_word' id='word_1_63' title='bbox 556 868 610 910; x_wconf 93' lang='lat' dir='ltr'><strong>et</strong></span> <span class='ocrx_word' id='word_1_64' title='bbox 639 867 939 922; x_wconf 72' lang='lat' dir='ltr'><strong>prarcursor</strong></span> <span class='ocrx_word' id='word_1_65' title='bbox 976 850 1184 904; x_wconf 84' lang='lat' dir='ltr'><strong>Domini</strong></span> <span class='ocrx_word' id='word_1_66' title='bbox 1216 849 1293 918; x_wconf 72' lang='grc'><strong>(4)</strong></span> <span class='ocrx_word' id='word_1_67' title='bbox 1326 847 1499 902; x_wconf 78' lang='lat' dir='ltr'><strong>factus</strong></span> <span class='ocrx_word' id='word_1_68' title='bbox 1534 845 1651 911; x_wconf 89' lang='lat' dir='ltr'><strong>fuit,</strong></span> <span class='ocrx_word' id='word_1_69' title='bbox 1682 847 1811 900; x_wconf 88' lang='lat' dir='ltr'><strong>etin</strong></span> <span class='ocrx_word' id='word_1_70' title='bbox 1839 849 1994 914; x_wconf 88' lang='lat' dir='ltr'><strong>aquis</strong></span> 
     </span>
    </p>
   </div>
   <div class='ocr_carea' id='block_1_11' title="bbox 425 940 1991 1019">
    <p class='ocr_par' dir='ltr' id='par_1_11' title="bbox 425 940 1991 1019">
     <span class='ocr_line' id='line_1_11' title="bbox 425 940 1991 1019; baseline -0.008 -16"><span class='ocrx_word' id='word_1_71' title='bbox 425 951 734 1019; x_wconf 71' lang='lat' dir='ltr'><strong>baptizavit.</strong></span> <span class='ocrx_word' id='word_1_72' title='bbox 770 946 1014 1000; x_wconf 88' lang='lat' dir='ltr'><strong>Chrisma</strong></span> <span class='ocrx_word' id='word_1_73' title='bbox 1052 944 1129 1012; x_wconf 82' lang='grc'><strong>(5)</strong></span> <span class='ocrx_word' id='word_1_74' title='bbox 1178 956 1326 1004; x_wconf 86' lang='lat' dir='ltr'><strong>vero,</strong></span> <span class='ocrx_word' id='word_1_75' title='bbox 1361 954 1468 1009; x_wconf 90' lang='lat' dir='ltr'><strong>quo</strong></span> <span class='ocrx_word' id='word_1_76' title='bbox 1511 940 1656 993; x_wconf 93' lang='lat' dir='ltr'><strong>uncti</strong></span> <span class='ocrx_word' id='word_1_77' title='bbox 1709 948 1835 992; x_wconf 90' lang='lat' dir='ltr'><strong>sunt</strong></span> <span class='ocrx_word' id='word_1_78' title='bbox 1870 954 1991 991; x_wconf 90' lang='lat' dir='ltr'><strong>cum</strong></span> 
     </span>
    </p>
   </div>
   <div class='ocr_carea' id='block_1_12' title="bbox 427 1029 1995 1102">
    <p class='ocr_par' dir='ltr' id='par_1_12' title="bbox 427 1029 1995 1102">
     <span class='ocr_line' id='line_1_12' title="bbox 427 1029 1995 1102; baseline -0.006 -10"><span class='ocrx_word' id='word_1_79' title='bbox 427 1043 606 1094; x_wconf 81' lang='lat' dir='ltr'><strong>Aaron</strong></span> <span class='ocrx_word' id='word_1_80' title='bbox 656 1053 684 1090; x_wconf 91' lang='lat' dir='ltr'><strong>a</strong></span> <span class='ocrx_word' id='word_1_81' title='bbox 733 1035 897 1100; x_wconf 85' lang='lat' dir='ltr'><strong>Mose,</strong></span> <span class='ocrx_word' id='word_1_82' title='bbox 937 1044 1045 1086; x_wconf 94' lang='lat' dir='ltr'><strong>tum</strong></span> <span class='ocrx_word' id='word_1_83' title='bbox 1093 1042 1354 1102; x_wconf 69' lang='lat' dir='ltr'><strong>praeterea</strong></span> <span class='ocrx_word' id='word_1_84' title='bbox 1388 1045 1578 1085; x_wconf 90' lang='lat' dir='ltr'><strong>omnes</strong></span> <span class='ocrx_word' id='word_1_85' title='bbox 1617 1030 1799 1092; x_wconf 90' lang='lat' dir='ltr'><strong>etiam,</strong></span> <span class='ocrx_word' id='word_1_86' title='bbox 1841 1029 1928 1097; x_wconf 91' lang='lat' dir='ltr'><strong>qui</strong></span> <span class='ocrx_word' id='word_1_87' title='bbox 1965 1044 1995 1083; x_wconf 93' lang='lat' dir='ltr'><strong>e</strong></span> 
     </span>
    </p>
   </div>
   <div class='ocr_carea' id='block_1_13' title="bbox 427 1121 1995 1193">
    <p class='ocr_par' dir='ltr' id='par_1_13' title="bbox 427 1121 1995 1193">
     <span class='ocr_line' id='line_1_13' title="bbox 427 1121 1995 1193; baseline -0.008 -9"><span class='ocrx_word' id='word_1_88' title='bbox 427 1128 745 1184; x_wconf 87' lang='lat' dir='ltr'><strong>sacerdotali</strong></span> <span class='ocrx_word' id='word_1_89' title='bbox 777 1142 942 1180; x_wconf 91' lang='lat' dir='ltr'><strong>cornu</strong></span> <span class='ocrx_word' id='word_1_90' title='bbox 988 1124 1068 1193; x_wconf 81' lang='lat'><strong>(6)</strong></span> <span class='ocrx_word' id='word_1_91' title='bbox 1106 1124 1465 1191; x_wconf 86' lang='lat' dir='ltr'><strong>ungcbantur,</strong></span> <span class='ocrx_word' id='word_1_92' title='bbox 1499 1122 1697 1189; x_wconf 88' lang='lat' dir='ltr'><strong>quique</strong></span> <span class='ocrx_word' id='word_1_93' title='bbox 1733 1135 1800 1173; x_wconf 78' lang='lat' dir='ltr'><strong>ex</strong></span> <span class='ocrx_word' id='word_1_94' title='bbox 1850 1121 1995 1173; x_wconf 87' lang='lat' dir='ltr'><strong>chri-</strong></span> 
     </span>
    </p>
   </div>
   <div class='ocr_carea' id='block_1_14' title="bbox 427 1210 1993 1286">
    <p class='ocr_par' dir='ltr' id='par_1_14' title="bbox 427 1210 1993 1286">
     <span class='ocr_line' id='line_1_14' title="bbox 427 1210 1993 1286; baseline -0.008 -12"><span class='ocrx_word' id='word_1_95' title='bbox 427 1231 600 1275; x_wconf 86' lang='lat' dir='ltr'><strong>smate</strong></span> <span class='ocrx_word' id='word_1_96' title='bbox 653 1218 836 1272; x_wconf 89' lang='lat' dir='ltr'><strong>christi</strong></span> <span class='ocrx_word' id='word_1_97' title='bbox 879 1216 976 1286; x_wconf 83' lang='lat'><strong>(7),</strong></span> <span class='ocrx_word' id='word_1_98' title='bbox 1018 1215 1069 1268; x_wconf 91' lang='lat' dir='ltr'><strong>id</strong></span> <span class='ocrx_word' id='word_1_99' title='bbox 1135 1222 1217 1267; x_wconf 85' lang='lat' dir='ltr'><strong>est</strong></span> <span class='ocrx_word' id='word_1_100' title='bbox 1256 1212 1423 1271; x_wconf 85' lang='lat' dir='ltr'><strong>uncti,</strong></span> <span class='ocrx_word' id='word_1_101' title='bbox 1480 1210 1806 1264; x_wconf 87' lang='lat' dir='ltr'><strong>denominati</strong></span> <span class='ocrx_word' id='word_1_102' title='bbox 1851 1218 1993 1272; x_wconf 90' lang='lat' dir='ltr'><strong>sunt,</strong></span> 
     </span>
    </p>
   </div>
   <div class='ocr_carea' id='block_1_15' title="bbox 432 1302 1996 1381">
    <p class='ocr_par' dir='ltr' id='par_1_15' title="bbox 432 1302 1996 1381">
     <span class='ocr_line' id='line_1_15' title="bbox 432 1302 1996 1381; baseline -0.005 -18"><span class='ocrx_word' id='word_1_103' title='bbox 432 1323 613 1381; x_wconf 81' lang='lat' dir='ltr'><strong>typum</strong></span> <span class='ocrx_word' id='word_1_104' title='bbox 659 1309 879 1379; x_wconf 77' lang='lat' dir='ltr'><strong>gerebat</strong></span> <span class='ocrx_word' id='word_1_105' title='bbox 922 1304 1243 1360; x_wconf 85' lang='lat' dir='ltr'><strong>sauctilicati</strong></span> <span class='ocrx_word' id='word_1_106' title='bbox 1275 1302 1584 1356; x_wconf 79' lang='lat' dir='ltr'><strong>chrismatis</strong></span> <span class='ocrx_word' id='word_1_107' title='bbox 1612 1302 1708 1370; x_wconf 74' lang='lat'><strong>(8),</strong></span> <span class='ocrx_word' id='word_1_108' title='bbox 1733 1302 1873 1368; x_wconf 86' lang='lat' dir='ltr'><strong>quod</strong></span> <span class='ocrx_word' id='word_1_109' title='bbox 1901 1315 1996 1355; x_wconf 91' lang='lat' dir='ltr'><strong>nos</strong></span> 
     </span>
    </p>
   </div>
   <div class='ocr_carea' id='block_1_16' title="bbox 432 1391 1985 1469">
    <p class='ocr_par' dir='ltr' id='par_1_16' title="bbox 432 1391 1985 1469">
     <span class='ocr_line' id='line_1_16' title="bbox 432 1391 1985 1469; baseline -0.007 -15"><span class='ocrx_word' id='word_1_110' title='bbox 432 1400 746 1469; x_wconf 86' lang='lat' dir='ltr'><strong>accipimus.</strong></span> <span class='ocrx_word' id='word_1_111' title='bbox 810 1398 917 1451; x_wconf 84' lang='lat' dir='ltr'><strong>Etsi</strong></span> <span class='ocrx_word' id='word_1_112' title='bbox 955 1396 1096 1449; x_wconf 89' lang='lat' dir='ltr'><strong>enim</strong></span> <span class='ocrx_word' id='word_1_113' title='bbox 1150 1393 1504 1459; x_wconf 87' lang='lat' dir='ltr'><strong>corporaliter</strong></span> <span class='ocrx_word' id='word_1_114' title='bbox 1555 1393 1655 1446; x_wconf 86' lang='lat' dir='ltr'><strong>hoc.</strong></span> <span class='ocrx_word' id='word_1_115' title='bbox 1720 1391 1871 1455; x_wconf 83' lang='lat' dir='ltr'><strong>fluat,</strong></span> <span class='ocrx_word' id='word_1_116' title='bbox 1917 1402 1985 1443; x_wconf 87' lang='lat' dir='ltr'><strong>ta-</strong></span> 
     </span>
    </p>
   </div>
   <div class='ocr_carea' id='block_1_17' title="bbox 432 1482 1997 1560">
    <p class='ocr_par' dir='ltr' id='par_1_17' title="bbox 432 1482 1997 1560">
     <span class='ocr_line' id='line_1_17' title="bbox 432 1482 1997 1560; baseline -0.008 -14"><span class='ocrx_word' id='word_1_117' title='bbox 432 1508 551 1546; x_wconf 92' lang='lat' dir='ltr'><strong>men</strong></span> <span class='ocrx_word' id='word_1_118' title='bbox 590 1489 899 1560; x_wconf 84' lang='lat' dir='ltr'><strong>spiritaliter</strong></span> <span class='ocrx_word' id='word_1_119' title='bbox 934 1490 1149 1554; x_wconf 80' lang='lat' dir='ltr'><strong>prodest</strong></span> <span class='ocrx_word' id='word_1_120' title='bbox 1184 1486 1285 1556; x_wconf 86' lang='lat'><strong>(9).</strong></span> <span class='ocrx_word' id='word_1_121' title='bbox 1327 1484 1454 1537; x_wconf 83' lang='lat' dir='ltr'><strong>Nam</strong></span> <span class='ocrx_word' id='word_1_122' title='bbox 1504 1482 1664 1537; x_wconf 89' lang='lat' dir='ltr'><strong>simul</strong></span> <span class='ocrx_word' id='word_1_123' title='bbox 1700 1497 1761 1535; x_wconf 88' lang='lat' dir='ltr'><strong>ac</strong></span> <span class='ocrx_word' id='word_1_124' title='bbox 1786 1483 1997 1534; x_wconf 86' lang='lat' dir='ltr'><strong>venerit</strong></span> 
     </span>
    </p>
   </div>
   <div class='ocr_carea' id='block_1_18' title="bbox 433 1575 1999 1638">
    <p class='ocr_par' dir='ltr' id='par_1_18' title="bbox 433 1575 1999 1638">
     <span class='ocr_line' id='line_1_18' title="bbox 433 1575 1999 1638; baseline -0.007 -1"><span class='ocrx_word' id='word_1_125' title='bbox 433 1584 487 1637; x_wconf 90' lang='lat' dir='ltr'><strong>in</strong></span> <span class='ocrx_word' id='word_1_126' title='bbox 518 1598 611 1637; x_wconf 90' lang='lat' dir='ltr'><strong>cor</strong></span> <span class='ocrx_word' id='word_1_127' title='bbox 638 1590 877 1635; x_wconf 86' lang='lat' dir='ltr'><strong>nostrum</strong></span> <span class='ocrx_word' id='word_1_128' title='bbox 922 1579 1052 1632; x_wconf 85' lang='lat' dir='ltr'><strong>fides</strong></span> <span class='ocrx_word' id='word_1_129' title='bbox 1094 1578 1417 1632; x_wconf 57' lang='lat' dir='ltr'><strong>beatissima:</strong></span> <span class='ocrx_word' id='word_1_130' title='bbox 1447 1575 1750 1638; x_wconf 88' lang='lat' dir='ltr'><strong>Trinitatis,</strong></span> <span class='ocrx_word' id='word_1_131' title='bbox 1793 1582 1849 1627; x_wconf 90' lang='lat' dir='ltr'><strong>et</strong></span> <span class='ocrx_word' id='word_1_132' title='bbox 1876 1589 1999 1627; x_wconf 84' lang='lat' dir='ltr'><strong>ver-</strong></span> 
     </span>
    </p>
   </div>
   <div class='ocr_carea' id='block_1_19' title="bbox 430 1666 1996 1742">
    <p class='ocr_par' dir='ltr' id='par_1_19' title="bbox 430 1666 1996 1742">
     <span class='ocr_line' id='line_1_19' title="bbox 430 1666 1996 1742; baseline -0.007 -12"><span class='ocrx_word' id='word_1_133' title='bbox 430 1676 557 1730; x_wconf 85' lang='lat' dir='ltr'><strong>bum</strong></span> <span class='ocrx_word' id='word_1_134' title='bbox 594 1673 837 1742; x_wconf 75' lang='lat' dir='ltr'><strong>spiritale</strong></span> <span class='ocrx_word' id='word_1_135' title='bbox 870 1673 920 1726; x_wconf 89' lang='lat' dir='ltr'><strong>in</strong></span> <span class='ocrx_word' id='word_1_136' title='bbox 954 1686 1015 1725; x_wconf 91' lang='lat' dir='ltr'><strong>os</strong></span> <span class='ocrx_word' id='word_1_137' title='bbox 1072 1671 1205 1739; x_wconf 82' lang='grc'><strong>(10),</strong></span> <span class='ocrx_word' id='word_1_138' title='bbox 1247 1680 1300 1725; x_wconf 90' lang='lat' dir='ltr'><strong>et</strong></span> <span class='ocrx_word' id='word_1_139' title='bbox 1356 1668 1657 1738; x_wconf 86' lang='lat' dir='ltr'><strong>obsignatio</strong></span> <span class='ocrx_word' id='word_1_140' title='bbox 1704 1666 1907 1723; x_wconf 85' lang='lat' dir='ltr'><strong>Christi</strong></span> <span class='ocrx_word' id='word_1_141' title='bbox 1944 1666 1996 1719; x_wconf 92' lang='lat' dir='ltr'><strong>in</strong></span> 
     </span>
    </p>
   </div>
   <div class='ocr_carea' id='block_1_20' title="bbox 434 1759 2000 1831">
    <p class='ocr_par' dir='ltr' id='par_1_20' title="bbox 434 1759 2000 1831">
     <span class='ocr_line' id='line_1_20' title="bbox 434 1759 2000 1831; baseline -0.006 -14"><span class='ocrx_word' id='word_1_142' title='bbox 434 1764 664 1817; x_wconf 79' lang='lat' dir='ltr'><strong>frontem</strong></span> <span class='ocrx_word' id='word_1_143' title='bbox 731 1762 866 1831; x_wconf 86' lang='lat' dir='ltr'><strong>(ll),</strong></span> <span class='ocrx_word' id='word_1_144' title='bbox 931 1761 1091 1816; x_wconf 87' lang='lat' dir='ltr'><strong>simul</strong></span> <span class='ocrx_word' id='word_1_145' title='bbox 1155 1770 1317 1829; x_wconf 87' lang='lat' dir='ltr'><strong>atque</strong></span> <span class='ocrx_word' id='word_1_146' title='bbox 1373 1759 1674 1827; x_wconf 84' lang='lat' dir='ltr'><strong>baptismus</strong></span> <span class='ocrx_word' id='word_1_147' title='bbox 1721 1765 2000 1824; x_wconf 90' lang='lat' dir='ltr'><strong>susceptus</strong></span> 
     </span>
    </p>
   </div>
   <div class='ocr_carea' id='block_1_21' title="bbox 434 1851 1997 1921">
    <p class='ocr_par' dir='ltr' id='par_1_21' title="bbox 434 1851 1997 1921">
     <span class='ocr_line' id='line_1_21' title="bbox 434 1851 1997 1921; baseline -0.003 -14"><span class='ocrx_word' id='word_1_148' title='bbox 434 1855 613 1920; x_wconf 91' lang='lat' dir='ltr'><strong>fuerit,</strong></span> <span class='ocrx_word' id='word_1_149' title='bbox 662 1865 716 1908; x_wconf 91' lang='lat' dir='ltr'><strong>et</strong></span> <span class='ocrx_word' id='word_1_150' title='bbox 752 1854 985 1907; x_wconf 89' lang='lat' dir='ltr'><strong>chrisma</strong></span> <span class='ocrx_word' id='word_1_151' title='bbox 1022 1868 1118 1907; x_wconf 92' lang='lat' dir='ltr'><strong>nos</strong></span> <span class='ocrx_word' id='word_1_152' title='bbox 1156 1852 1561 1907; x_wconf 80' lang='lat' dir='ltr'><strong>confirmaverit</strong></span> <span class='ocrx_word' id='word_1_153' title='bbox 1624 1851 1756 1921; x_wconf 61' lang='grc' dir='ltr'><strong>(με),</strong></span> <span class='ocrx_word' id='word_1_154' title='bbox 1794 1853 1997 1910; x_wconf 85' lang='lat' dir='ltr'><strong>statim,</strong></span> 
     </span>
    </p>
   </div>
   <div class='ocr_carea' id='block_1_22' title="bbox 2092 653 3620 734">
    <p class='ocr_par' dir='ltr' id='par_1_22' title="bbox 2092 653 3620 734">
     <span class='ocr_line' id='line_1_22' title="bbox 2092 653 3620 734; baseline -0.001 -19"><span class='ocrx_word' id='word_1_155' title='bbox 2092 663 2287 734; x_wconf 82' lang='grc' dir='ltr'>δρομος</span> <span class='ocrx_word' id='word_1_156' title='bbox 2330 658 2396 733; x_wconf 79' lang='grc' dir='ltr'>ἦν</span> <span class='ocrx_word' id='word_1_157' title='bbox 2446 660 2539 713; x_wconf 80' lang='grc' dir='ltr'><strong>τοῦ</strong></span> <span class='ocrx_word' id='word_1_158' title='bbox 2584 661 2737 728; x_wconf 82' lang='grc' dir='ltr'>ἁγίου</span> <span class='ocrx_word' id='word_1_159' title='bbox 2785 660 3128 729; x_wconf 75' lang='grc' dir='ltr'><strong>Πνεύματος⁸</strong></span> <span class='ocrx_word' id='word_1_160' title='bbox 3167 653 3377 723; x_wconf 69' lang='grc' dir='ltr'>οὗτινος</span> <span class='ocrx_word' id='word_1_161' title='bbox 3427 662 3620 727; x_wconf 72' lang='grc' dir='ltr'>ἀγγέλου</span> 
     </span>
    </p>
   </div>
   <div class='ocr_carea' id='block_1_23' title="bbox 2095 752 3621 825">
    <p class='ocr_par' dir='ltr' id='par_1_23' title="bbox 2095 752 3621 825">
     <span class='ocr_line' id='line_1_23' title="bbox 2095 752 3621 825; baseline -0.001 -18"><span class='ocrx_word' id='word_1_162' title='bbox 2095 756 2211 808; x_wconf 78' lang='grc' dir='ltr'>καθ’</span> <span class='ocrx_word' id='word_1_163' title='bbox 2259 755 2549 824; x_wconf 79' lang='grc' dir='ltr'>ὁμοιότητα</span> <span class='ocrx_word' id='word_1_164' title='bbox 2612 754 2861 822; x_wconf 79' lang='grc' dir='ltr'><strong>Ἰωάννης</strong></span> <span class='ocrx_word' id='word_1_165' title='bbox 2916 753 3139 821; x_wconf 74' lang='grc' dir='ltr'><strong>ἄγγελός</strong></span> <span class='ocrx_word' id='word_1_166' title='bbox 3193 769 3253 805; x_wconf 86' lang='grc' dir='ltr'><strong>τε</strong></span> <span class='ocrx_word' id='word_1_167' title='bbox 3315 752 3407 804; x_wconf 75' lang='grc' dir='ltr'>τοῦ</span> <span class='ocrx_word' id='word_1_168' title='bbox 3455 754 3621 825; x_wconf 60' lang='grc' dir='ltr'>Κυρίου</span> 
     </span>
    </p>
   </div>
   <div class='ocr_carea' id='block_1_24' title="bbox 2094 844 3624 918">
    <p class='ocr_par' dir='ltr' id='par_1_24' title="bbox 2094 844 3624 918">
     <span class='ocr_line' id='line_1_24' title="bbox 2094 844 3624 918; baseline -0.001 -20"><span class='ocrx_word' id='word_1_169' title='bbox 2094 847 2315 918; x_wconf 75' lang='grc' dir='ltr'>ἐκλήθη,</span> <span class='ocrx_word' id='word_1_170' title='bbox 2348 847 2439 899; x_wconf 78' lang='grc' dir='ltr'><strong>καὶ</strong></span> <span class='ocrx_word' id='word_1_171' title='bbox 2478 846 2779 917; x_wconf 76' lang='grc' dir='ltr'><strong>πρόδρομος</strong></span> <span class='ocrx_word' id='word_1_172' title='bbox 2812 845 3025 913; x_wconf 80' lang='grc' dir='ltr'>ἐγένετο</span> <span class='ocrx_word' id='word_1_173' title='bbox 3050 844 3141 897; x_wconf 76' lang='grc' dir='ltr'>τοῦ</span> <span class='ocrx_word' id='word_1_174' title='bbox 3165 845 3451 905; x_wconf 79' lang='grc' dir='ltr'>Δεσπότου,</span> <span class='ocrx_word' id='word_1_175' title='bbox 3482 846 3561 896; x_wconf 70' lang='grc' dir='ltr'><strong>καὶ</strong></span> <span class='ocrx_word' id='word_1_176' title='bbox 3585 850 3624 897; x_wconf 78' lang='grc' dir='ltr'>ἐν</span> 
     </span>
    </p>
   </div>
   <div class='ocr_carea' id='block_1_25' title="bbox 2096 937 3627 1006">
    <p class='ocr_par' dir='ltr' id='par_1_25' title="bbox 2096 937 3627 1006">
     <span class='ocr_line' id='line_1_25' title="bbox 2096 937 3627 1006; baseline -0.001 -16"><span class='ocrx_word' id='word_1_177' title='bbox 2096 938 2278 990; x_wconf 71' lang='grc' dir='ltr'>ὕδασιν</span> <span class='ocrx_word' id='word_1_178' title='bbox 2312 938 2620 991; x_wconf 77' lang='grc' dir='ltr'>ἐϐάπτισεν.</span> <span class='ocrx_word' id='word_1_179' title='bbox 2654 938 2764 990; x_wconf 76' lang='grc' dir='ltr'>Καὶ</span> <span class='ocrx_word' id='word_1_180' title='bbox 2807 937 2866 989; x_wconf 81' lang='grc' dir='ltr'><strong>τὸ</strong></span> <span class='ocrx_word' id='word_1_181' title='bbox 2908 937 3112 1006; x_wconf 84' lang='grc' dir='ltr'>χρίσμα</span> <span class='ocrx_word' id='word_1_182' title='bbox 3146 937 3222 998; x_wconf 81' lang='grc' dir='ltr'><strong>δὲ,</strong></span> <span class='ocrx_word' id='word_1_183' title='bbox 3246 937 3383 1006; x_wconf 81' lang='grc' dir='ltr'>ὅπερ</span> <span class='ocrx_word' id='word_1_184' title='bbox 3418 937 3627 1005; x_wconf 67' lang='grc' dir='ltr'>εχρὶσθη.</span> 
     </span>
    </p>
   </div>
   <div class='ocr_carea' id='block_1_26' title="bbox 2095 1026 3623 1098">
    <p class='ocr_par' dir='ltr' id='par_1_26' title="bbox 2095 1026 3623 1098">
     <span class='ocr_line' id='line_1_26' title="bbox 2095 1026 3623 1098; baseline 0 -19"><span class='ocrx_word' id='word_1_185' title='bbox 2095 1045 2191 1081; x_wconf 68' lang='grc' dir='ltr'><strong>σαν</strong></span> <span class='ocrx_word' id='word_1_186' title='bbox 2232 1028 2440 1098; x_wconf 81' lang='grc' dir='ltr'>Ἀαρών</span> <span class='ocrx_word' id='word_1_187' title='bbox 2470 1045 2527 1079; x_wconf 84' lang='grc' dir='ltr'><strong>τε</strong></span> <span class='ocrx_word' id='word_1_188' title='bbox 2556 1028 2657 1079; x_wconf 77' lang='grc' dir='ltr'>ὑπὸ</span> <span class='ocrx_word' id='word_1_189' title='bbox 2680 1028 2972 1089; x_wconf 78' lang='grc' dir='ltr'>Μωῦσέως,</span> <span class='ocrx_word' id='word_1_190' title='bbox 3011 1026 3089 1079; x_wconf 84' lang='grc' dir='ltr'>ἔτι</span> <span class='ocrx_word' id='word_1_191' title='bbox 3119 1027 3222 1097; x_wconf 77' lang='grc' dir='ltr'>μὴν</span> <span class='ocrx_word' id='word_1_192' title='bbox 3256 1027 3347 1079; x_wconf 77' lang='grc' dir='ltr'><strong>καὶ</strong></span> <span class='ocrx_word' id='word_1_193' title='bbox 3377 1028 3561 1088; x_wconf 52' lang='grc' dir='ltr'>πάντες</span> <span class='ocrx_word' id='word_1_194' title='bbox 3590 1030 3623 1079; x_wconf 73' lang='grc' dir='ltr'>οδ</span> 
     </span>
    </p>
   </div>
   <div class='ocr_carea' id='block_1_27' title="bbox 2094 1117 3627 1190">
    <p class='ocr_par' dir='ltr' id='par_1_27' title="bbox 2094 1117 3627 1190">
     <span class='ocr_line' id='line_1_27' title="bbox 2094 1117 3627 1190; baseline -0.001 -20"><span class='ocrx_word' id='word_1_195' title='bbox 2094 1119 2200 1171; x_wconf 76' lang='grc' dir='ltr'>ἀπὸ</span> <span class='ocrx_word' id='word_1_196' title='bbox 2235 1119 2327 1170; x_wconf 77' lang='grc' dir='ltr'>τοῦ</span> <span class='ocrx_word' id='word_1_197' title='bbox 2367 1118 2637 1190; x_wconf 76' lang='grc' dir='ltr'>ἱερατικοῦ</span> <span class='ocrx_word' id='word_1_198' title='bbox 2668 1118 2918 1188; x_wconf 80' lang='grc' dir='ltr'>κέρατος,</span> <span class='ocrx_word' id='word_1_199' title='bbox 2951 1118 3000 1169; x_wconf 80' lang='grc' dir='ltr'>οἱ</span> <span class='ocrx_word' id='word_1_200' title='bbox 3028 1117 3409 1187; x_wconf 75' lang='grc' dir='ltr'><strong>ἐπικληθέντες</strong></span> <span class='ocrx_word' id='word_1_201' title='bbox 3435 1118 3536 1169; x_wconf 78' lang='grc' dir='ltr'><strong>ἀπὸ</strong></span> <span class='ocrx_word' id='word_1_202' title='bbox 3559 1120 3627 1169; x_wconf 67' lang='grc' dir='ltr'>τοῦ</span> 
     </span>
    </p>
   </div>
   <div class='ocr_carea' id='block_1_28' title="bbox 2096 1208 3630 1280">
    <p class='ocr_par' dir='ltr' id='par_1_28' title="bbox 2096 1208 3630 1280">
     <span class='ocr_line' id='line_1_28' title="bbox 2096 1208 3630 1280; baseline -0.015 -1"><span class='ocrx_word' id='word_1_203' title='bbox 2096 1211 2391 1279; x_wconf 81' lang='grc' dir='ltr'>χρίσματος</span> <span class='ocrx_word' id='word_1_204' title='bbox 2439 1210 2682 1280; x_wconf 48' lang='grc' dir='ltr'>χρηστοὶι</span> <span class='ocrx_word' id='word_1_205' title='bbox 2723 1208 2889 1261; x_wconf 75' lang='grc' dir='ltr'>τύπον</span> <span class='ocrx_word' id='word_1_206' title='bbox 2946 1210 3104 1279; x_wconf 73' lang='grc' dir='ltr'>ἔφερε</span> <span class='ocrx_word' id='word_1_207' title='bbox 3186 1208 3278 1261; x_wconf 80' lang='grc' dir='ltr'>τοῦ</span> <span class='ocrx_word' id='word_1_208' title='bbox 3334 1209 3630 1278; x_wconf 56' lang='grc' dir='ltr'>ἡγιασμένον</span> 
     </span>
    </p>
   </div>
   <div class='ocr_carea' id='block_1_29' title="bbox 2096 1294 3630 1372">
    <p class='ocr_par' dir='ltr' id='par_1_29' title="bbox 2096 1294 3630 1372">
     <span class='ocr_line' id='line_1_29' title="bbox 2096 1294 3630 1372; baseline -0.001 -20"><span class='ocrx_word' id='word_1_209' title='bbox 2096 1302 2413 1372; x_wconf 73' lang='grc' dir='ltr'><strong>χρίσματος,</strong></span> <span class='ocrx_word' id='word_1_210' title='bbox 2447 1294 2506 1353; x_wconf 69' lang='grc' dir='ltr'><strong>οὗ</strong></span> <span class='ocrx_word' id='word_1_211' title='bbox 2540 1300 2887 1370; x_wconf 76' lang='grc' dir='ltr'>λαμϐάνομεν</span> <span class='ocrx_word' id='word_1_212' title='bbox 2923 1302 3098 1369; x_wconf 77' lang='grc' dir='ltr'>ἡμεῖς.</span> <span class='ocrx_word' id='word_1_213' title='bbox 3128 1300 3189 1351; x_wconf 83' lang='grc' dir='ltr'><strong>Εἰ</strong></span> <span class='ocrx_word' id='word_1_214' title='bbox 3218 1299 3324 1368; x_wconf 68' lang='grc' dir='ltr'>γὰρ</span> <span class='ocrx_word' id='word_1_215' title='bbox 3354 1300 3447 1351; x_wconf 73' lang='grc' dir='ltr'><strong>καὶ</strong></span> <span class='ocrx_word' id='word_1_216' title='bbox 3478 1315 3630 1366; x_wconf 65' lang='grc' dir='ltr'>σωμα-</span> 
     </span>
    </p>
   </div>
   <div class='ocr_carea' id='block_1_30' title="bbox 2096 1389 3633 1464">
    <p class='ocr_par' dir='ltr' id='par_1_30' title="bbox 2096 1389 3633 1464">
     <span class='ocr_line' id='line_1_30' title="bbox 2096 1389 3633 1464; baseline -0.002 -18"><span class='ocrx_word' id='word_1_217' title='bbox 2096 1395 2263 1457; x_wconf 80' lang='grc' dir='ltr'>τικῶς</span> <span class='ocrx_word' id='word_1_218' title='bbox 2292 1394 2445 1447; x_wconf 70' lang='grc' dir='ltr'>τοῦτο</span> <span class='ocrx_word' id='word_1_219' title='bbox 2473 1394 2674 1464; x_wconf 77' lang='grc' dir='ltr'>τρέχει,</span> <span class='ocrx_word' id='word_1_220' title='bbox 2716 1394 2827 1446; x_wconf 81' lang='grc' dir='ltr'>ἀλλ’</span> <span class='ocrx_word' id='word_1_221' title='bbox 2855 1389 2946 1445; x_wconf 75' lang='grc' dir='ltr'><strong>οὖν</strong></span> <span class='ocrx_word' id='word_1_222' title='bbox 2970 1391 3213 1461; x_wconf 65' lang='grc' dir='ltr'>ψυχικῶς</span> <span class='ocrx_word' id='word_1_223' title='bbox 3239 1391 3454 1458; x_wconf 69' lang='grc' dir='ltr'>ὦιρελεῖ.</span> <span class='ocrx_word' id='word_1_224' title='bbox 3490 1392 3633 1443; x_wconf 59' lang='grc' dir='ltr'>Μόλον</span> 
     </span>
    </p>
   </div>
   <div class='ocr_carea' id='block_1_31' title="bbox 2096 1481 3632 1556">
    <p class='ocr_par' dir='ltr' id='par_1_31' title="bbox 2096 1481 3632 1556">
     <span class='ocr_line' id='line_1_31' title="bbox 2096 1481 3632 1556; baseline -0.005 -19"><span class='ocrx_word' id='word_1_225' title='bbox 2096 1503 2153 1537; x_wconf 87' lang='grc' dir='ltr'><strong>τε</strong></span> <span class='ocrx_word' id='word_1_226' title='bbox 2180 1486 2286 1556; x_wconf 78' lang='grc' dir='ltr'><strong>γὰρ</strong></span> <span class='ocrx_word' id='word_1_227' title='bbox 2319 1485 2444 1555; x_wconf 75' lang='grc' dir='ltr'>ἔλθῃ</span> <span class='ocrx_word' id='word_1_228' title='bbox 2484 1485 2611 1554; x_wconf 63' lang='grc' dir='ltr'><strong>περ)⁵</strong></span> <span class='ocrx_word' id='word_1_229' title='bbox 2642 1485 2739 1553; x_wconf 82' lang='grc' dir='ltr'><strong>τῆς</strong></span> <span class='ocrx_word' id='word_1_230' title='bbox 2774 1483 3171 1553; x_wconf 81' lang='grc' dir='ltr'>τρισμακαρέας</span> <span class='ocrx_word' id='word_1_231' title='bbox 3222 1482 3447 1551; x_wconf 75' lang='grc' dir='ltr'>Τριάδος</span> <span class='ocrx_word' id='word_1_232' title='bbox 3486 1481 3632 1541; x_wconf 73' lang='grc' dir='ltr'>πίστις</span> 
     </span>
    </p>
   </div>
   <div class='ocr_carea' id='block_1_32' title="bbox 2100 1572 3632 1646">
    <p class='ocr_par' dir='ltr' id='par_1_32' title="bbox 2100 1572 3632 1646">
     <span class='ocr_line' id='line_1_32' title="bbox 2100 1572 3632 1646; baseline -0.006 -18"><span class='ocrx_word' id='word_1_233' title='bbox 2100 1578 2155 1629; x_wconf 83' lang='grc' dir='ltr'>ὲν</span> <span class='ocrx_word' id='word_1_234' title='bbox 2183 1575 2375 1646; x_wconf 74' lang='grc' dir='ltr'>καρδία</span> <span class='ocrx_word' id='word_1_235' title='bbox 2409 1578 2440 1643; x_wconf 78' lang='grc' dir='ltr'><strong>ἡ</strong></span> <span class='ocrx_word' id='word_1_236' title='bbox 2452 1574 2585 1644; x_wconf 81' lang='grc' dir='ltr'>μῶν,</span> <span class='ocrx_word' id='word_1_237' title='bbox 2632 1576 2724 1627; x_wconf 78' lang='grc' dir='ltr'><strong>καὶ</strong></span> <span class='ocrx_word' id='word_1_238' title='bbox 2754 1574 2904 1643; x_wconf 77' lang='grc' dir='ltr'>ρῆμα</span> <span class='ocrx_word' id='word_1_239' title='bbox 2929 1572 3291 1643; x_wconf 85' lang='grc' dir='ltr'>πνευματικὸν</span> <span class='ocrx_word' id='word_1_240' title='bbox 3331 1574 3388 1623; x_wconf 79' lang='grc' dir='ltr'>ἐν</span> <span class='ocrx_word' id='word_1_241' title='bbox 3418 1572 3632 1639; x_wconf 72' lang='grc' dir='ltr'>στόματι,</span> 
     </span>
    </p>
   </div>
   <div class='ocr_carea' id='block_1_33' title="bbox 2100 1658 3633 1734">
    <p class='ocr_par' dir='ltr' id='par_1_33' title="bbox 2100 1658 3633 1734">
     <span class='ocr_line' id='line_1_33' title="bbox 2100 1658 3633 1734; baseline -0.005 -17"><span class='ocrx_word' id='word_1_242' title='bbox 2100 1666 2192 1717; x_wconf 74' lang='grc' dir='ltr'><strong>καὶ</strong></span> <span class='ocrx_word' id='word_1_243' title='bbox 2237 1664 2471 1734; x_wconf 65' lang='grc' dir='ltr'>σφραγὶς</span> <span class='ocrx_word' id='word_1_244' title='bbox 2517 1661 2750 1733; x_wconf 78' lang='grc' dir='ltr'>Χριστοῦ</span> <span class='ocrx_word' id='word_1_245' title='bbox 2796 1665 2853 1715; x_wconf 84' lang='grc' dir='ltr'><strong>ὲν</strong></span> <span class='ocrx_word' id='word_1_246' title='bbox 2902 1659 3167 1732; x_wconf 82' lang='grc' dir='ltr'><strong>μετώπῳ·</strong></span> <span class='ocrx_word' id='word_1_247' title='bbox 3198 1660 3356 1731; x_wconf 79' lang='grc' dir='ltr'>μόνον</span> <span class='ocrx_word' id='word_1_248' title='bbox 3392 1658 3633 1728; x_wconf 68' lang='grc' dir='ltr'>βάπτισμα</span> 
     </span>
    </p>
   </div>
   <div class='ocr_carea' id='block_1_34' title="bbox 2101 1746 3635 1822">
    <p class='ocr_par' dir='ltr' id='par_1_34' title="bbox 2101 1746 3635 1822">
     <span class='ocr_line' id='line_1_34' title="bbox 2101 1746 3635 1822; baseline 0.002 -17"><span class='ocrx_word' id='word_1_249' title='bbox 2101 1753 2441 1822; x_wconf 79' lang='grc' dir='ltr'>ὑποδέξηται,</span> <span class='ocrx_word' id='word_1_250' title='bbox 2478 1753 2569 1804; x_wconf 85' lang='grc' dir='ltr'>καί</span> <span class='ocrx_word' id='word_1_251' title='bbox 2594 1751 2653 1803; x_wconf 80' lang='grc' dir='ltr'><strong>τὸ</strong></span> <span class='ocrx_word' id='word_1_252' title='bbox 2687 1752 2894 1821; x_wconf 85' lang='grc' dir='ltr'>χρίσμα</span> <span class='ocrx_word' id='word_1_253' title='bbox 2931 1752 3105 1821; x_wconf 64' lang='grc' dir='ltr'>ρώστγ</span> <span class='ocrx_word' id='word_1_254' title='bbox 3143 1748 3299 1809; x_wconf 74' lang='grc' dir='ltr'>εὐθὺς</span> <span class='ocrx_word' id='word_1_255' title='bbox 3336 1746 3488 1807; x_wconf 78' lang='grc' dir='ltr'>ἵλεως</span> <span class='ocrx_word' id='word_1_256' title='bbox 3514 1746 3635 1814; x_wconf 69' lang='grc' dir='ltr'>εὑρί-</span> 
     </span>
    </p>
   </div>
   <div class='ocr_carea' id='block_1_35' title="bbox 2104 1836 3637 1913">
    <p class='ocr_par' dir='ltr' id='par_1_35' title="bbox 2104 1836 3637 1913">
     <span class='ocr_line' id='line_1_35' title="bbox 2104 1836 3637 1913; baseline -0.007 -18"><span class='ocrx_word' id='word_1_257' title='bbox 2104 1845 2360 1913; x_wconf 78' lang='grc' dir='ltr'>σκεται,ὴ</span> <span class='ocrx_word' id='word_1_258' title='bbox 2386 1843 2478 1912; x_wconf 78' lang='grc' dir='ltr'>τὴν</span> <span class='ocrx_word' id='word_1_259' title='bbox 2503 1842 2661 1910; x_wconf 71' lang='grc' dir='ltr'>φύσιν</span> <span class='ocrx_word' id='word_1_260' title='bbox 2688 1840 3002 1908; x_wconf 83' lang='grc' dir='ltr'>ἁγαθοδότις</span> <span class='ocrx_word' id='word_1_261' title='bbox 3026 1839 3341 1910; x_wconf 79' lang='grc' dir='ltr'>ὑπάρχουσα</span> <span class='ocrx_word' id='word_1_262' title='bbox 3366 1836 3553 1906; x_wconf 52' lang='grc' dir='ltr'><strong>Τρώς</strong></span> <span class='ocrx_word' id='word_1_263' title='bbox 3575 1837 3637 1885; x_wconf 61' lang='lat' dir='ltr'><strong>ai-</strong></span> 
     </span>
    </p>
   </div>
   <div class='ocr_carea' id='block_1_36' title="bbox 376 1928 1991 2015">
    <p class='ocr_par' dir='ltr' id='par_1_36' title="bbox 376 1934 1991 2015">
     <span class='ocr_line' id='line_1_36' title="bbox 376 1934 1991 2015; baseline -0.005 -15"><span class='ocrx_word' id='word_1_264' title='bbox 376 1934 381 1993; x_wconf 65' lang='grc' dir='ltr'><strong>ἶ</strong></span> <span class='ocrx_word' id='word_1_265' title='bbox 435 1946 675 2015; x_wconf 86' lang='lat' dir='ltr'><strong>inquam,</strong></span> <span class='ocrx_word' id='word_1_266' title='bbox 700 1947 931 2013; x_wconf 87' lang='lat' dir='ltr'><strong>propitia</strong></span> <span class='ocrx_word' id='word_1_267' title='bbox 970 1944 1237 1997; x_wconf 85' lang='lat' dir='ltr'><strong>invenitur</strong></span> <span class='ocrx_word' id='word_1_268' title='bbox 1262 1959 1381 2012; x_wconf 69' lang='lat' dir='ltr'><strong>qua:</strong></span> <span class='ocrx_word' id='word_1_269' title='bbox 1408 1941 1600 1995; x_wconf 76' lang='lat' dir='ltr'><strong>natura</strong></span> <span class='ocrx_word' id='word_1_270' title='bbox 1625 1952 1709 1997; x_wconf 89' lang='lat' dir='ltr'><strong>est</strong></span> <span class='ocrx_word' id='word_1_271' title='bbox 1738 1943 1991 1996; x_wconf 72' lang='lat' dir='ltr'><strong>bonorum</strong></span> 
     </span>
    </p>
   </div>
   <div class='ocr_carea' id='block_1_37' title="bbox 2156 1928 3637 2015">
    <p class='ocr_par' dir='ltr' id='par_1_37' title="bbox 2156 1928 3637 2004">
     <span class='ocr_line' id='line_1_37' title="bbox 2156 1928 3637 2004; baseline -0.005 -17"><span class='ocrx_word' id='word_1_272' title='bbox 2156 1953 2198 1997; x_wconf 81' lang='grc' dir='ltr'>ις</span> <span class='ocrx_word' id='word_1_273' title='bbox 2224 1937 2351 2004; x_wconf 67' lang='grc' dir='ltr'>παρ’</span> <span class='ocrx_word' id='word_1_274' title='bbox 2388 1936 2516 2004; x_wconf 75' lang='grc' dir='ltr'>ἡμῖν</span> <span class='ocrx_word' id='word_1_275' title='bbox 2542 1934 2801 2002; x_wconf 80' lang='grc' dir='ltr'>καταντᾷ.</span> <span class='ocrx_word' id='word_1_276' title='bbox 2840 1932 2974 2002; x_wconf 69' lang='grc' dir='ltr'>αὐτῇ</span> <span class='ocrx_word' id='word_1_277' title='bbox 3007 1934 3072 2001; x_wconf 80' lang='grc' dir='ltr'>τῇ</span> <span class='ocrx_word' id='word_1_278' title='bbox 3117 1933 3257 2001; x_wconf 76' lang='grc' dir='ltr'>ῥοπῇ</span> <span class='ocrx_word' id='word_1_279' title='bbox 3284 1929 3353 1981; x_wconf 78' lang='grc' dir='ltr'><strong>τὰ</strong></span> <span class='ocrx_word' id='word_1_280' title='bbox 3387 1928 3637 1998; x_wconf 67' lang='grc' dir='ltr'>ἀκάθαρτε</span> 
     </span>
    </p>
   </div>
   <div class='ocr_carea' id='block_1_38' title="bbox 435 2033 1998 2106">
    <p class='ocr_par' dir='ltr' id='par_1_38' title="bbox 435 2033 1998 2106">
     <span class='ocr_line' id='line_1_38' title="bbox 435 2033 1998 2106; baseline -0.003 -18"><span class='ocrx_word' id='word_1_281' title='bbox 435 2037 674 2106; x_wconf 80' lang='lat' dir='ltr'><strong>largitrix</strong></span> <span class='ocrx_word' id='word_1_282' title='bbox 711 2036 983 2099; x_wconf 86' lang='lat' dir='ltr'><strong>Trinitas;</strong></span> <span class='ocrx_word' id='word_1_283' title='bbox 1026 2036 1209 2089; x_wconf 83' lang='lat' dir='ltr'><strong>statim</strong></span> <span class='ocrx_word' id='word_1_284' title='bbox 1248 2049 1309 2088; x_wconf 91' lang='lat' dir='ltr'><strong>ea</strong></span> <span class='ocrx_word' id='word_1_285' title='bbox 1341 2037 1482 2103; x_wconf 88' lang='lat' dir='ltr'><strong>apud</strong></span> <span class='ocrx_word' id='word_1_286' title='bbox 1540 2048 1638 2088; x_wconf 92' lang='lat' dir='ltr'><strong>nos</strong></span> <span class='ocrx_word' id='word_1_287' title='bbox 1665 2033 1851 2096; x_wconf 89' lang='lat' dir='ltr'><strong>venit;</strong></span> <span class='ocrx_word' id='word_1_288' title='bbox 1898 2045 1998 2085; x_wconf 90' lang='lat' dir='ltr'><strong>eo-</strong></span> 
     </span>
    </p>
   </div>
   <div class='ocr_carea' id='block_1_39' title="bbox 437 2123 1997 2195">
    <p class='ocr_par' dir='ltr' id='par_1_39' title="bbox 437 2123 1997 2195">
     <span class='ocr_line' id='line_1_39' title="bbox 437 2123 1997 2195; baseline -0.002 -15"><span class='ocrx_word' id='word_1_289' title='bbox 437 2128 556 2181; x_wconf 87' lang='lat' dir='ltr'><strong>dem</strong></span> <span class='ocrx_word' id='word_1_290' title='bbox 590 2136 862 2182; x_wconf 81' lang='lat' dir='ltr'><strong>momento</strong></span> <span class='ocrx_word' id='word_1_291' title='bbox 902 2126 1162 2179; x_wconf 86' lang='lat' dir='ltr'><strong>immundi</strong></span> <span class='ocrx_word' id='word_1_292' title='bbox 1218 2126 1440 2195; x_wconf 88' lang='lat' dir='ltr'><strong>spiritus</strong></span> <span class='ocrx_word' id='word_1_293' title='bbox 1490 2139 1518 2177; x_wconf 91' lang='lat' dir='ltr'><strong>a</strong></span> <span class='ocrx_word' id='word_1_294' title='bbox 1568 2123 1779 2177; x_wconf 82' lang='lat' dir='ltr'><strong>mundis</strong></span> <span class='ocrx_word' id='word_1_295' title='bbox 1822 2123 1997 2177; x_wconf 88' lang='lat' dir='ltr'><strong>disce-</strong></span> 
     </span>
    </p>
   </div>
   <div class='ocr_carea' id='block_1_40' title="bbox 436 2214 2001 2285">
    <p class='ocr_par' dir='ltr' id='par_1_40' title="bbox 436 2214 2001 2285">
     <span class='ocr_line' id='line_1_40' title="bbox 436 2214 2001 2285; baseline -0.003 -14"><span class='ocrx_word' id='word_1_296' title='bbox 436 2216 590 2283; x_wconf 85' lang='lat' dir='ltr'><strong>dunt,</strong></span> <span class='ocrx_word' id='word_1_297' title='bbox 620 2226 672 2272; x_wconf 87' lang='lat' dir='ltr'><strong>et</strong></span> <span class='ocrx_word' id='word_1_298' title='bbox 720 2217 1002 2272; x_wconf 79' lang='lat' dir='ltr'><strong>confestim</strong></span> <span class='ocrx_word' id='word_1_299' title='bbox 1059 2216 1326 2270; x_wconf 89' lang='lat' dir='ltr'><strong>mundana</strong></span> <span class='ocrx_word' id='word_1_300' title='bbox 1381 2215 1591 2285; x_wconf 90' lang='lat' dir='ltr'><strong>negotia</strong></span> <span class='ocrx_word' id='word_1_301' title='bbox 1636 2214 1911 2278; x_wconf 88' lang='lat' dir='ltr'><strong>recedunt,</strong></span> <span class='ocrx_word' id='word_1_302' title='bbox 1948 2222 2001 2267; x_wconf 89' lang='lat' dir='ltr'><strong>et</strong></span> 
     </span>
    </p>
   </div>
   <div class='ocr_carea' id='block_1_41' title="bbox 437 2292 2000 2379">
    <p class='ocr_par' dir='ltr' id='par_1_41' title="bbox 437 2292 2000 2379">
     <span class='ocr_line' id='line_1_41' title="bbox 437 2292 2000 2379; baseline -0.003 -16"><span class='ocrx_word' id='word_1_303' title='bbox 437 2310 745 2379; x_wconf 85' lang='lat' dir='ltr'><strong>corporales</strong></span> <span class='ocrx_word' id='word_1_304' title='bbox 794 2308 1029 2377; x_wconf 84' lang='lat' dir='ltr'><strong>cujusvis</strong></span> <span class='ocrx_word' id='word_1_305' title='bbox 1077 2309 1291 2377; x_wconf 79' lang='lat' dir='ltr'><strong>generis</strong></span> <span class='ocrx_word' id='word_1_306' title='bbox 1321 2309 1596 2377; x_wconf 86' lang='lat' dir='ltr'><strong>passiones</strong></span> <span class='ocrx_word' id='word_1_307' title='bbox 1627 2307 1782 2377; x_wconf 79' lang='lat' dir='ltr'><strong>longe</strong></span> <span class='ocrx_word' id='word_1_308' title='bbox 1810 2292 1921 2378; x_wconf 75' lang='grc' dir='ltr'><strong>(ἱό)</strong></span> <span class='ocrx_word' id='word_1_309' title='bbox 1971 2322 2000 2359; x_wconf 84' lang='lat' dir='ltr'><strong>a</strong></span> 
     </span>
    </p>
   </div>
   <div class='ocr_carea' id='block_1_42' title="bbox 437 2400 2003 2467">
    <p class='ocr_par' dir='ltr' id='par_1_42' title="bbox 437 2400 2003 2467">
     <span class='ocr_line' id='line_1_42' title="bbox 437 2400 2003 2467; baseline -0.004 -10"><span class='ocrx_word' id='word_1_310' title='bbox 437 2403 593 2457; x_wconf 85' lang='lat' dir='ltr'><strong>nobis</strong></span> <span class='ocrx_word' id='word_1_311' title='bbox 632 2402 849 2467; x_wconf 89' lang='lat' dir='ltr'><strong>abeunt,</strong></span> <span class='ocrx_word' id='word_1_312' title='bbox 894 2401 1073 2455; x_wconf 82' lang='lat' dir='ltr'><strong>omnia</strong></span> <span class='ocrx_word' id='word_1_313' title='bbox 1136 2401 1333 2454; x_wconf 86' lang='lat' dir='ltr'><strong>delicta</strong></span> <span class='ocrx_word' id='word_1_314' title='bbox 1373 2400 1741 2466; x_wconf 89' lang='lat' dir='ltr'><strong>dimittuntur,</strong></span> <span class='ocrx_word' id='word_1_315' title='bbox 1788 2400 2003 2452; x_wconf 90' lang='lat' dir='ltr'><strong>nomina</strong></span> 
     </span>
    </p>
   </div>
   <div class='ocr_carea' id='block_1_43' title="bbox 440 2489 2005 2559">
    <p class='ocr_par' dir='ltr' id='par_1_43' title="bbox 440 2489 2005 2559">
     <span class='ocr_line' id='line_1_43' title="bbox 440 2489 2005 2559; baseline -0.003 -12"><span class='ocrx_word' id='word_1_316' title='bbox 440 2504 622 2549; x_wconf 88' lang='lat' dir='ltr'><strong>nostra</strong></span> <span class='ocrx_word' id='word_1_317' title='bbox 680 2492 1052 2548; x_wconf 89' lang='lat' dir='ltr'><strong>iudelebilibus</strong></span> <span class='ocrx_word' id='word_1_318' title='bbox 1104 2492 1157 2546; x_wconf 93' lang='lat' dir='ltr'><strong>in</strong></span> <span class='ocrx_word' id='word_1_319' title='bbox 1209 2491 1361 2547; x_wconf 89' lang='lat' dir='ltr'><strong>libris</strong></span> <span class='ocrx_word' id='word_1_320' title='bbox 1399 2491 1787 2554; x_wconf 87' lang='lat' dir='ltr'><strong>inscribuntur,</strong></span> <span class='ocrx_word' id='word_1_321' title='bbox 1845 2489 2005 2559; x_wconf 79' lang='lat'><strong>275</strong></span> 
     </span>
    </p>
   </div>
   <div class='ocr_carea' id='block_1_44' title="bbox 438 2582 2000 2652">
    <p class='ocr_par' dir='ltr' id='par_1_44' title="bbox 438 2582 2000 2652">
     <span class='ocr_line' id='line_1_44' title="bbox 438 2582 2000 2652; baseline -0.001 -17"><span class='ocrx_word' id='word_1_322' title='bbox 438 2585 674 2640; x_wconf 60' lang='lat' dir='ltr'><strong>coelestia</strong></span> <span class='ocrx_word' id='word_1_323' title='bbox 730 2585 882 2639; x_wconf 90' lang='lat' dir='ltr'><strong>nobis</strong></span> <span class='ocrx_word' id='word_1_324' title='bbox 918 2585 1059 2637; x_wconf 88' lang='lat' dir='ltr'><strong>bona</strong></span> <span class='ocrx_word' id='word_1_325' title='bbox 1114 2584 1546 2652; x_wconf 88' lang='lat' dir='ltr'><strong>dispensantur:</strong></span> <span class='ocrx_word' id='word_1_326' title='bbox 1601 2582 1735 2635; x_wconf 89' lang='lat' dir='ltr'><strong>adeo</strong></span> <span class='ocrx_word' id='word_1_327' title='bbox 1772 2590 1832 2635; x_wconf 90' lang='lat' dir='ltr'><strong>ut</strong></span> <span class='ocrx_word' id='word_1_328' title='bbox 1887 2583 2000 2647; x_wconf 82' lang='lat' dir='ltr'><strong>ipsa</strong></span> 
     </span>
    </p>
   </div>
   <div class='ocr_carea' id='block_1_45' title="bbox 438 2670 1997 2741">
    <p class='ocr_par' dir='ltr' id='par_1_45' title="bbox 438 2670 1997 2741">
     <span class='ocr_line' id='line_1_45' title="bbox 438 2670 1997 2741; baseline -0.003 -17"><span class='ocrx_word' id='word_1_329' title='bbox 438 2670 699 2737; x_wconf 76' lang='lat' dir='ltr'><strong>Trinitas,</strong></span> <span class='ocrx_word' id='word_1_330' title='bbox 739 2681 1018 2740; x_wconf 88' lang='lat' dir='ltr'><strong>propterea</strong></span> <span class='ocrx_word' id='word_1_331' title='bbox 1052 2673 1193 2741; x_wconf 85' lang='lat' dir='ltr'><strong>quod</strong></span> <span class='ocrx_word' id='word_1_332' title='bbox 1249 2671 1592 2724; x_wconf 67' lang='lat' dir='ltr'><strong>ineliabiliter</strong></span> <span class='ocrx_word' id='word_1_333' title='bbox 1633 2680 1875 2739; x_wconf 85' lang='lat' dir='ltr'><strong>prompta</strong></span> <span class='ocrx_word' id='word_1_334' title='bbox 1908 2670 1997 2733; x_wconf 78' lang='lat' dir='ltr'><strong>sit,</strong></span> 
     </span>
    </p>
   </div>
   <div class='ocr_carea' id='block_1_46' title="bbox 438 2758 2001 2834">
    <p class='ocr_par' dir='ltr' id='par_1_46' title="bbox 438 2758 2001 2834">
     <span class='ocr_line' id='line_1_46' title="bbox 438 2758 2001 2834; baseline -0.003 -18"><span class='ocrx_word' id='word_1_335' title='bbox 438 2778 502 2818; x_wconf 83' lang='lat' dir='ltr'><strong>ac</strong></span> <span class='ocrx_word' id='word_1_336' title='bbox 536 2764 758 2834; x_wconf 82' lang='lat' dir='ltr'><strong>provida</strong></span> <span class='ocrx_word' id='word_1_337' title='bbox 789 2762 1100 2834; x_wconf 63' lang='lat' dir='ltr'><strong>(l4),atque</strong></span> <span class='ocrx_word' id='word_1_338' title='bbox 1127 2762 1181 2817; x_wconf 91' lang='lat' dir='ltr'><strong>in</strong></span> <span class='ocrx_word' id='word_1_339' title='bbox 1214 2758 1369 2817; x_wconf 88' lang='lat' dir='ltr'><strong>bonis</strong></span> <span class='ocrx_word' id='word_1_340' title='bbox 1394 2764 1553 2817; x_wconf 87' lang='lat' dir='ltr'><strong>rebus</strong></span> <span class='ocrx_word' id='word_1_341' title='bbox 1579 2762 1828 2815; x_wconf 89' lang='lat' dir='ltr'><strong>omnibus</strong></span> <span class='ocrx_word' id='word_1_342' title='bbox 1850 2762 2001 2827; x_wconf 84' lang='lat' dir='ltr'><strong>priu-</strong></span> 
     </span>
    </p>
   </div>
   <div class='ocr_carea' id='block_1_47' title="bbox 512 2956 2002 3029">
    <p class='ocr_par' dir='ltr' id='par_1_47' title="bbox 512 2956 2002 3029">
     <span class='ocr_line' id='line_1_47' title="bbox 512 2956 2002 3029; baseline 0.003 -19"><span class='ocrx_word' id='word_1_343' title='bbox 512 2956 588 3029; x_wconf 74' lang='lat'><strong>(2)</strong></span> <span class='ocrx_word' id='word_1_344' title='bbox 631 2956 860 3012; x_wconf 81' lang='lat' dir='ltr'><strong>Parasti.</strong></span> <span class='ocrx_word' id='word_1_345' title='bbox 892 2956 1038 3014; x_wconf 88' lang='lat' dir='ltr'><strong>Psat.</strong></span> <span class='ocrx_word' id='word_1_346' title='bbox 1077 2974 1212 3021; x_wconf 73' lang='lat' dir='ltr'><strong>nn,</strong></span> <span class='ocrx_word' id='word_1_347' title='bbox 1243 2958 1276 3013; x_wconf 86' lang='lat'><strong>6</strong></span> <span class='ocrx_word' id='word_1_348' title='bbox 1306 2958 1421 3029; x_wconf 87' lang='lat' dir='ltr'><strong>(seu</strong></span> <span class='ocrx_word' id='word_1_349' title='bbox 1444 2959 1518 3029; x_wconf 88' lang='lat'><strong>5).</strong></span> <span class='ocrx_word' id='word_1_350' title='bbox 1544 2958 1708 3029; x_wconf 79' lang='lat' dir='ltr'><strong>Lege,</strong></span> <span class='ocrx_word' id='word_1_351' title='bbox 1744 2972 1785 3011; x_wconf 88' lang='lat' dir='ltr'><strong>SI</strong></span> <span class='ocrx_word' id='word_1_352' title='bbox 1810 2956 2002 3027; x_wconf 81' lang='lat' dir='ltr'><strong>placet.</strong></span> 
     </span>
    </p>
   </div>
   <div class='ocr_carea' id='block_1_48' title="bbox 442 3028 2005 3110">
    <p class='ocr_par' dir='ltr' id='par_1_48' title="bbox 442 3028 2005 3110">
     <span class='ocr_line' id='line_1_48' title="bbox 442 3028 2005 3110; baseline -0.003 -27"><span class='ocrx_word' id='word_1_353' title='bbox 442 3028 502 3110; x_wconf 68' lang='grc' dir='ltr'>β.</span> <span class='ocrx_word' id='word_1_354' title='bbox 537 3028 802 3110; x_wconf 86' lang='lat' dir='ltr'><strong>Zenonem</strong></span> <span class='ocrx_word' id='word_1_355' title='bbox 835 3030 929 3083; x_wconf 90' lang='lat' dir='ltr'><strong>lib.</strong></span> <span class='ocrx_word' id='word_1_356' title='bbox 964 3044 1025 3094; x_wconf 86' lang='lat' dir='ltr'><strong>ll,</strong></span> <span class='ocrx_word' id='word_1_357' title='bbox 1058 3036 1212 3082; x_wconf 90' lang='lat' dir='ltr'><strong>tract.</strong></span> <span class='ocrx_word' id='word_1_358' title='bbox 1243 3028 1329 3098; x_wconf 72' lang='lat' dir='ltr'><strong>l4,</strong></span> <span class='ocrx_word' id='word_1_359' title='bbox 1361 3044 1480 3100; x_wconf 90' lang='lat' dir='ltr'><strong>pag.</strong></span> <span class='ocrx_word' id='word_1_360' title='bbox 1534 3028 1659 3093; x_wconf 79' lang='grc'><strong>187,</strong></span> <span class='ocrx_word' id='word_1_361' title='bbox 1698 3029 1811 3082; x_wconf 72' lang='lat' dir='ltr'><strong>btet:</strong></span> <span class='ocrx_word' id='word_1_362' title='bbox 1844 3030 2005 3082; x_wconf 83' lang='lat' dir='ltr'><strong>verba</strong></span> 
     </span>
    </p>
   </div>
   <div class='ocr_carea' id='block_1_49' title="bbox 444 3108 902 3166">
    <p class='ocr_par' dir='ltr' id='par_1_49' title="bbox 444 3108 902 3166">
     <span class='ocr_line' id='line_1_49' title="bbox 444 3108 902 3166; baseline -0.002 -13"><span class='ocrx_word' id='word_1_363' title='bbox 444 3108 902 3166; x_wconf 85' lang='lat' dir='ltr'><strong>interpretantem.</strong></span> 
     </span>
    </p>
   </div>
   <div class='ocr_carea' id='block_1_50' title="bbox 515 3168 1480 3239">
    <p class='ocr_par' dir='ltr' id='par_1_50' title="bbox 515 3168 1480 3239">
     <span class='ocr_line' id='line_1_50' title="bbox 515 3168 1480 3239; baseline -0.002 -17"><span class='ocrx_word' id='word_1_364' title='bbox 515 3168 591 3239; x_wconf 78' lang='lat'><strong>(&#39;5)</strong></span> <span class='ocrx_word' id='word_1_365' title='bbox 634 3169 853 3239; x_wconf 57' lang='lat' dir='ltr'><strong>dngelus</strong></span> <span class='ocrx_word' id='word_1_366' title='bbox 892 3168 1117 3223; x_wconf 88' lang='lat' dir='ltr'><strong>Domini.</strong></span> <span class='ocrx_word' id='word_1_367' title='bbox 1150 3168 1312 3239; x_wconf 67' lang='lat' dir='ltr'><strong>Marc.</strong></span> <span class='ocrx_word' id='word_1_368' title='bbox 1350 3185 1388 3234; x_wconf 91' lang='lat' dir='ltr'><strong>I,</strong></span> <span class='ocrx_word' id='word_1_369' title='bbox 1428 3168 1480 3221; x_wconf 75' lang='lat'><strong>‘2.</strong></span> 
     </span>
    </p>
   </div>
   <div class='ocr_carea' id='block_1_51' title="bbox 516 3234 1999 3305">
    <p class='ocr_par' dir='ltr' id='par_1_51' title="bbox 516 3234 1999 3305">
     <span class='ocr_line' id='line_1_51' title="bbox 516 3234 1999 3305; baseline -0.001 -14"><span class='ocrx_word' id='word_1_370' title='bbox 516 3234 593 3305; x_wconf 73' lang='grc'><strong>(4)</strong></span> <span class='ocrx_word' id='word_1_371' title='bbox 637 3234 940 3290; x_wconf 73' lang='grc' dir='ltr'>Ρνὶυειινδον</span> <span class='ocrx_word' id='word_1_372' title='bbox 975 3239 1206 3293; x_wconf 82' lang='lat' dir='ltr'><strong>Domini.</strong></span> <span class='ocrx_word' id='word_1_373' title='bbox 1236 3237 1599 3292; x_wconf 86' lang='lat' dir='ltr'><strong>Tertullianus</strong></span> <span class='ocrx_word' id='word_1_374' title='bbox 1621 3237 1712 3291; x_wconf 91' lang='lat' dir='ltr'><strong>lib.</strong></span> <span class='ocrx_word' id='word_1_375' title='bbox 1747 3236 1822 3291; x_wconf 84' lang='lat' dir='ltr'><strong>De</strong></span> <span class='ocrx_word' id='word_1_376' title='bbox 1858 3237 1999 3304; x_wconf 79' lang='lat' dir='ltr'><strong>bapt.</strong></span> 
     </span>
    </p>
   </div>
   <div class='ocr_carea' id='block_1_52' title="bbox 442 3306 2003 3376">
    <p class='ocr_par' dir='ltr' id='par_1_52' title="bbox 442 3306 2003 3376">
     <span class='ocr_line' id='line_1_52' title="bbox 442 3306 2003 3376; baseline -0.002 -15"><span class='ocrx_word' id='word_1_377' title='bbox 442 3322 564 3375; x_wconf 83' lang='lat' dir='ltr'><strong>cap.</strong></span> <span class='ocrx_word' id='word_1_378' title='bbox 601 3308 671 3360; x_wconf 72' lang='grc' dir='ltr'><strong>ϐε</strong></span> <span class='ocrx_word' id='word_1_379' title='bbox 704 3325 722 3356; x_wconf 70' lang='grc' dir='ltr'><strong>ι</strong></span> <span class='ocrx_word' id='word_1_380' title='bbox 756 3306 849 3361; x_wconf 88' lang='lat' dir='ltr'><strong>Hic</strong></span> <span class='ocrx_word' id='word_1_381' title='bbox 903 3323 1115 3376; x_wconf 89' lang='lat' dir='ltr'><strong>quoque</strong></span> <span class='ocrx_word' id='word_1_382' title='bbox 1168 3311 1333 3375; x_wconf 80' lang='lat' dir='ltr'><strong>figura</strong></span> <span class='ocrx_word' id='word_1_383' title='bbox 1377 3308 1668 3376; x_wconf 67' lang='lat' dir='ltr'><strong>praecessit.</strong></span> <span class='ocrx_word' id='word_1_384' title='bbox 1725 3308 1816 3362; x_wconf 89' lang='lat' dir='ltr'><strong>Sic</strong></span> <span class='ocrx_word' id='word_1_385' title='bbox 1860 3308 2003 3360; x_wconf 89' lang='lat' dir='ltr'><strong>enim</strong></span> 
     </span>
    </p>
   </div>
   <div class='ocr_carea' id='block_1_53' title="bbox 440 3376 2004 3445">
    <p class='ocr_par' dir='ltr' id='par_1_53' title="bbox 440 3376 2004 3445">
     <span class='ocr_line' id='line_1_53' title="bbox 440 3376 2004 3445; baseline -0.003 -13"><span class='ocrx_word' id='word_1_386' title='bbox 440 3376 677 3432; x_wconf 72' lang='lat' dir='ltr'><strong>Joannes</strong></span> <span class='ocrx_word' id='word_1_387' title='bbox 708 3386 831 3429; x_wconf 86' lang='lat' dir='ltr'><strong>ante</strong></span> <span class='ocrx_word' id='word_1_388' title='bbox 865 3394 1162 3445; x_wconf 69' lang='lat' dir='ltr'><strong>praecursor</strong></span> <span class='ocrx_word' id='word_1_389' title='bbox 1188 3378 1394 3432; x_wconf 88' lang='lat' dir='ltr'><strong>Domini</strong></span> <span class='ocrx_word' id='word_1_390' title='bbox 1435 3377 1599 3431; x_wconf 86' lang='lat' dir='ltr'><strong>fuit...</strong></span> <span class='ocrx_word' id='word_1_391' title='bbox 1648 3377 1718 3430; x_wconf 91' lang='lat' dir='ltr'><strong>ita</strong></span> <span class='ocrx_word' id='word_1_392' title='bbox 1754 3387 1808 3429; x_wconf 89' lang='lat' dir='ltr'><strong>et</strong></span> <span class='ocrx_word' id='word_1_393' title='bbox 1840 3391 2004 3444; x_wconf 81' lang='lat' dir='ltr'><strong>ange-</strong></span> 
     </span>
    </p>
   </div>
   <div class='ocr_carea' id='block_1_54' title="bbox 443 3446 2006 3516">
    <p class='ocr_par' dir='ltr' id='par_1_54' title="bbox 443 3446 2006 3516">
     <span class='ocr_line' id='line_1_54' title="bbox 443 3446 2006 3516; baseline -0.002 -16"><span class='ocrx_word' id='word_1_394' title='bbox 443 3446 528 3500; x_wconf 88' lang='lat' dir='ltr'><strong>lus</strong></span> <span class='ocrx_word' id='word_1_395' title='bbox 567 3448 813 3513; x_wconf 88' lang='lat' dir='ltr'><strong>baptismi</strong></span> <span class='ocrx_word' id='word_1_396' title='bbox 865 3446 1066 3501; x_wconf 81' lang='lat' dir='ltr'><strong>arbiter</strong></span> <span class='ocrx_word' id='word_1_397' title='bbox 1116 3457 1500 3514; x_wconf 89' lang='lat' dir='ltr'><strong>supervcnturo</strong></span> <span class='ocrx_word' id='word_1_398' title='bbox 1558 3446 1779 3516; x_wconf 88' lang='lat' dir='ltr'><strong>Spiritui</strong></span> <span class='ocrx_word' id='word_1_399' title='bbox 1819 3456 2006 3500; x_wconf 90' lang='lat' dir='ltr'><strong>sancto</strong></span> 
     </span>
    </p>
   </div>
   <div class='ocr_carea' id='block_1_55' title="bbox 444 3516 1491 3578">
    <p class='ocr_par' dir='ltr' id='par_1_55' title="bbox 444 3516 1491 3578">
     <span class='ocr_line' id='line_1_55' title="bbox 444 3516 1491 3578; baseline -0.002 -9"><span class='ocrx_word' id='word_1_400' title='bbox 444 3519 559 3569; x_wconf 88' lang='lat' dir='ltr'><strong>vias</strong></span> <span class='ocrx_word' id='word_1_401' title='bbox 586 3516 767 3578; x_wconf 82' lang='lat' dir='ltr'><strong>dirigit</strong></span> <span class='ocrx_word' id='word_1_402' title='bbox 795 3516 1068 3569; x_wconf 87' lang='lat' dir='ltr'><strong>ablutionc</strong></span> <span class='ocrx_word' id='word_1_403' title='bbox 1093 3518 1424 3572; x_wconf 86' lang='lat' dir='ltr'><strong>delictorum.</strong></span> <span class='ocrx_word' id='word_1_404' title='bbox 1473 3533 1491 3567; x_wconf 81' lang='grc' dir='ltr'><strong>ι</strong></span> 
     </span>
    </p>
   </div>
   <div class='ocr_carea' id='block_1_56' title="bbox 517 3582 2007 3655">
    <p class='ocr_par' dir='ltr' id='par_1_56' title="bbox 517 3582 2007 3655">
     <span class='ocr_line' id='line_1_56' title="bbox 517 3582 2007 3655; baseline 0.001 -18"><span class='ocrx_word' id='word_1_405' title='bbox 517 3585 888 3655; x_wconf 65' lang='grc' dir='ltr'><strong>(5)(21ινὶεηια.</strong></span> <span class='ocrx_word' id='word_1_406' title='bbox 919 3584 1081 3640; x_wconf 85' lang='lat' dir='ltr'><strong>Plane</strong></span> <span class='ocrx_word' id='word_1_407' title='bbox 1132 3587 1323 3641; x_wconf 89' lang='lat' dir='ltr'><strong>similia</strong></span> <span class='ocrx_word' id='word_1_408' title='bbox 1378 3583 1593 3655; x_wconf 79' lang='lat' dir='ltr'><strong>scripsit</strong></span> <span class='ocrx_word' id='word_1_409' title='bbox 1647 3582 2007 3655; x_wconf 87' lang='lat' dir='ltr'><strong>Tertullianns</strong></span> 
     </span>
    </p>
   </div>
   <div class='ocr_carea' id='block_1_57' title="bbox 448 3652 2004 3725">
    <p class='ocr_par' dir='ltr' id='par_1_57' title="bbox 448 3652 2004 3725">
     <span class='ocr_line' id='line_1_57' title="bbox 448 3652 2004 3725; baseline -0.001 -17"><span class='ocrx_word' id='word_1_410' title='bbox 448 3652 540 3708; x_wconf 74' lang='lat' dir='ltr'><strong>lib.</strong></span> <span class='ocrx_word' id='word_1_411' title='bbox 574 3652 650 3708; x_wconf 83' lang='lat' dir='ltr'><strong>De</strong></span> <span class='ocrx_word' id='word_1_412' title='bbox 678 3655 818 3720; x_wconf 81' lang='lat' dir='ltr'><strong>bapt.</strong></span> <span class='ocrx_word' id='word_1_413' title='bbox 850 3670 992 3722; x_wconf 85' lang='lat' dir='ltr'><strong>-cap.</strong></span> <span class='ocrx_word' id='word_1_414' title='bbox 1020 3656 1069 3709; x_wconf 88' lang='lat'><strong>7.</strong></span> <span class='ocrx_word' id='word_1_415' title='bbox 1111 3675 1129 3705; x_wconf 71' lang='grc' dir='ltr'><strong>ι</strong></span> <span class='ocrx_word' id='word_1_416' title='bbox 1175 3656 1385 3725; x_wconf 79' lang='lat' dir='ltr'><strong>Egressi</strong></span> <span class='ocrx_word' id='word_1_417' title='bbox 1433 3652 1502 3708; x_wconf 74' lang='lat' dir='ltr'><strong>d&#39;e</strong></span> <span class='ocrx_word' id='word_1_418' title='bbox 1545 3656 1782 3718; x_wconf 89' lang='lat' dir='ltr'><strong>lavacro,</strong></span> <span class='ocrx_word' id='word_1_419' title='bbox 1813 3654 2004 3721; x_wconf 84' lang='lat' dir='ltr'><strong>inquit,</strong></span> 
     </span>
    </p>
   </div>
   <div class='ocr_carea' id='block_1_58' title="bbox 444 3725 2005 3793">
    <p class='ocr_par' dir='ltr' id='par_1_58' title="bbox 444 3725 2005 3793">
     <span class='ocr_line' id='line_1_58' title="bbox 444 3725 2005 3793; baseline -0.001 -17"><span class='ocrx_word' id='word_1_420' title='bbox 444 3725 833 3793; x_wconf 77' lang='lat' dir='ltr'><strong>peruuguimur</strong></span> <span class='ocrx_word' id='word_1_421' title='bbox 885 3727 1165 3779; x_wconf 87' lang='lat' dir='ltr'><strong>benedicta</strong></span> <span class='ocrx_word' id='word_1_422' title='bbox 1210 3727 1460 3779; x_wconf 88' lang='lat' dir='ltr'><strong>unctione</strong></span> <span class='ocrx_word' id='word_1_423' title='bbox 1491 3725 1557 3778; x_wconf 90' lang='lat' dir='ltr'><strong>de</strong></span> <span class='ocrx_word' id='word_1_424' title='bbox 1592 3725 1813 3792; x_wconf 88' lang='lat' dir='ltr'><strong>pristina</strong></span> <span class='ocrx_word' id='word_1_425' title='bbox 1850 3725 2005 3776; x_wconf 78' lang='lat' dir='ltr'><strong>disci-</strong></span> 
     </span>
    </p>
   </div>
   <div class='ocr_carea' id='block_1_59' title="bbox 448 3794 2007 3863">
    <p class='ocr_par' dir='ltr' id='par_1_59' title="bbox 448 3794 2007 3863">
     <span class='ocr_line' id='line_1_59' title="bbox 448 3794 2007 3863; baseline -0.001 -17"><span class='ocrx_word' id='word_1_426' title='bbox 448 3795 610 3860; x_wconf 87' lang='lat' dir='ltr'><strong>plina,</strong></span> <span class='ocrx_word' id='word_1_427' title='bbox 642 3809 744 3860; x_wconf 87' lang='lat' dir='ltr'><strong>qua</strong></span> <span class='ocrx_word' id='word_1_428' title='bbox 773 3795 932 3863; x_wconf 87' lang='lat' dir='ltr'><strong>ungui</strong></span> <span class='ocrx_word' id='word_1_429' title='bbox 959 3794 1078 3848; x_wconf 87' lang='lat' dir='ltr'><strong>oleo</strong></span> <span class='ocrx_word' id='word_1_430' title='bbox 1108 3798 1173 3848; x_wconf 91' lang='lat' dir='ltr'><strong>de</strong></span> <span class='ocrx_word' id='word_1_431' title='bbox 1202 3810 1367 3849; x_wconf 90' lang='lat' dir='ltr'><strong>cornu</strong></span> <span class='ocrx_word' id='word_1_432' title='bbox 1394 3796 1443 3847; x_wconf 92' lang='lat' dir='ltr'><strong>in</strong></span> <span class='ocrx_word' id='word_1_433' title='bbox 1468 3794 1823 3847; x_wconf 89' lang='lat' dir='ltr'><strong>sacerdotium</strong></span> <span class='ocrx_word' id='word_1_434' title='bbox 1866 3794 2007 3863; x_wconf 76' lang='lat' dir='ltr'><strong>sole-</strong></span> 
     </span>
    </p>
   </div>
   <div class='ocr_carea' id='block_1_60' title="bbox 445 3861 2007 3934">
    <p class='ocr_par' dir='ltr' id='par_1_60' title="bbox 445 3861 2007 3934">
     <span class='ocr_line' id='line_1_60' title="bbox 445 3861 2007 3934; baseline -0.001 -18"><span class='ocrx_word' id='word_1_435' title='bbox 445 3865 593 3917; x_wconf 87' lang='lat' dir='ltr'><strong>bant.</strong></span> <span class='ocrx_word' id='word_1_436' title='bbox 634 3864 705 3934; x_wconf 70' lang='lat' dir='ltr'><strong>hx</strong></span> <span class='ocrx_word' id='word_1_437' title='bbox 732 3861 1036 3931; x_wconf 40' lang='lat' dir='ltr'><strong>quo—Aaron</strong></span> <span class='ocrx_word' id='word_1_438' title='bbox 1059 3881 1087 3918; x_wconf 91' lang='lat' dir='ltr'><strong>a</strong></span> <span class='ocrx_word' id='word_1_439' title='bbox 1118 3864 1293 3934; x_wconf 79' lang='lat' dir='ltr'><strong>Moyse</strong></span> <span class='ocrx_word' id='word_1_440' title='bbox 1328 3874 1517 3917; x_wconf 91' lang='lat' dir='ltr'><strong>unctus</strong></span> <span class='ocrx_word' id='word_1_441' title='bbox 1538 3873 1640 3924; x_wconf 88' lang='lat' dir='ltr'><strong>est,</strong></span> <span class='ocrx_word' id='word_1_442' title='bbox 1677 3863 1818 3917; x_wconf 85' lang='lat' dir='ltr'><strong>unde</strong></span> <span class='ocrx_word' id='word_1_443' title='bbox 1850 3861 2007 3917; x_wconf 86' lang='lat' dir='ltr'><strong>Chri-</strong></span> 
     </span>
    </p>
   </div>
   <div class='ocr_carea' id='block_1_61' title="bbox 449 3933 1754 4002">
    <p class='ocr_par' dir='ltr' id='par_1_61' title="bbox 449 3933 1754 4002">
     <span class='ocr_line' id='line_1_61' title="bbox 449 3933 1754 4002; baseline -0.003 -15"><span class='ocrx_word' id='word_1_444' title='bbox 449 3945 565 3987; x_wconf 68' lang='lat' dir='ltr'><strong>stus</strong></span> <span class='ocrx_word' id='word_1_445' title='bbox 594 3933 791 4002; x_wconf 88' lang='lat' dir='ltr'><strong>dicitur</strong></span> <span class='ocrx_word' id='word_1_446' title='bbox 816 3948 845 3985; x_wconf 89' lang='lat' dir='ltr'><strong>a</strong></span> <span class='ocrx_word' id='word_1_447' title='bbox 870 3934 1179 3995; x_wconf 79' lang='lat' dir='ltr'><strong>chrismate.</strong></span> <span class='ocrx_word' id='word_1_448' title='bbox 1206 3933 1347 4002; x_wconf 83' lang='lat' dir='ltr'><strong>quod</strong></span> <span class='ocrx_word' id='word_1_449' title='bbox 1378 3943 1459 3985; x_wconf 86' lang='lat' dir='ltr'><strong>est</strong></span> <span class='ocrx_word' id='word_1_450' title='bbox 1495 3934 1694 3985; x_wconf 87' lang='lat' dir='ltr'><strong>unctio.</strong></span> <span class='ocrx_word' id='word_1_451' title='bbox 1736 3951 1754 3983; x_wconf 81' lang='grc' dir='ltr'><strong>ι</strong></span> 
     </span>
    </p>
   </div>
   <div class='ocr_carea' id='block_1_62' title="bbox 520 4000 2006 4072">
    <p class='ocr_par' dir='ltr' id='par_1_62' title="bbox 520 4000 2006 4072">
     <span class='ocr_line' id='line_1_62' title="bbox 520 4000 2006 4072; baseline -0.001 -18"><span class='ocrx_word' id='word_1_452' title='bbox 520 4002 594 4072; x_wconf 87' lang='grc'><strong>(6)</strong></span> <span class='ocrx_word' id='word_1_453' title='bbox 635 4001 831 4054; x_wconf 84' lang='lat' dir='ltr'><strong>Cornu.</strong></span> <span class='ocrx_word' id='word_1_454' title='bbox 896 4002 1025 4055; x_wconf 82' lang='lat' dir='ltr'><strong>Vide</strong></span> <span class='ocrx_word' id='word_1_455' title='bbox 1094 4002 1113 4055; x_wconf 95' lang='lat' dir='ltr'><strong>l</strong></span> <span class='ocrx_word' id='word_1_456' title='bbox 1164 4000 1293 4072; x_wconf 70' lang='lat' dir='ltr'><strong>ltég.</strong></span> <span class='ocrx_word' id='word_1_457' title='bbox 1333 4018 1453 4066; x_wconf 74' lang='lat' dir='ltr'><strong>xw,</strong></span> <span class='ocrx_word' id='word_1_458' title='bbox 1506 4002 1531 4054; x_wconf 83' lang='grc'><strong>1</strong></span> <span class='ocrx_word' id='word_1_459' title='bbox 1585 4012 1638 4055; x_wconf 90' lang='lat' dir='ltr'><strong>et</strong></span> <span class='ocrx_word' id='word_1_460' title='bbox 1680 4002 1764 4067; x_wconf 75' lang='grc'><strong>15,</strong></span> <span class='ocrx_word' id='word_1_461' title='bbox 1813 4011 1870 4055; x_wconf 92' lang='lat' dir='ltr'><strong>et</strong></span> <span class='ocrx_word' id='word_1_462' title='bbox 1921 4000 2006 4065; x_wconf 87' lang='lat' dir='ltr'><strong>Ill,</strong></span> 
     </span>
    </p>
   </div>
   <div class='ocr_carea' id='block_1_63' title="bbox 450 4072 2011 4141">
    <p class='ocr_par' dir='ltr' id='par_1_63' title="bbox 450 4072 2011 4141">
     <span class='ocr_line' id='line_1_63' title="bbox 450 4072 2011 4141; baseline 0 -17"><span class='ocrx_word' id='word_1_463' title='bbox 450 4072 583 4141; x_wconf 69' lang='lat' dir='ltr'><strong>Reg.</strong></span> <span class='ocrx_word' id='word_1_464' title='bbox 627 4087 664 4131; x_wconf 87' lang='grc' dir='ltr'><strong>ι.</strong></span> <span class='ocrx_word' id='word_1_465' title='bbox 721 4072 811 4135; x_wconf 83' lang='grc'><strong>59,</strong></span> <span class='ocrx_word' id='word_1_466' title='bbox 865 4081 972 4126; x_wconf 88' lang='lat' dir='ltr'><strong>etc.</strong></span> <span class='ocrx_word' id='word_1_467' title='bbox 1015 4072 1090 4129; x_wconf 85' lang='lat' dir='ltr'><strong>De</strong></span> <span class='ocrx_word' id='word_1_468' title='bbox 1153 4075 1404 4126; x_wconf 86' lang='lat' dir='ltr'><strong>unctione</strong></span> <span class='ocrx_word' id='word_1_469' title='bbox 1456 4086 1581 4125; x_wconf 83' lang='lat' dir='ltr'><strong>vero</strong></span> <span class='ocrx_word' id='word_1_470' title='bbox 1622 4072 1849 4126; x_wconf 87' lang='lat' dir='ltr'><strong>Aarouis</strong></span> <span class='ocrx_word' id='word_1_471' title='bbox 1892 4073 2011 4125; x_wconf 84' lang='lat' dir='ltr'><strong>vide</strong></span> 
     </span>
    </p>
   </div>
   <div class='ocr_carea' id='block_1_64' title="bbox 451 4135 887 4199">
    <p class='ocr_par' dir='ltr' id='par_1_64' title="bbox 451 4135 887 4199">
     <span class='ocr_line' id='line_1_64' title="bbox 451 4135 887 4199; baseline 0.005 -6"><span class='ocrx_word' id='word_1_472' title='bbox 451 4135 619 4193; x_wconf 59' lang='lat' dir='ltr'><strong>Lavit.</strong></span> <span class='ocrx_word' id='word_1_473' title='bbox 648 4156 766 4199; x_wconf 84' lang='lat' dir='ltr'><strong>VIII.</strong></span> <span class='ocrx_word' id='word_1_474' title='bbox 804 4142 887 4195; x_wconf 76' lang='lat' dir='ltr'><strong>l2.</strong></span> 
     </span>
    </p>
   </div>
   <div class='ocr_carea' id='block_1_65' title="bbox 520 4210 2012 4282">
    <p class='ocr_par' dir='ltr' id='par_1_65' title="bbox 520 4210 2012 4282">
     <span class='ocr_line' id='line_1_65' title="bbox 520 4210 2012 4282; baseline -0.001 -19"><span class='ocrx_word' id='word_1_475' title='bbox 520 4211 594 4282; x_wconf 71' lang='grc' dir='ltr'><strong>(Ἰ)</strong></span> <span class='ocrx_word' id='word_1_476' title='bbox 636 4210 853 4282; x_wconf 75' lang='lat' dir='ltr'><strong>Christi.</strong></span> <span class='ocrx_word' id='word_1_477' title='bbox 913 4210 1115 4269; x_wconf 83' lang='lat' dir='ltr'><strong>Codex.</strong></span> <span class='ocrx_word' id='word_1_478' title='bbox 1149 4211 1396 4282; x_wconf 78' lang='grc' dir='ltr'>χρηστοί,</span> <span class='ocrx_word' id='word_1_479' title='bbox 1426 4210 1495 4282; x_wconf 74' lang='lat' dir='ltr'><strong>id</strong></span> <span class='ocrx_word' id='word_1_480' title='bbox 1529 4219 1631 4272; x_wconf 88' lang='lat' dir='ltr'><strong>est,</strong></span> <span class='ocrx_word' id='word_1_481' title='bbox 1668 4229 1686 4261; x_wconf 73' lang='grc' dir='ltr'><strong>ι</strong></span> <span class='ocrx_word' id='word_1_482' title='bbox 1734 4210 1914 4282; x_wconf 79' lang='lat' dir='ltr'><strong>faciles</strong></span> <span class='ocrx_word' id='word_1_483' title='bbox 1957 4216 2012 4263; x_wconf 86' lang='lat' dir='ltr'><strong>et</strong></span> 
     </span>
    </p>
   </div>
   <div class='ocr_carea' id='block_1_66' title="bbox 451 4279 2012 4352">
    <p class='ocr_par' dir='ltr' id='par_1_66' title="bbox 451 4279 2012 4352">
     <span class='ocr_line' id='line_1_66' title="bbox 451 4279 2012 4352; baseline 0 -19"><span class='ocrx_word' id='word_1_484' title='bbox 451 4280 683 4349; x_wconf 84' lang='lat' dir='ltr'><strong>benigni.</strong></span> <span class='ocrx_word' id='word_1_485' title='bbox 723 4298 741 4329; x_wconf 84' lang='grc' dir='ltr'><strong>ι</strong></span> <span class='ocrx_word' id='word_1_486' title='bbox 784 4279 1199 4352; x_wconf 70' lang='lat' dir='ltr'><strong>Sed_legendunI</strong></span> <span class='ocrx_word' id='word_1_487' title='bbox 1227 4279 1456 4352; x_wconf 84' lang='grc' dir='ltr'>χριστοί,</span> <span class='ocrx_word' id='word_1_488' title='bbox 1490 4288 1547 4333; x_wconf 82' lang='grc' dir='ltr'><strong>ιιι</strong></span> <span class='ocrx_word' id='word_1_489' title='bbox 1569 4289 1714 4349; x_wconf 91' lang='lat' dir='ltr'><strong>puto.</strong></span> <span class='ocrx_word' id='word_1_490' title='bbox 1752 4281 1881 4335; x_wconf 76' lang='lat' dir='ltr'><strong>Vide</strong></span> <span class='ocrx_word' id='word_1_491' title='bbox 1916 4295 2012 4334; x_wconf 89' lang='lat' dir='ltr'><strong>no-</strong></span> 
     </span>
    </p>
   </div>
   <div class='ocr_carea' id='block_1_67' title="bbox 451 4350 1029 4418">
    <p class='ocr_par' dir='ltr' id='par_1_67' title="bbox 451 4350 1029 4418">
     <span class='ocr_line' id='line_1_67' title="bbox 451 4350 1029 4418; baseline 0.002 -16"><span class='ocrx_word' id='word_1_492' title='bbox 451 4362 533 4402; x_wconf 86' lang='lat' dir='ltr'><strong>tas</strong></span> <span class='ocrx_word' id='word_1_493' title='bbox 561 4352 624 4402; x_wconf 82' lang='lat' dir='ltr'><strong>ad</strong></span> <span class='ocrx_word' id='word_1_494' title='bbox 653 4365 817 4418; x_wconf 77' lang='lat' dir='ltr'><strong>segni.</strong></span> <span class='ocrx_word' id='word_1_495' title='bbox 853 4350 953 4403; x_wconf 83' lang='grc'><strong>170</strong></span> <span class='ocrx_word' id='word_1_496' title='bbox 982 4351 1029 4403; x_wconf 91' lang='lat' dir='ltr'><strong>b.</strong></span> 
     </span>
    </p>
   </div>
   <div class='ocr_carea' id='block_1_68' title="bbox 2100 2020 3638 2098">
    <p class='ocr_par' dir='ltr' id='par_1_68' title="bbox 2100 2020 3638 2098">
     <span class='ocr_line' id='line_1_68' title="bbox 2100 2020 3638 2098; baseline -0.007 -17"><span class='ocrx_word' id='word_1_497' title='bbox 2100 2028 2382 2098; x_wconf 79' lang='grc' dir='ltr'>πνεύματα</span> <span class='ocrx_word' id='word_1_498' title='bbox 2411 2027 2516 2080; x_wconf 81' lang='grc' dir='ltr'>ἀπὸ</span> <span class='ocrx_word' id='word_1_499' title='bbox 2554 2027 2662 2078; x_wconf 85' lang='grc' dir='ltr'>τῶν</span> <span class='ocrx_word' id='word_1_500' title='bbox 2704 2024 2955 2094; x_wconf 80' lang='grc' dir='ltr'>καθαρῶν</span> <span class='ocrx_word' id='word_1_501' title='bbox 3002 2025 3291 2093; x_wconf 80' lang='grc' dir='ltr'>ἀναχωρεῖ,</span> <span class='ocrx_word' id='word_1_502' title='bbox 3331 2020 3638 2090; x_wconf 62' lang='grc' dir='ltr'>παραχρῆμα</span> 
     </span>
    </p>
   </div>
   <div class='ocr_carea' id='block_1_69' title="bbox 2099 2111 3640 2189">
    <p class='ocr_par' dir='ltr' id='par_1_69' title="bbox 2099 2111 3640 2189">
     <span class='ocr_line' id='line_1_69' title="bbox 2099 2111 3640 2189; baseline -0.006 -19"><span class='ocrx_word' id='word_1_503' title='bbox 2099 2120 2167 2172; x_wconf 71' lang='grc' dir='ltr'><strong>τὰ</strong></span> <span class='ocrx_word' id='word_1_504' title='bbox 2199 2119 2435 2189; x_wconf 80' lang='grc' dir='ltr'>κοσμικὰ</span> <span class='ocrx_word' id='word_1_505' title='bbox 2466 2118 2763 2188; x_wconf 79' lang='grc' dir='ltr'>πράγματα</span> <span class='ocrx_word' id='word_1_506' title='bbox 2784 2116 3007 2185; x_wconf 77' lang='grc' dir='ltr'>οἴχεται,</span> <span class='ocrx_word' id='word_1_507' title='bbox 3032 2115 3125 2166; x_wconf 67' lang='grc' dir='ltr'><strong>καὶ</strong></span> <span class='ocrx_word' id='word_1_508' title='bbox 3148 2114 3213 2165; x_wconf 83' lang='grc' dir='ltr'>τὰ</span> <span class='ocrx_word' id='word_1_509' title='bbox 3235 2111 3515 2179; x_wconf 71' lang='grc' dir='ltr'>σωματικὰ</span> <span class='ocrx_word' id='word_1_510' title='bbox 3537 2128 3640 2161; x_wconf 69' lang='grc' dir='ltr'>πιν-</span> 
     </span>
    </p>
   </div>
   <div class='ocr_carea' id='block_1_70' title="bbox 2098 2204 3638 2279">
    <p class='ocr_par' dir='ltr' id='par_1_70' title="bbox 2098 2204 3638 2279">
     <span class='ocr_line' id='line_1_70' title="bbox 2098 2204 3638 2279; baseline -0.006 -16"><span class='ocrx_word' id='word_1_511' title='bbox 2098 2214 2214 2263; x_wconf 79' lang='grc' dir='ltr'>τοῖα</span> <span class='ocrx_word' id='word_1_512' title='bbox 2247 2210 2388 2279; x_wconf 74' lang='grc' dir='ltr'>πάθη</span> <span class='ocrx_word' id='word_1_513' title='bbox 2422 2207 2659 2262; x_wconf 73' lang='grc' dir='ltr'>ἐκποδὼν</span> <span class='ocrx_word' id='word_1_514' title='bbox 2681 2207 3028 2259; x_wconf 72' lang='grc' dir='ltr'>καθίσταται·</span> <span class='ocrx_word' id='word_1_515' title='bbox 3060 2204 3128 2258; x_wconf 75' lang='grc' dir='ltr'><strong>τὰ</strong></span> <span class='ocrx_word' id='word_1_516' title='bbox 3156 2205 3465 2273; x_wconf 79' lang='grc' dir='ltr'>πταίσματα</span> <span class='ocrx_word' id='word_1_517' title='bbox 3492 2204 3638 2255; x_wconf 65' lang='grc' dir='ltr'>πάν-ει</span> 
     </span>
    </p>
   </div>
   <div class='ocr_carea' id='block_1_71' title="bbox 2106 2294 3639 2369">
    <p class='ocr_par' dir='ltr' id='par_1_71' title="bbox 2106 2294 3639 2369">
     <span class='ocr_line' id='line_1_71' title="bbox 2106 2294 3639 2369; baseline -0.008 -14"><span class='ocrx_word' id='word_1_518' title='bbox 2106 2302 2346 2369; x_wconf 74' lang='grc' dir='ltr'>ἀφίεται,</span> <span class='ocrx_word' id='word_1_519' title='bbox 2377 2302 2445 2352; x_wconf 80' lang='grc' dir='ltr'>τὰ</span> <span class='ocrx_word' id='word_1_520' title='bbox 2471 2299 2708 2369; x_wconf 75' lang='grc' dir='ltr'>ὀνόματα</span> <span class='ocrx_word' id='word_1_521' title='bbox 2734 2298 2887 2368; x_wconf 77' lang='grc' dir='ltr'>ἡμῶν</span> <span class='ocrx_word' id='word_1_522' title='bbox 2912 2296 3313 2360; x_wconf 78' lang='grc' dir='ltr'>ἀνεξαλείπτοις</span> <span class='ocrx_word' id='word_1_523' title='bbox 3336 2294 3639 2365; x_wconf 60' lang='grc' dir='ltr'>ἐγγράφεται</span> 
     </span>
    </p>
   </div>
   <div class='ocr_carea' id='block_1_72' title="bbox 2110 2386 3640 2464">
    <p class='ocr_par' dir='ltr' id='par_1_72' title="bbox 2110 2386 3640 2464">
     <span class='ocr_line' id='line_1_72' title="bbox 2110 2386 3640 2464; baseline -0.006 -20"><span class='ocrx_word' id='word_1_524' title='bbox 2110 2393 2331 2464; x_wconf 85' lang='grc' dir='ltr'>βίϐλοις,</span> <span class='ocrx_word' id='word_1_525' title='bbox 2362 2392 2431 2444; x_wconf 75' lang='grc' dir='ltr'>τὰ</span> <span class='ocrx_word' id='word_1_526' title='bbox 2461 2390 2687 2460; x_wconf 73' lang='grc' dir='ltr'>οὐράνια</span> <span class='ocrx_word' id='word_1_527' title='bbox 2714 2391 2845 2460; x_wconf 83' lang='grc' dir='ltr'>ἡμῖν</span> <span class='ocrx_word' id='word_1_528' title='bbox 2869 2389 3219 2456; x_wconf 78' lang='grc' dir='ltr'>ἐπιτρέπεται</span> <span class='ocrx_word' id='word_1_529' title='bbox 3246 2388 3425 2454; x_wconf 77' lang='grc' dir='ltr'>ἁγαθά</span> <span class='ocrx_word' id='word_1_530' title='bbox 3449 2403 3462 2415; x_wconf 90' lang='grc'><strong>·</strong></span> <span class='ocrx_word' id='word_1_531' title='bbox 3488 2386 3556 2448; x_wconf 76' lang='grc' dir='ltr'><strong>ὡς</strong></span> <span class='ocrx_word' id='word_1_532' title='bbox 3571 2386 3640 2437; x_wconf 70' lang='lat'><strong>62&#39;:</strong></span> 
     </span>
    </p>
   </div>
   <div class='ocr_carea' id='block_1_73' title="bbox 2103 2478 3641 2557">
    <p class='ocr_par' dir='ltr' id='par_1_73' title="bbox 2103 2478 3641 2557">
     <span class='ocr_line' id='line_1_73' title="bbox 2103 2478 3641 2557; baseline -0.008 -19"><span class='ocrx_word' id='word_1_533' title='bbox 2103 2487 2202 2557; x_wconf 80' lang='grc' dir='ltr'><strong>τὴν</strong></span> <span class='ocrx_word' id='word_1_534' title='bbox 2252 2484 2455 2553; x_wconf 69' lang='grc' dir='ltr'>ἄφατον</span> <span class='ocrx_word' id='word_1_535' title='bbox 2502 2483 2670 2553; x_wconf 80' lang='grc' dir='ltr'>αὐτῆς</span> <span class='ocrx_word' id='word_1_536' title='bbox 2714 2481 3055 2551; x_wconf 74' lang='grc' dir='ltr'>ἑτοιμότητα,</span> <span class='ocrx_word' id='word_1_537' title='bbox 3087 2481 3180 2532; x_wconf 73' lang='grc' dir='ltr'><strong>καὶ</strong></span> <span class='ocrx_word' id='word_1_538' title='bbox 3220 2478 3542 2550; x_wconf 77' lang='grc' dir='ltr'>προμηθίαν,</span> <span class='ocrx_word' id='word_1_539' title='bbox 3566 2480 3641 2530; x_wconf 68' lang='grc' dir='ltr'><strong>ναὶ</strong></span> 
     </span>
    </p>
   </div>
   <div class='ocr_carea' id='block_1_74' title="bbox 2106 2570 3645 2643">
    <p class='ocr_par' dir='ltr' id='par_1_74' title="bbox 2106 2570 3645 2643">
     <span class='ocr_line' id='line_1_74' title="bbox 2106 2570 3645 2643; baseline -0.005 -14"><span class='ocrx_word' id='word_1_540' title='bbox 2106 2578 2165 2630; x_wconf 81' lang='grc' dir='ltr'>τὸ</span> <span class='ocrx_word' id='word_1_541' title='bbox 2194 2576 2393 2629; x_wconf 78' lang='grc' dir='ltr'>ἐθέλειν</span> <span class='ocrx_word' id='word_1_542' title='bbox 2425 2576 2509 2626; x_wconf 76' lang='grc' dir='ltr'>ἀεὶ</span> <span class='ocrx_word' id='word_1_543' title='bbox 2538 2576 2750 2627; x_wconf 85' lang='grc' dir='ltr'>πάντων</span> <span class='ocrx_word' id='word_1_544' title='bbox 2790 2573 2967 2626; x_wconf 80' lang='grc' dir='ltr'>καλῶν</span> <span class='ocrx_word' id='word_1_545' title='bbox 3010 2572 3327 2643; x_wconf 79' lang='grc' dir='ltr'>πρωτεύειν,</span> <span class='ocrx_word' id='word_1_546' title='bbox 3370 2570 3645 2639; x_wconf 52' lang='grc' dir='ltr'>προτεθεικ-</span> 
     </span>
    </p>
   </div>
   <div class='ocr_carea' id='block_1_75' title="bbox 2107 2663 3644 2737">
    <p class='ocr_par' dir='ltr' id='par_1_75' title="bbox 2107 2663 3644 2737">
     <span class='ocr_line' id='line_1_75' title="bbox 2107 2663 3644 2737; baseline -0.007 -17"><span class='ocrx_word' id='word_1_547' title='bbox 2107 2667 2228 2721; x_wconf 87' lang='grc' dir='ltr'>σθαι</span> <span class='ocrx_word' id='word_1_548' title='bbox 2258 2668 2347 2720; x_wconf 80' lang='grc' dir='ltr'><strong>ὑπ’</strong></span> <span class='ocrx_word' id='word_1_549' title='bbox 2373 2667 2540 2737; x_wconf 80' lang='grc' dir='ltr'>αὐτῆς</span> <span class='ocrx_word' id='word_1_550' title='bbox 2559 2668 2651 2717; x_wconf 71' lang='grc' dir='ltr'>καὶ</span> <span class='ocrx_word' id='word_1_551' title='bbox 2671 2665 2836 2735; x_wconf 80' lang='grc' dir='ltr'>αὐτὴν</span> <span class='ocrx_word' id='word_1_552' title='bbox 2862 2665 2961 2735; x_wconf 77' lang='grc' dir='ltr'><strong>τὴν</strong></span> <span class='ocrx_word' id='word_1_553' title='bbox 2984 2664 3186 2717; x_wconf 82' lang='grc' dir='ltr'>τοιάνδε</span> <span class='ocrx_word' id='word_1_554' title='bbox 3212 2663 3466 2734; x_wconf 61' lang='grc' dir='ltr'>πρόθεσιν</span> <span class='ocrx_word' id='word_1_555' title='bbox 3490 2663 3644 2731; x_wconf 68' lang='grc' dir='ltr'>ἡμῶν,</span> 
     </span>
    </p>
   </div>
   <div class='ocr_carea' id='block_1_76' title="bbox 2107 2756 3646 2829">
    <p class='ocr_par' dir='ltr' id='par_1_76' title="bbox 2107 2756 3646 2829">
     <span class='ocr_line' id='line_1_76' title="bbox 2107 2756 3646 2829; baseline -0.003 -18"><span class='ocrx_word' id='word_1_556' title='bbox 2107 2760 2140 2829; x_wconf 84' lang='grc' dir='ltr'>ἢ</span> <span class='ocrx_word' id='word_1_557' title='bbox 2168 2756 2656 2829; x_wconf 82' lang='grc' dir='ltr'>προκατάρχεσθαι.</span> <span class='ocrx_word' id='word_1_558' title='bbox 2688 2758 2797 2811; x_wconf 71' lang='grc' dir='ltr'>Καὶ</span> <span class='ocrx_word' id='word_1_559' title='bbox 2830 2758 2916 2810; x_wconf 77' lang='grc' dir='ltr'><strong>ἵνα</strong></span> <span class='ocrx_word' id='word_1_560' title='bbox 2953 2756 3248 2828; x_wconf 80' lang='grc' dir='ltr'>συλλήϐδην</span> <span class='ocrx_word' id='word_1_561' title='bbox 3282 2757 3437 2820; x_wconf 78' lang='grc' dir='ltr'>εἴπω,</span> <span class='ocrx_word' id='word_1_562' title='bbox 3469 2756 3646 2824; x_wconf 63' lang='grc' dir='ltr'>φυλάς-</span> 
     </span>
    </p>
   </div>
   <div class='ocr_carea' id='block_1_77' title="bbox 2117 2956 3649 3028">
    <p class='ocr_par' dir='ltr' id='par_1_77' title="bbox 2117 2956 3649 3028">
     <span class='ocr_line' id='line_1_77' title="bbox 2117 2956 3649 3028; baseline 0.001 -18"><span class='ocrx_word' id='word_1_563' title='bbox 2117 2956 2367 3010; x_wconf 90' lang='lat' dir='ltr'><strong>Dominus</strong></span> <span class='ocrx_word' id='word_1_564' title='bbox 2421 2957 2813 3028; x_wconf 13' lang='lat' dir='ltr'><strong>ingEvangelio</strong></span> <span class='ocrx_word' id='word_1_565' title='bbox 2861 2958 3253 3012; x_wconf 82' lang='lat' dir='ltr'><strong>determinavit.</strong></span> <span class='ocrx_word' id='word_1_566' title='bbox 3292 2978 3310 3011; x_wconf 78' lang='grc' dir='ltr'><strong>ι</strong></span> <span class='ocrx_word' id='word_1_567' title='bbox 3351 2959 3649 3013; x_wconf 82' lang='lat' dir='ltr'><strong>Ambrosius</strong></span> 
     </span>
    </p>
   </div>
   <div class='ocr_carea' id='block_1_78' title="bbox 2113 3026 3647 3096">
    <p class='ocr_par' dir='ltr' id='par_1_78' title="bbox 2113 3026 3647 3096">
     <span class='ocr_line' id='line_1_78' title="bbox 2113 3026 3647 3096; baseline 0.002 -18"><span class='ocrx_word' id='word_1_568' title='bbox 2113 3040 2289 3080; x_wconf 89' lang='lat' dir='ltr'><strong>autem</strong></span> <span class='ocrx_word' id='word_1_569' title='bbox 2320 3028 2450 3080; x_wconf 92' lang='lat' dir='ltr'><strong>libro</strong></span> <span class='ocrx_word' id='word_1_570' title='bbox 2480 3026 2558 3079; x_wconf 89' lang='lat' dir='ltr'><strong>De</strong></span> <span class='ocrx_word' id='word_1_571' title='bbox 2591 3026 2845 3096; x_wconf 70' lang='lat' dir='ltr'><strong>mysteriis</strong></span> <span class='ocrx_word' id='word_1_572' title='bbox 2876 3044 2992 3093; x_wconf 89' lang='lat' dir='ltr'><strong>cap.</strong></span> <span class='ocrx_word' id='word_1_573' title='bbox 3026 3030 3060 3083; x_wconf 86' lang='lat'><strong><em>5</em></strong></span> <span class='ocrx_word' id='word_1_574' title='bbox 3101 3047 3113 3081; x_wconf 94' lang='lat'><strong>:</strong></span> <span class='ocrx_word' id='word_1_575' title='bbox 3146 3048 3166 3080; x_wconf 69' lang='grc' dir='ltr'><strong>ι</strong></span> <span class='ocrx_word' id='word_1_576' title='bbox 3203 3031 3531 3083; x_wconf 71' lang='lat' dir='ltr'><strong>Descendisti</strong></span> <span class='ocrx_word' id='word_1_577' title='bbox 3566 3033 3647 3089; x_wconf 67' lang='lat' dir='ltr'><strong>iui-</strong></span> 
     </span>
    </p>
   </div>
   <div class='ocr_carea' id='block_1_79' title="bbox 2032 3094 3653 3168">
    <p class='ocr_par' dir='ltr' id='par_1_79' title="bbox 2032 3094 3653 3168">
     <span class='ocr_line' id='line_1_79' title="bbox 2032 3094 3653 3168; baseline -0.001 -16"><span class='ocrx_word' id='word_1_578' title='bbox 2032 3094 2075 3152; x_wconf 83' lang='lat' dir='ltr'><strong>C</strong></span> <span class='ocrx_word' id='word_1_579' title='bbox 2112 3106 2215 3160; x_wconf 87' lang='lat' dir='ltr'><strong>tur,</strong></span> <span class='ocrx_word' id='word_1_580' title='bbox 2247 3100 2527 3150; x_wconf 84' lang='lat' dir='ltr'><strong>recordare</strong></span> <span class='ocrx_word' id='word_1_581' title='bbox 2554 3094 3072 3168; x_wconf 67' lang='lat' dir='ltr'><strong>quidrespondcris,</strong></span> <span class='ocrx_word' id='word_1_582' title='bbox 3106 3100 3244 3168; x_wconf 89' lang='lat' dir='ltr'><strong>quod</strong></span> <span class='ocrx_word' id='word_1_583' title='bbox 3273 3102 3461 3153; x_wconf 89' lang='lat' dir='ltr'><strong>credas</strong></span> <span class='ocrx_word' id='word_1_584' title='bbox 3489 3103 3538 3152; x_wconf 90' lang='lat' dir='ltr'><strong>in</strong></span> <span class='ocrx_word' id='word_1_585' title='bbox 3569 3100 3653 3152; x_wconf 66' lang='lat' dir='ltr'><strong>Pn-</strong></span> 
     </span>
    </p>
   </div>
   <div class='ocr_carea' id='block_1_80' title="bbox 2110 3167 3649 3239">
    <p class='ocr_par' dir='ltr' id='par_1_80' title="bbox 2110 3167 3649 3239">
     <span class='ocr_line' id='line_1_80' title="bbox 2110 3167 3649 3239; baseline 0.003 -20"><span class='ocrx_word' id='word_1_586' title='bbox 2110 3176 2267 3229; x_wconf 84' lang='lat' dir='ltr'><strong>trem,</strong></span> <span class='ocrx_word' id='word_1_587' title='bbox 2316 3168 2507 3221; x_wconf 84' lang='lat' dir='ltr'><strong>credas</strong></span> <span class='ocrx_word' id='word_1_588' title='bbox 2566 3170 2616 3221; x_wconf 92' lang='lat' dir='ltr'><strong>in</strong></span> <span class='ocrx_word' id='word_1_589' title='bbox 2661 3167 2879 3235; x_wconf 81' lang='lat' dir='ltr'><strong>Filium,</strong></span> <span class='ocrx_word' id='word_1_590' title='bbox 2906 3171 3095 3224; x_wconf 84' lang='lat' dir='ltr'><strong>eredas</strong></span> <span class='ocrx_word' id='word_1_591' title='bbox 3151 3171 3201 3224; x_wconf 92' lang='lat' dir='ltr'><strong>in</strong></span> <span class='ocrx_word' id='word_1_592' title='bbox 3251 3168 3510 3239; x_wconf 88' lang='lat' dir='ltr'><strong>Spiritum</strong></span> <span class='ocrx_word' id='word_1_593' title='bbox 3546 3188 3649 3224; x_wconf 82' lang='lat' dir='ltr'><strong>sau-</strong></span> 
     </span>
    </p>
   </div>
   <div class='ocr_carea' id='block_1_81' title="bbox 2105 3245 2334 3291">
    <p class='ocr_par' dir='ltr' id='par_1_81' title="bbox 2105 3245 2334 3291">
     <span class='ocr_line' id='line_1_81' title="bbox 2105 3245 2334 3291; baseline -0.013 -1"><span class='ocrx_word' id='word_1_594' title='bbox 2105 3245 2269 3291; x_wconf 89' lang='lat' dir='ltr'><strong>ctum.</strong></span> <span class='ocrx_word' id='word_1_595' title='bbox 2316 3255 2334 3287; x_wconf 75' lang='grc' dir='ltr'><strong>ι</strong></span> 
     </span>
    </p>
   </div>
   <div class='ocr_carea' id='block_1_82' title="bbox 2177 3305 3651 3376">
    <p class='ocr_par' dir='ltr' id='par_1_82' title="bbox 2177 3305 3651 3376">
     <span class='ocr_line' id='line_1_82' title="bbox 2177 3305 3651 3376; baseline 0.003 -19"><span class='ocrx_word' id='word_1_596' title='bbox 2177 3306 2287 3376; x_wconf 82' lang='grc' dir='ltr'><strong>(Η)</strong></span> <span class='ocrx_word' id='word_1_597' title='bbox 2333 3305 2637 3374; x_wconf 79' lang='lat' dir='ltr'><strong>Obsignalio</strong></span> <span class='ocrx_word' id='word_1_598' title='bbox 2686 3307 2881 3361; x_wconf 81' lang='lat' dir='ltr'><strong>Christi</strong></span> <span class='ocrx_word' id='word_1_599' title='bbox 2932 3309 2987 3361; x_wconf 80' lang='lat' dir='ltr'><strong>in</strong></span> <span class='ocrx_word' id='word_1_600' title='bbox 3035 3308 3278 3376; x_wconf 81' lang='lat' dir='ltr'><strong>frontem.</strong></span> <span class='ocrx_word' id='word_1_601' title='bbox 3327 3307 3382 3361; x_wconf 86' lang='lat' dir='ltr'><strong>ld</strong></span> <span class='ocrx_word' id='word_1_602' title='bbox 3441 3310 3651 3371; x_wconf 74' lang='lat' dir='ltr'><strong>scilicet,</strong></span> 
     </span>
    </p>
   </div>
   <div class='ocr_carea' id='block_1_83' title="bbox 2105 3376 3655 3447">
    <p class='ocr_par' dir='ltr' id='par_1_83' title="bbox 2105 3376 3655 3447">
     <span class='ocr_line' id='line_1_83' title="bbox 2105 3376 3655 3447; baseline 0.003 -19"><span class='ocrx_word' id='word_1_603' title='bbox 2105 3377 2273 3447; x_wconf 89' lang='lat' dir='ltr'><strong>quod</strong></span> <span class='ocrx_word' id='word_1_604' title='bbox 2304 3376 2620 3447; x_wconf 84' lang='lat' dir='ltr'><strong>Prudentius</strong></span> <span class='ocrx_word' id='word_1_605' title='bbox 2669 3378 2721 3430; x_wconf 90' lang='lat' dir='ltr'><strong>in</strong></span> <span class='ocrx_word' id='word_1_606' title='bbox 2781 3377 3185 3447; x_wconf 82' lang='lat' dir='ltr'><strong>Psychomachia</strong></span> <span class='ocrx_word' id='word_1_607' title='bbox 3240 3389 3392 3432; x_wconf 82' lang='lat' dir='ltr'><strong>vocat</strong></span> <span class='ocrx_word' id='word_1_608' title='bbox 3429 3398 3450 3430; x_wconf 74' lang='grc' dir='ltr'><strong>ι</strong></span> <span class='ocrx_word' id='word_1_609' title='bbox 3483 3380 3655 3434; x_wconf 37' lang='lat' dir='ltr'><strong>inserit</strong></span> 
     </span>
    </p>
   </div>
   <div class='ocr_carea' id='block_1_84' title="bbox 2108 3446 3651 3515">
    <p class='ocr_par' dir='ltr' id='par_1_84' title="bbox 2108 3446 3651 3515">
     <span class='ocr_line' id='line_1_84' title="bbox 2108 3446 3651 3515; baseline 0.001 -17"><span class='ocrx_word' id='word_1_610' title='bbox 2108 3456 2195 3513; x_wconf 92' lang='lat' dir='ltr'><strong>pta</strong></span> <span class='ocrx_word' id='word_1_611' title='bbox 2231 3446 2348 3499; x_wconf 86' lang='lat' dir='ltr'><strong>oleo</strong></span> <span class='ocrx_word' id='word_1_612' title='bbox 2379 3446 2537 3498; x_wconf 90' lang='lat' dir='ltr'><strong>fronti</strong></span> <span class='ocrx_word' id='word_1_613' title='bbox 2570 3446 2872 3513; x_wconf 88' lang='lat' dir='ltr'><strong>signacula;</strong></span> <span class='ocrx_word' id='word_1_614' title='bbox 2916 3467 2935 3499; x_wconf 79' lang='grc' dir='ltr'><strong>ι</strong></span> <span class='ocrx_word' id='word_1_615' title='bbox 2972 3450 3109 3515; x_wconf 85' lang='lat' dir='ltr'><strong>quod</strong></span> <span class='ocrx_word' id='word_1_616' title='bbox 3142 3449 3387 3502; x_wconf 83' lang='lat' dir='ltr'><strong>Clemens</strong></span> <span class='ocrx_word' id='word_1_617' title='bbox 3431 3450 3651 3501; x_wconf 63' lang='lat' dir='ltr'><strong>Alexan-</strong></span> 
     </span>
    </p>
   </div>
   <div class='ocr_carea' id='block_1_85' title="bbox 2106 3515 3651 3585">
    <p class='ocr_par' dir='ltr' id='par_1_85' title="bbox 2106 3515 3651 3585">
     <span class='ocr_line' id='line_1_85' title="bbox 2106 3515 3651 3585; baseline 0.001 -16"><span class='ocrx_word' id='word_1_618' title='bbox 2106 3516 2293 3569; x_wconf 88' lang='lat' dir='ltr'><strong>drinus</strong></span> <span class='ocrx_word' id='word_1_619' title='bbox 2320 3515 2457 3581; x_wconf 86' lang='lat' dir='ltr'><strong>apud</strong></span> <span class='ocrx_word' id='word_1_620' title='bbox 2483 3515 2765 3568; x_wconf 86' lang='lat' dir='ltr'><strong>Eusebium</strong></span> <span class='ocrx_word' id='word_1_621' title='bbox 2791 3518 2879 3585; x_wconf 88' lang='lat' dir='ltr'><strong>lib.</strong></span> <span class='ocrx_word' id='word_1_622' title='bbox 2910 3534 2967 3571; x_wconf 88' lang='grc' dir='ltr'><strong>ιιι</strong></span> <span class='ocrx_word' id='word_1_623' title='bbox 3001 3517 3139 3573; x_wconf 78' lang='lat' dir='ltr'><strong>llisl.</strong></span> <span class='ocrx_word' id='word_1_624' title='bbox 3175 3520 3299 3571; x_wconf 66' lang='grc' dir='ltr'>εδει.</span> <span class='ocrx_word' id='word_1_625' title='bbox 3330 3535 3452 3585; x_wconf 89' lang='lat' dir='ltr'><strong>cap.</strong></span> <span class='ocrx_word' id='word_1_626' title='bbox 3486 3519 3555 3571; x_wconf 71' lang='lat' dir='ltr'><strong>2t)</strong></span> <span class='ocrx_word' id='word_1_627' title='bbox 3582 3536 3651 3585; x_wconf 49' lang='lat' dir='ltr'><strong>ap.</strong></span> 
     </span>
    </p>
   </div>
   <div class='ocr_carea' id='block_1_86' title="bbox 2106 3584 3657 3657">
    <p class='ocr_par' dir='ltr' id='par_1_86' title="bbox 2106 3584 3657 3657">
     <span class='ocr_line' id='line_1_86' title="bbox 2106 3584 3657 3657; baseline 0.004 -20"><span class='ocrx_word' id='word_1_628' title='bbox 2106 3586 2268 3653; x_wconf 89' lang='lat' dir='ltr'><strong>pellat</strong></span> <span class='ocrx_word' id='word_1_629' title='bbox 2293 3585 2389 3657; x_wconf 75' lang='grc' dir='ltr'>τὴν</span> <span class='ocrx_word' id='word_1_630' title='bbox 2419 3585 2689 3657; x_wconf 76' lang='grc' dir='ltr'>σφραγῖδα</span> <span class='ocrx_word' id='word_1_631' title='bbox 2722 3584 2813 3637; x_wconf 84' lang='grc' dir='ltr'>τοῦ</span> <span class='ocrx_word' id='word_1_632' title='bbox 2843 3588 3068 3657; x_wconf 76' lang='grc' dir='ltr'>Κυρίου,</span> <span class='ocrx_word' id='word_1_633' title='bbox 3103 3589 3153 3642; x_wconf 90' lang='lat' dir='ltr'><strong>id</strong></span> <span class='ocrx_word' id='word_1_634' title='bbox 3181 3586 3262 3641; x_wconf 79' lang='lat' dir='ltr'><strong>est</strong></span> <span class='ocrx_word' id='word_1_635' title='bbox 3294 3607 3312 3639; x_wconf 76' lang='grc' dir='ltr'><strong>ι</strong></span> <span class='ocrx_word' id='word_1_636' title='bbox 3345 3584 3657 3656; x_wconf 58' lang='grc' dir='ltr'>οὒείιιιῐιιιίοω</span> 
     </span>
    </p>
   </div>
   <div class='ocr_carea' id='block_1_87' title="bbox 2106 3656 3655 3727">
    <p class='ocr_par' dir='ltr' id='par_1_87' title="bbox 2106 3656 3655 3727">
     <span class='ocr_line' id='line_1_87' title="bbox 2106 3656 3655 3727; baseline 0.001 -20"><span class='ocrx_word' id='word_1_637' title='bbox 2106 3656 2588 3727; x_wconf 19' lang='grc' dir='ltr'>ιριθιιι-υοιιιὶιιιλςι</span> <span class='ocrx_word' id='word_1_638' title='bbox 2630 3657 2769 3727; x_wconf 85' lang='lat' dir='ltr'><strong>quod</strong></span> <span class='ocrx_word' id='word_1_639' title='bbox 2835 3656 3141 3727; x_wconf 85' lang='lat' dir='ltr'><strong>Cyprianus</strong></span> <span class='ocrx_word' id='word_1_640' title='bbox 3207 3660 3255 3711; x_wconf 93' lang='lat' dir='ltr'><strong>in</strong></span> <span class='ocrx_word' id='word_1_641' title='bbox 3314 3659 3544 3725; x_wconf 85' lang='lat' dir='ltr'><strong>epistola</strong></span> <span class='ocrx_word' id='word_1_642' title='bbox 3600 3663 3655 3712; x_wconf 76' lang='lat' dir='ltr'><strong>ad:</strong></span> 
     </span>
    </p>
   </div>
   <div class='ocr_carea' id='block_1_88' title="bbox 2108 3722 3657 3796">
    <p class='ocr_par' dir='ltr' id='par_1_88' title="bbox 2108 3722 3657 3796">
     <span class='ocr_line' id='line_1_88' title="bbox 2108 3722 3657 3796; baseline 0.005 -23"><span class='ocrx_word' id='word_1_643' title='bbox 2108 3722 2424 3796; x_wconf 53' lang='grc' dir='ltr'><strong>ιριιιιιίιιιιιιιιι</strong></span> <span class='ocrx_word' id='word_1_644' title='bbox 2468 3725 2594 3778; x_wconf 90' lang='lat' dir='ltr'><strong>dicit</strong></span> <span class='ocrx_word' id='word_1_645' title='bbox 2629 3722 2657 3775; x_wconf 71' lang='lat' dir='ltr'><strong>t</strong></span> <span class='ocrx_word' id='word_1_646' title='bbox 2688 3722 3021 3796; x_wconf 74' lang='lat' dir='ltr'><strong>signaculum</strong></span> <span class='ocrx_word' id='word_1_647' title='bbox 3059 3722 3423 3793; x_wconf 82' lang='lat' dir='ltr'><strong>dominicum;</strong></span> <span class='ocrx_word' id='word_1_648' title='bbox 3472 3747 3490 3777; x_wconf 78' lang='grc' dir='ltr'><strong>ι</strong></span> <span class='ocrx_word' id='word_1_649' title='bbox 3531 3732 3657 3796; x_wconf 78' lang='lat' dir='ltr'><strong>quod</strong></span> 
     </span>
    </p>
   </div>
   <div class='ocr_carea' id='block_1_89' title="bbox 2109 3792 3659 3864">
    <p class='ocr_par' dir='ltr' id='par_1_89' title="bbox 2109 3792 3659 3864">
     <span class='ocr_line' id='line_1_89' title="bbox 2109 3792 3659 3864; baseline 0.004 -18"><span class='ocrx_word' id='word_1_650' title='bbox 2109 3792 2469 3848; x_wconf 87' lang='lat' dir='ltr'><strong>Tertullianus</strong></span> <span class='ocrx_word' id='word_1_651' title='bbox 2504 3796 2703 3848; x_wconf 89' lang='lat' dir='ltr'><strong>indicat</strong></span> <span class='ocrx_word' id='word_1_652' title='bbox 2726 3796 2776 3847; x_wconf 88' lang='lat' dir='ltr'><strong>itt</strong></span> <span class='ocrx_word' id='word_1_653' title='bbox 2801 3795 2936 3849; x_wconf 90' lang='lat' dir='ltr'><strong>libro</strong></span> <span class='ocrx_word' id='word_1_654' title='bbox 2962 3795 3039 3850; x_wconf 83' lang='lat' dir='ltr'><strong>De</strong></span> <span class='ocrx_word' id='word_1_655' title='bbox 3067 3792 3659 3864; x_wconf 44' lang='lat' dir='ltr'><strong>prwscriptionibus&#39;htz»</strong></span> 
     </span>
    </p>
   </div>
   <div class='ocr_carea' id='block_1_90' title="bbox 2110 3864 3657 3933">
    <p class='ocr_par' dir='ltr' id='par_1_90' title="bbox 2110 3864 3657 3933">
     <span class='ocr_line' id='line_1_90' title="bbox 2110 3864 3657 3933; baseline 0.003 -20"><span class='ocrx_word' id='word_1_656' title='bbox 2110 3864 2387 3916; x_wconf 82' lang='lat' dir='ltr'><strong>reticorum</strong></span> <span class='ocrx_word' id='word_1_657' title='bbox 2414 3879 2531 3931; x_wconf 89' lang='lat' dir='ltr'><strong>cap.</strong></span> <span class='ocrx_word' id='word_1_658' title='bbox 2561 3864 2628 3918; x_wconf 89' lang='lat'><strong>60</strong></span> <span class='ocrx_word' id='word_1_659' title='bbox 2654 3865 2735 3919; x_wconf 89' lang='lat' dir='ltr'><strong>his</strong></span> <span class='ocrx_word' id='word_1_660' title='bbox 2763 3865 2941 3921; x_wconf 90' lang='lat' dir='ltr'><strong>verbis</strong></span> <span class='ocrx_word' id='word_1_661' title='bbox 2972 3880 2987 3919; x_wconf 92' lang='lat'><strong>:</strong></span> <span class='ocrx_word' id='word_1_662' title='bbox 3028 3884 3047 3916; x_wconf 71' lang='grc' dir='ltr'><strong>ι</strong></span> <span class='ocrx_word' id='word_1_663' title='bbox 3077 3866 3263 3933; x_wconf 85' lang='lat' dir='ltr'><strong>Signat</strong></span> <span class='ocrx_word' id='word_1_664' title='bbox 3295 3868 3402 3921; x_wconf 82' lang='lat' dir='ltr'><strong>illic</strong></span> <span class='ocrx_word' id='word_1_665' title='bbox 3438 3868 3493 3921; x_wconf 91' lang='lat' dir='ltr'><strong>in</strong></span> <span class='ocrx_word' id='word_1_666' title='bbox 3526 3870 3657 3921; x_wconf 74' lang='grc' dir='ltr'>[ωτι-ι</span> 
     </span>
    </p>
   </div>
   <div class='ocr_carea' id='block_1_91' title="bbox 2111 3932 3657 4006">
    <p class='ocr_par' dir='ltr' id='par_1_91' title="bbox 2111 3932 3657 4006">
     <span class='ocr_line' id='line_1_91' title="bbox 2111 3932 3657 4006; baseline 0.003 -22"><span class='ocrx_word' id='word_1_667' title='bbox 2111 3932 2253 4006; x_wconf 79' lang='lat' dir='ltr'><strong>tibus</strong></span> <span class='ocrx_word' id='word_1_668' title='bbox 2302 3933 2495 4006; x_wconf 90' lang='lat' dir='ltr'><strong>milites</strong></span> <span class='ocrx_word' id='word_1_669' title='bbox 2526 3950 2680 4006; x_wconf 84' lang='lat' dir='ltr'><strong>suos;</strong></span> <span class='ocrx_word' id='word_1_670' title='bbox 2718 3953 2735 3984; x_wconf 82' lang='grc' dir='ltr'><strong>ι</strong></span> <span class='ocrx_word' id='word_1_671' title='bbox 2769 3936 2908 4006; x_wconf 83' lang='lat' dir='ltr'><strong>quod</strong></span> <span class='ocrx_word' id='word_1_672' title='bbox 2950 3932 3162 3989; x_wconf 80' lang='lat' dir='ltr'><strong>demum</strong></span> <span class='ocrx_word' id='word_1_673' title='bbox 3198 3936 3456 4006; x_wconf 82' lang='lat' dir='ltr'><strong>Didymus</strong></span> <span class='ocrx_word' id='word_1_674' title='bbox 3486 3940 3657 4006; x_wconf 78' lang='lat' dir='ltr'><strong>ipsein</strong></span> 
     </span>
    </p>
   </div>
   <div class='ocr_carea' id='block_1_92' title="bbox 2110 4002 3661 4076">
    <p class='ocr_par' dir='ltr' id='par_1_92' title="bbox 2110 4002 3661 4076">
     <span class='ocr_line' id='line_1_92' title="bbox 2110 4002 3661 4076; baseline 0.003 -21"><span class='ocrx_word' id='word_1_675' title='bbox 2110 4002 2227 4076; x_wconf 91' lang='lat' dir='ltr'><strong>loco</strong></span> <span class='ocrx_word' id='word_1_676' title='bbox 2254 4005 2479 4076; x_wconf 82' lang='lat' dir='ltr'><strong>necdum</strong></span> <span class='ocrx_word' id='word_1_677' title='bbox 2509 4004 2672 4076; x_wconf 82' lang='lat' dir='ltr'><strong>edito,</strong></span> <span class='ocrx_word' id='word_1_678' title='bbox 2691 4002 2928 4076; x_wconf 35' lang='lat' dir='ltr'><strong>sed’iuox</strong></span> <span class='ocrx_word' id='word_1_679' title='bbox 2953 4015 3073 4058; x_wconf 87' lang='lat' dir='ltr'><strong>nota</strong></span> <span class='ocrx_word' id='word_1_680' title='bbox 3103 4006 3192 4076; x_wconf 61' lang='grc'><strong>45,</strong></span> <span class='ocrx_word' id='word_1_681' title='bbox 3224 4002 3342 4076; x_wconf 78' lang='lat' dir='ltr'><strong>pag.</strong></span> <span class='ocrx_word' id='word_1_682' title='bbox 3368 4002 3661 4071; x_wconf 37' lang='lat' dir='ltr'><strong>278(cden-</strong></span> 
     </span>
    </p>
   </div>
   <div class='ocr_carea' id='block_1_93' title="bbox 2111 4073 3649 4144">
    <p class='ocr_par' dir='ltr' id='par_1_93' title="bbox 2111 4073 3649 4144">
     <span class='ocr_line' id='line_1_93' title="bbox 2111 4073 3649 4144; baseline 0.003 -19"><span class='ocrx_word' id='word_1_683' title='bbox 2111 4075 2177 4125; x_wconf 91' lang='lat' dir='ltr'><strong>do</strong></span> <span class='ocrx_word' id='word_1_684' title='bbox 2202 4083 2355 4144; x_wconf 84' lang='lat' dir='ltr'><strong>vocat</strong></span> <span class='ocrx_word' id='word_1_685' title='bbox 2381 4074 2442 4144; x_wconf 78' lang='grc' dir='ltr'><strong>τὸ</strong></span> <span class='ocrx_word' id='word_1_686' title='bbox 2463 4073 2555 4126; x_wconf 75' lang='grc' dir='ltr'><strong>ἐπὶ</strong></span> <span class='ocrx_word' id='word_1_687' title='bbox 2577 4073 2826 4144; x_wconf 87' lang='grc' dir='ltr'>μετώπου</span> <span class='ocrx_word' id='word_1_688' title='bbox 2856 4077 3096 4143; x_wconf 77' lang='grc' dir='ltr'>σημεῖον.</span> <span class='ocrx_word' id='word_1_689' title='bbox 3122 4075 3243 4129; x_wconf 92' lang='lat' dir='ltr'><strong>ldeo</strong></span> <span class='ocrx_word' id='word_1_690' title='bbox 3266 4073 3444 4130; x_wconf 82' lang='lat' dir='ltr'><strong>autem</strong></span> <span class='ocrx_word' id='word_1_691' title='bbox 3478 4098 3498 4128; x_wconf 71' lang='grc' dir='ltr'><strong>ι</strong></span> <span class='ocrx_word' id='word_1_692' title='bbox 3531 4080 3649 4131; x_wconf 80' lang='lat' dir='ltr'><strong>obsi-</strong></span> 
     </span>
    </p>
   </div>
   <div class='ocr_carea' id='block_1_94' title="bbox 2110 4142 3655 4217">
    <p class='ocr_par' dir='ltr' id='par_1_94' title="bbox 2110 4142 3655 4217">
     <span class='ocr_line' id='line_1_94' title="bbox 2110 4142 3655 4217; baseline 0.005 -26"><span class='ocrx_word' id='word_1_693' title='bbox 2110 4142 2289 4217; x_wconf 80' lang='lat' dir='ltr'><strong>gnatio</strong></span> <span class='ocrx_word' id='word_1_694' title='bbox 2317 4142 2593 4217; x_wconf 55' lang='lat' dir='ltr'><strong>reicitur,</strong></span> <span class='ocrx_word' id='word_1_695' title='bbox 2638 4146 2787 4217; x_wconf 70' lang='lat' dir='ltr'><strong>quod</strong></span> <span class='ocrx_word' id='word_1_696' title='bbox 2830 4144 2880 4196; x_wconf 93' lang='lat' dir='ltr'><strong>iu</strong></span> <span class='ocrx_word' id='word_1_697' title='bbox 2914 4142 2989 4197; x_wconf 78' lang='lat' dir='ltr'><strong>ea</strong></span> <span class='ocrx_word' id='word_1_698' title='bbox 3036 4146 3283 4217; x_wconf 88' lang='lat' dir='ltr'><strong>unctione</strong></span> <span class='ocrx_word' id='word_1_699' title='bbox 3341 4165 3359 4196; x_wconf 74' lang='grc' dir='ltr'><strong>ι</strong></span> <span class='ocrx_word' id='word_1_700' title='bbox 3398 4146 3607 4217; x_wconf 82' lang='lat' dir='ltr'><strong>signant</strong></span> <span class='ocrx_word' id='word_1_701' title='bbox 3639 4166 3655 4199; x_wconf 61' lang='grc' dir='ltr'>ιη</span> 
     </span>
    </p>
   </div>
   <div class='ocr_carea' id='block_1_95' title="bbox 2112 4212 3661 4283">
    <p class='ocr_par' dir='ltr' id='par_1_95' title="bbox 2112 4212 3661 4283">
     <span class='ocr_line' id='line_1_95' title="bbox 2112 4212 3661 4283; baseline 0.003 -19"><span class='ocrx_word' id='word_1_702' title='bbox 2112 4214 2289 4283; x_wconf 78' lang='lat' dir='ltr'><strong>crucis</strong></span> <span class='ocrx_word' id='word_1_703' title='bbox 2323 4212 2672 4283; x_wconf 18' lang='lat' dir='ltr'><strong>ab‘episcopo</strong></span> <span class='ocrx_word' id='word_1_704' title='bbox 2712 4212 3022 4283; x_wconf 72' lang='lat' dir='ltr'><strong>efformetur</strong></span> <span class='ocrx_word' id='word_1_705' title='bbox 3058 4233 3070 4267; x_wconf 88' lang='lat'><strong>:</strong></span> <span class='ocrx_word' id='word_1_706' title='bbox 3109 4230 3212 4283; x_wconf 89' lang='lat' dir='ltr'><strong>qua</strong></span> <span class='ocrx_word' id='word_1_707' title='bbox 3248 4216 3313 4269; x_wconf 87' lang='lat' dir='ltr'><strong>de</strong></span> <span class='ocrx_word' id='word_1_708' title='bbox 3347 4212 3514 4271; x_wconf 72' lang='lat' dir='ltr'><strong>causa</strong></span> <span class='ocrx_word' id='word_1_709' title='bbox 3547 4220 3661 4271; x_wconf 82' lang='lat' dir='ltr'><strong>Ter--</strong></span> 
     </span>
    </p>
   </div>
   <div class='ocr_carea' id='block_1_96' title="bbox 2114 4279 3663 4357">
    <p class='ocr_par' dir='ltr' id='par_1_96' title="bbox 2114 4279 3663 4357">
     <span class='ocr_line' id='line_1_96' title="bbox 2114 4279 3663 4357; baseline 0.004 -25"><span class='ocrx_word' id='word_1_710' title='bbox 2114 4279 2366 4357; x_wconf 77' lang='lat' dir='ltr'><strong>tullianus</strong></span> <span class='ocrx_word' id='word_1_711' title='bbox 2400 4279 2670 4357; x_wconf 41' lang='lat' dir='ltr'><strong>iii—eodem</strong></span> <span class='ocrx_word' id='word_1_712' title='bbox 2714 4282 2849 4357; x_wconf 79' lang='lat' dir='ltr'><strong>libro</strong></span> <span class='ocrx_word' id='word_1_713' title='bbox 2895 4284 3029 4357; x_wconf 72' lang='lat' dir='ltr'><strong>dixit</strong></span> <span class='ocrx_word' id='word_1_714' title='bbox 3054 4279 3236 4343; x_wconf 70' lang='lat' dir='ltr'><strong>etiam.</strong></span> <span class='ocrx_word' id='word_1_715' title='bbox 3281 4302 3299 4335; x_wconf 79' lang='grc' dir='ltr'><strong>ι</strong></span> <span class='ocrx_word' id='word_1_716' title='bbox 3336 4302 3478 4353; x_wconf 80' lang='lat' dir='ltr'><strong>aqua</strong></span> <span class='ocrx_word' id='word_1_717' title='bbox 3502 4289 3663 4357; x_wconf 62' lang='lat' dir='ltr'><strong>signa&quot;</strong></span> 
     </span>
    </p>
   </div>
   <div class='ocr_carea' id='block_1_97' title="bbox 2115 4352 3663 4425">
    <p class='ocr_par' dir='ltr' id='par_1_97' title="bbox 2115 4352 3663 4425">
     <span class='ocr_line' id='line_1_97' title="bbox 2115 4352 3663 4425; baseline 0.003 -23"><span class='ocrx_word' id='word_1_718' title='bbox 2115 4363 2193 4412; x_wconf 89' lang='lat' dir='ltr'><strong>re,</strong></span> <span class='ocrx_word' id='word_1_719' title='bbox 2228 4369 2245 4401; x_wconf 84' lang='grc' dir='ltr'><strong>ι</strong></span> <span class='ocrx_word' id='word_1_720' title='bbox 2274 4352 2593 4425; x_wconf 77' lang='lat' dir='ltr'><strong>baptismum</strong></span> <span class='ocrx_word' id='word_1_721' title='bbox 2625 4352 2934 4425; x_wconf 74' lang='lat' dir='ltr'><strong>reSpiciens.</strong></span> <span class='ocrx_word' id='word_1_722' title='bbox 2971 4354 3230 4425; x_wconf 74' lang='lat' dir='ltr'><strong>Czcterum</strong></span> <span class='ocrx_word' id='word_1_723' title='bbox 3263 4352 3438 4425; x_wconf 83' lang='lat' dir='ltr'><strong>neque</strong></span> <span class='ocrx_word' id='word_1_724' title='bbox 3470 4352 3663 4410; x_wconf 61' lang='lat' dir='ltr'><strong>auctio.</strong></span> 
     </span>
    </p>
   </div>
   <div class='ocr_carea' id='block_1_98' title="bbox 519 4419 3663 4490">
    <p class='ocr_par' dir='ltr' id='par_1_98' title="bbox 519 4419 3663 4490">
     <span class='ocr_line' id='line_1_98' title="bbox 519 4419 3663 4490; baseline 0.002 -18"><span class='ocrx_word' id='word_1_725' title='bbox 519 4419 593 4488; x_wconf 92' lang='lat'><strong>(8)</strong></span> <span class='ocrx_word' id='word_1_726' title='bbox 634 4419 958 4487; x_wconf 82' lang='lat' dir='ltr'><strong>Sanctiﬁcati</strong></span> <span class='ocrx_word' id='word_1_727' title='bbox 993 4420 1309 4490; x_wconf 75' lang='lat' dir='ltr'><strong>chrismatis.</strong></span> <span class='ocrx_word' id='word_1_728' title='bbox 1334 4419 1737 4475; x_wconf 86' lang='lat' dir='ltr'><strong>Sanctilicatum</strong></span> <span class='ocrx_word' id='word_1_729' title='bbox 1781 4420 2011 4473; x_wconf 90' lang='lat' dir='ltr'><strong>chrisma</strong></span> <span class='ocrx_word' id='word_1_730' title='bbox 2045 4426 2089 4479; x_wconf 91' lang='lat' dir='ltr'><strong>D</strong></span> <span class='ocrx_word' id='word_1_731' title='bbox 2120 4432 2238 4473; x_wconf 87' lang='lat' dir='ltr'><strong>nem</strong></span> <span class='ocrx_word' id='word_1_732' title='bbox 2283 4422 2612 4483; x_wconf 78' lang='lat' dir='ltr'><strong>verticalem,</strong></span> <span class='ocrx_word' id='word_1_733' title='bbox 2658 4437 2830 4490; x_wconf 88' lang='lat' dir='ltr'><strong>neque</strong></span> <span class='ocrx_word' id='word_1_734' title='bbox 2860 4424 3252 4489; x_wconf 85' lang='lat' dir='ltr'><strong>impositionem</strong></span> <span class='ocrx_word' id='word_1_735' title='bbox 3297 4419 3558 4479; x_wconf 69' lang='lat' dir='ltr'><strong>marinum</strong></span> <span class='ocrx_word' id='word_1_736' title='bbox 3589 4428 3663 4479; x_wconf 79' lang='lat' dir='ltr'><strong>hic</strong></span> 
     </span>
    </p>
   </div>
   <div class='ocr_carea' id='block_1_99' title="bbox 452 4489 2012 4558">
    <p class='ocr_par' dir='ltr' id='par_1_99' title="bbox 452 4489 2012 4558">
     <span class='ocr_line' id='line_1_99' title="bbox 452 4489 2012 4558; baseline -0.001 -15"><span class='ocrx_word' id='word_1_737' title='bbox 452 4490 582 4543; x_wconf 88' lang='lat' dir='ltr'><strong>dicit</strong></span> <span class='ocrx_word' id='word_1_738' title='bbox 618 4491 687 4552; x_wconf 90' lang='lat' dir='ltr'><strong>id,</strong></span> <span class='ocrx_word' id='word_1_739' title='bbox 722 4491 861 4556; x_wconf 85' lang='lat' dir='ltr'><strong>quod</strong></span> <span class='ocrx_word' id='word_1_740' title='bbox 905 4505 933 4541; x_wconf 87' lang='lat' dir='ltr'><strong>a</strong></span> <span class='ocrx_word' id='word_1_741' title='bbox 978 4489 1244 4558; x_wconf 86' lang='lat' dir='ltr'><strong>Cypriano</strong></span> <span class='ocrx_word' id='word_1_742' title='bbox 1291 4495 1340 4543; x_wconf 92' lang='lat' dir='ltr'><strong>in</strong></span> <span class='ocrx_word' id='word_1_743' title='bbox 1383 4491 1605 4557; x_wconf 88' lang='lat' dir='ltr'><strong>epistola</strong></span> <span class='ocrx_word' id='word_1_744' title='bbox 1648 4506 1749 4543; x_wconf 78' lang='lat' dir='ltr'><strong>Lxx</strong></span> <span class='ocrx_word' id='word_1_745' title='bbox 1791 4499 2012 4542; x_wconf 90' lang='lat' dir='ltr'><strong>vocatur</strong></span> 
     </span>
    </p>
   </div>
   <div class='ocr_carea' id='block_1_100' title="bbox 453 4560 2010 4614">
    <p class='ocr_par' dir='ltr' id='par_1_100' title="bbox 453 4560 2010 4614">
     <span class='ocr_line' id='line_1_100' title="bbox 453 4560 2010 4614; baseline 0 -2"><span class='ocrx_word' id='word_1_746' title='bbox 453 4579 475 4611; x_wconf 68' lang='lat'><strong>1</strong></span> <span class='ocrx_word' id='word_1_747' title='bbox 512 4561 683 4612; x_wconf 51' lang='lat' dir='ltr'><strong>oleum</strong></span> <span class='ocrx_word' id='word_1_748' title='bbox 716 4560 1128 4613; x_wconf 75' lang='lat' dir='ltr'><strong>sanctiﬁcatum.</strong></span> <span class='ocrx_word' id='word_1_749' title='bbox 1171 4579 1187 4610; x_wconf 82' lang='grc' dir='ltr'><strong>ι</strong></span> <span class='ocrx_word' id='word_1_750' title='bbox 1232 4575 1259 4612; x_wconf 86' lang='lat' dir='ltr'><strong>a</strong></span> <span class='ocrx_word' id='word_1_751' title='bbox 1296 4561 1624 4614; x_wconf 86' lang='lat' dir='ltr'><strong>Tertulliano</strong></span> <span class='ocrx_word' id='word_1_752' title='bbox 1670 4578 1687 4609; x_wconf 75' lang='grc' dir='ltr'><strong>ι</strong></span> <span class='ocrx_word' id='word_1_753' title='bbox 1732 4560 2010 4612; x_wconf 85' lang='lat' dir='ltr'><strong>benedicta</strong></span> 
     </span>
    </p>
   </div>
   <div class='ocr_carea' id='block_1_101' title="bbox 450 4628 2007 4698">
    <p class='ocr_par' dir='ltr' id='par_1_101' title="bbox 450 4628 2007 4698">
     <span class='ocr_line' id='line_1_101' title="bbox 450 4628 2007 4698; baseline -0.001 -15"><span class='ocrx_word' id='word_1_754' title='bbox 450 4631 652 4690; x_wconf 86' lang='lat' dir='ltr'><strong>unctio,</strong></span> <span class='ocrx_word' id='word_1_755' title='bbox 693 4647 710 4678; x_wconf 81' lang='grc' dir='ltr'><strong>ι</strong></span> <span class='ocrx_word' id='word_1_756' title='bbox 741 4644 769 4680; x_wconf 91' lang='lat' dir='ltr'><strong>a</strong></span> <span class='ocrx_word' id='word_1_757' title='bbox 799 4628 1091 4696; x_wconf 81' lang='lat' dir='ltr'><strong>Theophilo</strong></span> <span class='ocrx_word' id='word_1_758' title='bbox 1127 4629 1180 4683; x_wconf 92' lang='lat' dir='ltr'><strong>in</strong></span> <span class='ocrx_word' id='word_1_759' title='bbox 1207 4632 1379 4698; x_wconf 85' lang='lat' dir='ltr'><strong>primo</strong></span> <span class='ocrx_word' id='word_1_760' title='bbox 1419 4632 1485 4681; x_wconf 81' lang='lat' dir='ltr'><strong>ad</strong></span> <span class='ocrx_word' id='word_1_761' title='bbox 1522 4629 1828 4698; x_wconf 81' lang='lat' dir='ltr'><strong>Autolycum</strong></span> <span class='ocrx_word' id='word_1_762' title='bbox 1862 4644 2007 4681; x_wconf 91' lang='lat' dir='ltr'><strong>num.</strong></span> 
     </span>
    </p>
   </div>
   <div class='ocr_carea' id='block_1_102' title="bbox 450 4698 2009 4764">
    <p class='ocr_par' dir='ltr' id='par_1_102' title="bbox 450 4698 2009 4764">
     <span class='ocr_line' id='line_1_102' title="bbox 450 4698 2009 4764; baseline -0.002 -11"><span class='ocrx_word' id='word_1_763' title='bbox 450 4700 540 4760; x_wconf 71' lang='grc'><strong>12,</strong></span> <span class='ocrx_word' id='word_1_764' title='bbox 565 4699 739 4751; x_wconf 80' lang='grc' dir='ltr'>ἔλαιον</span> <span class='ocrx_word' id='word_1_765' title='bbox 764 4698 917 4759; x_wconf 77' lang='grc' dir='ltr'>Θεοῦ,</span> <span class='ocrx_word' id='word_1_766' title='bbox 951 4700 997 4749; x_wconf 90' lang='lat' dir='ltr'><strong>id</strong></span> <span class='ocrx_word' id='word_1_767' title='bbox 1023 4710 1124 4764; x_wconf 85' lang='lat' dir='ltr'><strong>est,</strong></span> <span class='ocrx_word' id='word_1_768' title='bbox 1153 4718 1172 4749; x_wconf 84' lang='grc'><strong><em>‹</em></strong></span> <span class='ocrx_word' id='word_1_769' title='bbox 1211 4701 1297 4752; x_wconf 82' lang='lat' dir='ltr'><strong>Dei</strong></span> <span class='ocrx_word' id='word_1_770' title='bbox 1322 4700 1519 4762; x_wconf 84' lang='lat' dir='ltr'><strong>oleum,</strong></span> <span class='ocrx_word' id='word_1_771' title='bbox 1553 4717 1569 4748; x_wconf 84' lang='grc' dir='ltr'><strong>ι</strong></span> <span class='ocrx_word' id='word_1_772' title='bbox 1608 4717 1698 4751; x_wconf 85' lang='lat' dir='ltr'><strong>seu</strong></span> <span class='ocrx_word' id='word_1_773' title='bbox 1727 4718 1744 4747; x_wconf 76' lang='grc' dir='ltr'><strong>ι</strong></span> <span class='ocrx_word' id='word_1_774' title='bbox 1776 4698 2009 4751; x_wconf 83' lang='lat' dir='ltr'><strong>divinum</strong></span> 
     </span>
    </p>
   </div>
   <div class='ocr_carea' id='block_1_103' title="bbox 450 4766 2012 4838">
    <p class='ocr_par' dir='ltr' id='par_1_103' title="bbox 450 4766 2012 4838">
     <span class='ocr_line' id='line_1_103' title="bbox 450 4766 2012 4838; baseline -0.002 -16"><span class='ocrx_word' id='word_1_775' title='bbox 450 4773 647 4831; x_wconf 81' lang='lat' dir='ltr'><strong>oleum,</strong></span> <span class='ocrx_word' id='word_1_776' title='bbox 685 4788 702 4819; x_wconf 81' lang='grc' dir='ltr'><strong>ι</strong></span> <span class='ocrx_word' id='word_1_777' title='bbox 733 4788 761 4819; x_wconf 86' lang='lat' dir='ltr'><strong>a</strong></span> <span class='ocrx_word' id='word_1_778' title='bbox 791 4769 988 4821; x_wconf 79' lang='lat' dir='ltr'><strong>Basilio</strong></span> <span class='ocrx_word' id='word_1_779' title='bbox 1018 4769 1108 4821; x_wconf 86' lang='lat' dir='ltr'><strong>lib.</strong></span> <span class='ocrx_word' id='word_1_780' title='bbox 1139 4769 1215 4822; x_wconf 87' lang='lat' dir='ltr'><strong>De</strong></span> <span class='ocrx_word' id='word_1_781' title='bbox 1236 4768 1327 4838; x_wconf 87' lang='lat' dir='ltr'><strong>Sp.</strong></span> <span class='ocrx_word' id='word_1_782' title='bbox 1356 4778 1534 4821; x_wconf 82' lang='lat' dir='ltr'><strong>sancto</strong></span> <span class='ocrx_word' id='word_1_783' title='bbox 1566 4783 1681 4835; x_wconf 76' lang='lat' dir='ltr'><strong>cap.</strong></span> <span class='ocrx_word' id='word_1_784' title='bbox 1710 4767 1799 4832; x_wconf 78' lang='grc'><strong>27,</strong></span> <span class='ocrx_word' id='word_1_785' title='bbox 1838 4766 2012 4819; x_wconf 75' lang='grc' dir='ltr'>ἔλαιον</span> 
     </span>
    </p>
   </div>
   <div class='ocr_carea' id='block_1_104' title="bbox 446 4838 2011 4910">
    <p class='ocr_par' dir='ltr' id='par_1_104' title="bbox 446 4838 2011 4910">
     <span class='ocr_line' id='line_1_104' title="bbox 446 4838 2011 4910; baseline -0.003 -19"><span class='ocrx_word' id='word_1_786' title='bbox 446 4841 546 4909; x_wconf 80' lang='grc' dir='ltr'><strong>τῆς</strong></span> <span class='ocrx_word' id='word_1_787' title='bbox 568 4839 798 4910; x_wconf 78' lang='grc' dir='ltr'>κρίσεως</span> <span class='ocrx_word' id='word_1_788' title='bbox 821 4838 1199 4907; x_wconf 54' lang='grc' dir='ltr'>εὐλογημένοι),</span> <span class='ocrx_word' id='word_1_789' title='bbox 1228 4844 1276 4910; x_wconf 89' lang='lat' dir='ltr'><strong>id</strong></span> <span class='ocrx_word' id='word_1_790' title='bbox 1305 4851 1387 4892; x_wconf 87' lang='lat' dir='ltr'><strong>est</strong></span> <span class='ocrx_word' id='word_1_791' title='bbox 1414 4857 1440 4910; x_wconf 14' lang='grc' dir='ltr'><strong>«γ</strong></span> <span class='ocrx_word' id='word_1_792' title='bbox 1472 4840 1807 4910; x_wconf 83' lang='lat' dir='ltr'><strong>benedictum</strong></span> <span class='ocrx_word' id='word_1_793' title='bbox 1838 4838 2011 4910; x_wconf 81' lang='lat' dir='ltr'><strong>oleum</strong></span> 
     </span>
    </p>
   </div>
   <div class='ocr_carea' id='block_1_105' title="bbox 451 4908 2013 4977">
    <p class='ocr_par' dir='ltr' id='par_1_105' title="bbox 451 4908 2013 4977">
     <span class='ocr_line' id='line_1_105' title="bbox 451 4908 2013 4977; baseline 0.001 -18"><span class='ocrx_word' id='word_1_794' title='bbox 451 4908 738 4970; x_wconf 84' lang='lat' dir='ltr'><strong>tmettonis,</strong></span> <span class='ocrx_word' id='word_1_795' title='bbox 779 4927 795 4959; x_wconf 81' lang='grc' dir='ltr'><strong>ι</strong></span> <span class='ocrx_word' id='word_1_796' title='bbox 825 4918 878 4960; x_wconf 88' lang='lat' dir='ltr'><strong>et</strong></span> <span class='ocrx_word' id='word_1_797' title='bbox 910 4911 976 4959; x_wconf 87' lang='lat' dir='ltr'><strong>ab</strong></span> <span class='ocrx_word' id='word_1_798' title='bbox 1007 4909 1316 4962; x_wconf 82' lang='lat' dir='ltr'><strong>Innocentio</strong></span> <span class='ocrx_word' id='word_1_799' title='bbox 1367 4909 1537 4976; x_wconf 85' lang='lat' dir='ltr'><strong>primo</strong></span> <span class='ocrx_word' id='word_1_800' title='bbox 1586 4910 1636 4959; x_wconf 94' lang='lat' dir='ltr'><strong>in</strong></span> <span class='ocrx_word' id='word_1_801' title='bbox 1674 4908 1895 4977; x_wconf 84' lang='lat' dir='ltr'><strong>epistola</strong></span> <span class='ocrx_word' id='word_1_802' title='bbox 1945 4908 2013 4961; x_wconf 86' lang='lat' dir='ltr'><strong>ad</strong></span> 
     </span>
    </p>
   </div>
   <div class='ocr_carea' id='block_1_106' title="bbox 456 4978 2014 5047">
    <p class='ocr_par' dir='ltr' id='par_1_106' title="bbox 456 4978 2014 5047">
     <span class='ocr_line' id='line_1_106' title="bbox 456 4978 2014 5047; baseline 0 -17"><span class='ocrx_word' id='word_1_803' title='bbox 456 4979 763 5033; x_wconf 81' lang='lat' dir='ltr'><strong>Decentium</strong></span> <span class='ocrx_word' id='word_1_804' title='bbox 808 4994 924 5047; x_wconf 88' lang='lat' dir='ltr'><strong>cap.</strong></span> <span class='ocrx_word' id='word_1_805' title='bbox 951 4978 1005 5042; x_wconf 82' lang='grc'>5,</span> <span class='ocrx_word' id='word_1_806' title='bbox 1042 4996 1060 5028; x_wconf 77' lang='grc' dir='ltr'><strong>ι</strong></span> <span class='ocrx_word' id='word_1_807' title='bbox 1095 4979 1340 5033; x_wconf 88' lang='lat' dir='ltr'><strong>Chrisma</strong></span> <span class='ocrx_word' id='word_1_808' title='bbox 1399 4981 1465 5032; x_wconf 88' lang='lat' dir='ltr'><strong>ab</strong></span> <span class='ocrx_word' id='word_1_809' title='bbox 1510 4980 1689 5047; x_wconf 88' lang='lat' dir='ltr'><strong>cpisco</strong></span> <span class='ocrx_word' id='word_1_810' title='bbox 1729 4992 2014 5032; x_wconf 86' lang='lat' dir='ltr'><strong>consecra-</strong></span> 
     </span>
    </p>
   </div>
   <div class='ocr_carea' id='block_1_107' title="bbox 453 5058 643 5100">
    <p class='ocr_par' dir='ltr' id='par_1_107' title="bbox 453 5058 643 5100">
     <span class='ocr_line' id='line_1_107' title="bbox 453 5058 643 5100; baseline -0.011 0"><span class='ocrx_word' id='word_1_811' title='bbox 453 5058 584 5100; x_wconf 87' lang='lat' dir='ltr'><strong>tum.</strong></span> <span class='ocrx_word' id='word_1_812' title='bbox 625 5067 643 5098; x_wconf 74' lang='grc' dir='ltr'><strong>ι</strong></span> 
     </span>
    </p>
   </div>
   <div class='ocr_carea' id='block_1_108' title="bbox 545 5115 2012 5187">
    <p class='ocr_par' dir='ltr' id='par_1_108' title="bbox 545 5115 2012 5187">
     <span class='ocr_line' id='line_1_108' title="bbox 545 5115 2012 5187; baseline -0.001 -16"><span class='ocrx_word' id='word_1_813' title='bbox 545 5118 596 5184; x_wconf 90' lang='lat'><strong>9)</strong></span> <span class='ocrx_word' id='word_1_814' title='bbox 639 5115 751 5170; x_wconf 76' lang='lat' dir='ltr'><strong>Etsi</strong></span> <span class='ocrx_word' id='word_1_815' title='bbox 775 5118 975 5171; x_wconf 81' lang='lat' dir='ltr'><strong>enim...</strong></span> <span class='ocrx_word' id='word_1_816' title='bbox 1005 5118 1229 5184; x_wconf 79' lang='lat' dir='ltr'><strong>prodest.</strong></span> <span class='ocrx_word' id='word_1_817' title='bbox 1266 5118 1537 5187; x_wconf 87' lang='lat' dir='ltr'><strong>Leguntur</strong></span> <span class='ocrx_word' id='word_1_818' title='bbox 1567 5117 1680 5170; x_wconf 71' lang='lat' dir='ltr'><strong>lue:</strong></span> <span class='ocrx_word' id='word_1_819' title='bbox 1706 5118 1771 5170; x_wconf 89' lang='lat' dir='ltr'><strong>ad</strong></span> <span class='ocrx_word' id='word_1_820' title='bbox 1793 5117 2012 5171; x_wconf 84' lang='lat' dir='ltr'><strong>verbum</strong></span> 
     </span>
    </p>
   </div>
   <div class='ocr_carea' id='block_1_109' title="bbox 456 5185 2014 5254">
    <p class='ocr_par' dir='ltr' id='par_1_109' title="bbox 456 5185 2014 5254">
     <span class='ocr_line' id='line_1_109' title="bbox 456 5185 2014 5254; baseline 0.001 -16"><span class='ocrx_word' id='word_1_821' title='bbox 456 5185 507 5238; x_wconf 91' lang='lat' dir='ltr'><strong>in</strong></span> <span class='ocrx_word' id='word_1_822' title='bbox 535 5185 849 5239; x_wconf 73' lang='lat' dir='ltr'><strong>Tertulliani</strong></span> <span class='ocrx_word' id='word_1_823' title='bbox 877 5187 1011 5240; x_wconf 88' lang='lat' dir='ltr'><strong>libro</strong></span> <span class='ocrx_word' id='word_1_824' title='bbox 1046 5188 1116 5241; x_wconf 83' lang='lat' dir='ltr'><strong>De</strong></span> <span class='ocrx_word' id='word_1_825' title='bbox 1141 5190 1283 5253; x_wconf 84' lang='lat' dir='ltr'><strong>bapl.</strong></span> <span class='ocrx_word' id='word_1_826' title='bbox 1315 5185 1433 5254; x_wconf 83' lang='lat' dir='ltr'><strong>cap.</strong></span> <span class='ocrx_word' id='word_1_827' title='bbox 1459 5189 1510 5240; x_wconf 89' lang='lat'><strong>7.</strong></span> <span class='ocrx_word' id='word_1_828' title='bbox 1545 5207 1562 5237; x_wconf 78' lang='lat' dir='ltr'><strong>t</strong></span> <span class='ocrx_word' id='word_1_829' title='bbox 1606 5187 1697 5240; x_wconf 87' lang='lat' dir='ltr'><strong>Sic</strong></span> <span class='ocrx_word' id='word_1_830' title='bbox 1730 5198 1783 5241; x_wconf 89' lang='lat' dir='ltr'><strong>et</strong></span> <span class='ocrx_word' id='word_1_831' title='bbox 1824 5192 1875 5239; x_wconf 84' lang='lat' dir='ltr'><strong>in</strong></span> <span class='ocrx_word' id='word_1_832' title='bbox 1915 5204 2014 5240; x_wconf 81' lang='lat' dir='ltr'><strong>no-</strong></span> 
     </span>
    </p>
   </div>
   <div class='ocr_carea' id='block_1_110' title="bbox 456 5256 2016 5327">
    <p class='ocr_par' dir='ltr' id='par_1_110' title="bbox 456 5256 2016 5327">
     <span class='ocr_line' id='line_1_110' title="bbox 456 5256 2016 5327; baseline 0.001 -19"><span class='ocrx_word' id='word_1_833' title='bbox 456 5256 559 5317; x_wconf 81' lang='lat' dir='ltr'><strong>bis,</strong></span> <span class='ocrx_word' id='word_1_834' title='bbox 595 5257 783 5324; x_wconf 90' lang='lat' dir='ltr'><strong>inquit,</strong></span> <span class='ocrx_word' id='word_1_835' title='bbox 816 5258 1105 5311; x_wconf 87' lang='lat' dir='ltr'><strong>carnaliter</strong></span> <span class='ocrx_word' id='word_1_836' title='bbox 1140 5259 1308 5312; x_wconf 87' lang='lat' dir='ltr'><strong>currit</strong></span> <span class='ocrx_word' id='word_1_837' title='bbox 1351 5260 1554 5321; x_wconf 87' lang='lat' dir='ltr'><strong>unctio,</strong></span> <span class='ocrx_word' id='word_1_838' title='bbox 1581 5261 1673 5311; x_wconf 86' lang='lat' dir='ltr'><strong>sed</strong></span> <span class='ocrx_word' id='word_1_839' title='bbox 1703 5258 2016 5327; x_wconf 85' lang='lat' dir='ltr'><strong>spiritaliter</strong></span> 
     </span>
    </p>
   </div>
   <div class='ocr_carea' id='block_1_111' title="bbox 455 5327 736 5392">
    <p class='ocr_par' dir='ltr' id='par_1_111' title="bbox 455 5327 736 5392">
     <span class='ocr_line' id='line_1_111' title="bbox 455 5327 736 5392; baseline 0 -15"><span class='ocrx_word' id='word_1_840' title='bbox 455 5327 685 5392; x_wconf 86' lang='lat' dir='ltr'><strong>prolicit.</strong></span> <span class='ocrx_word' id='word_1_841' title='bbox 718 5344 736 5376; x_wconf 84' lang='grc' dir='ltr'><strong>ι</strong></span> 
     </span>
    </p>
   </div>
   <div class='ocr_carea' id='block_1_112' title="bbox 525 5394 2016 5465">
    <p class='ocr_par' dir='ltr' id='par_1_112' title="bbox 525 5394 2016 5465">
     <span class='ocr_line' id='line_1_112' title="bbox 525 5394 2016 5465; baseline 0.003 -20"><span class='ocrx_word' id='word_1_842' title='bbox 525 5396 636 5465; x_wconf 86' lang='grc' dir='ltr'><strong>(ιθ)</strong></span> <span class='ocrx_word' id='word_1_843' title='bbox 690 5394 905 5448; x_wconf 79' lang='lat' dir='ltr'><strong>Verbum</strong></span> <span class='ocrx_word' id='word_1_844' title='bbox 939 5396 1067 5464; x_wconf 87' lang='lat' dir='ltr'><strong>spir.</strong></span> <span class='ocrx_word' id='word_1_845' title='bbox 1105 5398 1159 5449; x_wconf 87' lang='lat' dir='ltr'><strong>in</strong></span> <span class='ocrx_word' id='word_1_846' title='bbox 1190 5414 1266 5450; x_wconf 88' lang='lat' dir='ltr'><strong>os.</strong></span> <span class='ocrx_word' id='word_1_847' title='bbox 1310 5396 1706 5464; x_wconf 81' lang='lat' dir='ltr'><strong>Responsiones</strong></span> <span class='ocrx_word' id='word_1_848' title='bbox 1731 5395 1848 5449; x_wconf 86' lang='lat' dir='ltr'><strong>illas</strong></span> <span class='ocrx_word' id='word_1_849' title='bbox 1880 5397 2016 5449; x_wconf 87' lang='lat' dir='ltr'><strong>indi-</strong></span> 
     </span>
    </p>
   </div>
   <div class='ocr_carea' id='block_1_113' title="bbox 453 5465 2010 5534">
    <p class='ocr_par' dir='ltr' id='par_1_113' title="bbox 453 5465 2010 5534">
     <span class='ocr_line' id='line_1_113' title="bbox 453 5465 2010 5534; baseline 0.003 -18"><span class='ocrx_word' id='word_1_850' title='bbox 453 5474 560 5524; x_wconf 83' lang='lat' dir='ltr'><strong>cat,</strong></span> <span class='ocrx_word' id='word_1_851' title='bbox 585 5468 646 5515; x_wconf 86' lang='lat' dir='ltr'><strong>de</strong></span> <span class='ocrx_word' id='word_1_852' title='bbox 682 5465 872 5530; x_wconf 80' lang='lat' dir='ltr'><strong>quibus</strong></span> <span class='ocrx_word' id='word_1_853' title='bbox 900 5465 1260 5519; x_wconf 85' lang='lat' dir='ltr'><strong>Tertullianus</strong></span> <span class='ocrx_word' id='word_1_854' title='bbox 1292 5468 1341 5519; x_wconf 91' lang='lat' dir='ltr'><strong>in</strong></span> <span class='ocrx_word' id='word_1_855' title='bbox 1380 5467 1515 5521; x_wconf 89' lang='lat' dir='ltr'><strong>libro</strong></span> <span class='ocrx_word' id='word_1_856' title='bbox 1547 5470 1620 5519; x_wconf 86' lang='lat' dir='ltr'><strong>De</strong></span> <span class='ocrx_word' id='word_1_857' title='bbox 1649 5483 1863 5528; x_wconf 86' lang='lat' dir='ltr'><strong>corona,</strong></span> <span class='ocrx_word' id='word_1_858' title='bbox 1890 5482 2010 5534; x_wconf 88' lang='lat' dir='ltr'><strong>cap.</strong></span> 
     </span>
    </p>
   </div>
   <div class='ocr_carea' id='block_1_114' title="bbox 458 5534 2016 5603">
    <p class='ocr_par' dir='ltr' id='par_1_114' title="bbox 458 5534 2016 5603">
     <span class='ocr_line' id='line_1_114' title="bbox 458 5534 2016 5603; baseline -0.001 -15"><span class='ocrx_word' id='word_1_859' title='bbox 458 5534 603 5596; x_wconf 77' lang='lat' dir='ltr'><strong>5.sic</strong></span> <span class='ocrx_word' id='word_1_860' title='bbox 623 5534 855 5602; x_wconf 90' lang='lat' dir='ltr'><strong>loquitur</strong></span> <span class='ocrx_word' id='word_1_861' title='bbox 880 5550 893 5586; x_wconf 90' lang='lat'><strong>:</strong></span> <span class='ocrx_word' id='word_1_862' title='bbox 922 5553 941 5585; x_wconf 70' lang='grc' dir='ltr'>ί</span> <span class='ocrx_word' id='word_1_863' title='bbox 972 5536 1178 5603; x_wconf 80' lang='lat' dir='ltr'><strong>Aquam</strong></span> <span class='ocrx_word' id='word_1_864' title='bbox 1214 5537 1475 5590; x_wconf 90' lang='lat' dir='ltr'><strong>adituri...</strong></span> <span class='ocrx_word' id='word_1_865' title='bbox 1503 5539 1601 5591; x_wconf 91' lang='lat' dir='ltr'><strong>sub</strong></span> <span class='ocrx_word' id='word_1_866' title='bbox 1631 5537 1885 5589; x_wconf 88' lang='lat' dir='ltr'><strong>antistitis</strong></span> <span class='ocrx_word' id='word_1_867' title='bbox 1906 5553 2016 5588; x_wconf 82' lang='lat' dir='ltr'><strong>ma-</strong></span> 
     </span>
    </p>
   </div>
   <div class='ocr_carea' id='block_1_115' title="bbox 2122 4490 3665 4561">
    <p class='ocr_par' dir='ltr' id='par_1_115' title="bbox 2122 4490 3665 4561">
     <span class='ocr_line' id='line_1_115' title="bbox 2122 4490 3665 4561; baseline 0.006 -22"><span class='ocrx_word' id='word_1_868' title='bbox 2122 4500 2381 4561; x_wconf 82' lang='lat' dir='ltr'><strong>memorat</strong></span> <span class='ocrx_word' id='word_1_869' title='bbox 2420 4490 2675 4561; x_wconf 90' lang='lat' dir='ltr'><strong>Didymus</strong></span> <span class='ocrx_word' id='word_1_870' title='bbox 2707 4511 2720 4545; x_wconf 88' lang='lat'><strong>:</strong></span> <span class='ocrx_word' id='word_1_871' title='bbox 2754 4507 2871 4561; x_wconf 66' lang='lat' dir='ltr'><strong>quae</strong></span> <span class='ocrx_word' id='word_1_872' title='bbox 2899 4493 3007 4548; x_wconf 87' lang='lat' dir='ltr'><strong>duo</strong></span> <span class='ocrx_word' id='word_1_873' title='bbox 3045 4504 3219 4547; x_wconf 86' lang='lat' dir='ltr'><strong>tamen</strong></span> <span class='ocrx_word' id='word_1_874' title='bbox 3249 4494 3315 4549; x_wconf 85' lang='lat' dir='ltr'><strong>ab</strong></span> <span class='ocrx_word' id='word_1_875' title='bbox 3342 4497 3465 4551; x_wconf 84' lang='lat' dir='ltr'><strong>aliis</strong></span> <span class='ocrx_word' id='word_1_876' title='bbox 3504 4497 3665 4551; x_wconf 76' lang='lat' dir='ltr'><strong>Patri-</strong></span> 
     </span>
    </p>
   </div>
   <div class='ocr_carea' id='block_1_116' title="bbox 2114 4558 2751 4615">
    <p class='ocr_par' dir='ltr' id='par_1_116' title="bbox 2114 4558 2751 4615">
     <span class='ocr_line' id='line_1_116' title="bbox 2114 4558 2751 4615; baseline 0.006 -4"><span class='ocrx_word' id='word_1_877' title='bbox 2114 4558 2213 4612; x_wconf 90' lang='lat' dir='ltr'><strong>bus</strong></span> <span class='ocrx_word' id='word_1_878' title='bbox 2239 4558 2751 4615; x_wconf 80' lang='lat' dir='ltr'><strong>commemorantur.</strong></span> 
     </span>
    </p>
   </div>
   <div class='ocr_carea' id='block_1_117' title="bbox 2185 4628 3667 4698">
    <p class='ocr_par' dir='ltr' id='par_1_117' title="bbox 2185 4628 3667 4698">
     <span class='ocr_line' id='line_1_117' title="bbox 2185 4628 3667 4698; baseline 0.005 -16"><span class='ocrx_word' id='word_1_879' title='bbox 2185 4628 2296 4697; x_wconf 73' lang='lat'><strong>(12)</strong></span> <span class='ocrx_word' id='word_1_880' title='bbox 2337 4628 2753 4698; x_wconf 78' lang='lat' dir='ltr'><strong>Conﬁrmaveril.</strong></span> <span class='ocrx_word' id='word_1_881' title='bbox 2780 4630 2907 4694; x_wconf 89' lang='lat' dir='ltr'><strong>Seu,</strong></span> <span class='ocrx_word' id='word_1_882' title='bbox 2942 4650 2960 4681; x_wconf 76' lang='grc' dir='ltr'><strong>ι</strong></span> <span class='ocrx_word' id='word_1_883' title='bbox 2992 4634 3154 4685; x_wconf 90' lang='lat' dir='ltr'><strong>robur</strong></span> <span class='ocrx_word' id='word_1_884' title='bbox 3178 4647 3243 4686; x_wconf 90' lang='lat' dir='ltr'><strong>ac</strong></span> <span class='ocrx_word' id='word_1_885' title='bbox 3280 4633 3425 4688; x_wconf 87' lang='lat' dir='ltr'><strong>vires</strong></span> <span class='ocrx_word' id='word_1_886' title='bbox 3463 4635 3667 4689; x_wconf 80' lang='lat' dir='ltr'><strong>addide-</strong></span> 
     </span>
    </p>
   </div>
   <div class='ocr_carea' id='block_1_118' title="bbox 2114 4700 3667 4769">
    <p class='ocr_par' dir='ltr' id='par_1_118' title="bbox 2114 4700 3667 4769">
     <span class='ocr_line' id='line_1_118' title="bbox 2114 4700 3667 4769; baseline 0.003 -17"><span class='ocrx_word' id='word_1_887' title='bbox 2114 4700 2203 4752; x_wconf 88' lang='lat' dir='ltr'><strong>rit.</strong></span> <span class='ocrx_word' id='word_1_888' title='bbox 2244 4718 2262 4750; x_wconf 80' lang='grc' dir='ltr'><strong>ι</strong></span> <span class='ocrx_word' id='word_1_889' title='bbox 2311 4700 2596 4768; x_wconf 84' lang='lat' dir='ltr'><strong>Antiquius</strong></span> <span class='ocrx_word' id='word_1_890' title='bbox 2637 4711 3073 4764; x_wconf 89' lang='lat' dir='ltr'><strong>monumentum,</strong></span> <span class='ocrx_word' id='word_1_891' title='bbox 3124 4718 3230 4769; x_wconf 89' lang='lat' dir='ltr'><strong>quo</strong></span> <span class='ocrx_word' id='word_1_892' title='bbox 3280 4707 3497 4759; x_wconf 88' lang='lat' dir='ltr'><strong>ostendi</strong></span> <span class='ocrx_word' id='word_1_893' title='bbox 3548 4716 3667 4757; x_wconf 74' lang='lat' dir='ltr'><strong>sotct</strong></span> 
     </span>
    </p>
   </div>
   <div class='ocr_carea' id='block_1_119' title="bbox 2115 4770 3667 4839">
    <p class='ocr_par' dir='ltr' id='par_1_119' title="bbox 2115 4770 3667 4839">
     <span class='ocr_line' id='line_1_119' title="bbox 2115 4770 3667 4839; baseline 0.005 -18"><span class='ocrx_word' id='word_1_894' title='bbox 2115 4778 2353 4822; x_wconf 87' lang='lat' dir='ltr'><strong>vetustas</strong></span> <span class='ocrx_word' id='word_1_895' title='bbox 2382 4770 2522 4822; x_wconf 86' lang='lat' dir='ltr'><strong>illius</strong></span> <span class='ocrx_word' id='word_1_896' title='bbox 2552 4770 2978 4837; x_wconf 79' lang='lat' dir='ltr'><strong>nuncupatiunis,</strong></span> <span class='ocrx_word' id='word_1_897' title='bbox 3002 4788 3101 4839; x_wconf 82' lang='lat' dir='ltr'><strong>qua</strong></span> <span class='ocrx_word' id='word_1_898' title='bbox 3117 4782 3521 4827; x_wconf 86' lang='lat' dir='ltr'><strong>sacramentum</strong></span> <span class='ocrx_word' id='word_1_899' title='bbox 3551 4778 3667 4828; x_wconf 80' lang='lat' dir='ltr'><strong>hoc~</strong></span> 
     </span>
    </p>
   </div>
   <div class='ocr_carea' id='block_1_120' title="bbox 2115 4839 3667 4911">
    <p class='ocr_par' dir='ltr' id='par_1_120' title="bbox 2115 4839 3667 4911">
     <span class='ocr_line' id='line_1_120' title="bbox 2115 4839 3667 4911; baseline 0 -20"><span class='ocrx_word' id='word_1_900' title='bbox 2115 4854 2196 4903; x_wconf 90' lang='lat' dir='ltr'><strong>ce,</strong></span> <span class='ocrx_word' id='word_1_901' title='bbox 2227 4839 2292 4891; x_wconf 90' lang='lat' dir='ltr'><strong>de</strong></span> <span class='ocrx_word' id='word_1_902' title='bbox 2321 4855 2425 4906; x_wconf 91' lang='lat' dir='ltr'><strong>quo</strong></span> <span class='ocrx_word' id='word_1_903' title='bbox 2460 4839 2732 4908; x_wconf 84' lang='lat' dir='ltr'><strong>Didymus,</strong></span> <span class='ocrx_word' id='word_1_904' title='bbox 2760 4842 3143 4911; x_wconf 22' lang='lat' dir='ltr'><strong>(“conﬁrmatio</strong></span> <span class='ocrx_word' id='word_1_905' title='bbox 3178 4860 3197 4892; x_wconf 80' lang='grc' dir='ltr'><strong>ι</strong></span> <span class='ocrx_word' id='word_1_906' title='bbox 3236 4843 3561 4911; x_wconf 77' lang='lat' dir='ltr'><strong>appellatur,</strong></span> <span class='ocrx_word' id='word_1_907' title='bbox 3588 4848 3667 4893; x_wconf 73' lang='lat' dir='ltr'><strong>de-</strong></span> 
     </span>
    </p>
   </div>
   <div class='ocr_carea' id='block_1_121' title="bbox 2116 4909 3667 4976">
    <p class='ocr_par' dir='ltr' id='par_1_121' title="bbox 2116 4909 3667 4976">
     <span class='ocr_line' id='line_1_121' title="bbox 2116 4909 3667 4976; baseline 0.005 -17"><span class='ocrx_word' id='word_1_908' title='bbox 2116 4918 2414 4976; x_wconf 86' lang='lat' dir='ltr'><strong>promptum</strong></span> <span class='ocrx_word' id='word_1_909' title='bbox 2442 4918 2523 4961; x_wconf 90' lang='lat' dir='ltr'><strong>est</strong></span> <span class='ocrx_word' id='word_1_910' title='bbox 2555 4924 2619 4962; x_wconf 84' lang='lat' dir='ltr'><strong>ex</strong></span> <span class='ocrx_word' id='word_1_911' title='bbox 2644 4909 2868 4962; x_wconf 89' lang='lat' dir='ltr'><strong>concilio</strong></span> <span class='ocrx_word' id='word_1_912' title='bbox 2890 4909 3221 4966; x_wconf 78' lang='lat' dir='ltr'><strong>Arausicano</strong></span> <span class='ocrx_word' id='word_1_913' title='bbox 3249 4909 3374 4965; x_wconf 79' lang='lat' dir='ltr'><strong>anni</strong></span> <span class='ocrx_word' id='word_1_914' title='bbox 3408 4912 3539 4967; x_wconf 65' lang='lat' dir='ltr'><strong>Nl.</strong></span> <span class='ocrx_word' id='word_1_915' title='bbox 3577 4914 3667 4967; x_wconf 79' lang='lat' dir='ltr'><strong>Sel</strong></span> 
     </span>
    </p>
   </div>
   <div class='ocr_carea' id='block_1_122' title="bbox 2117 4978 3668 5048">
    <p class='ocr_par' dir='ltr' id='par_1_122' title="bbox 2117 4978 3668 5048">
     <span class='ocr_line' id='line_1_122' title="bbox 2117 4978 3668 5048; baseline 0.004 -18"><span class='ocrx_word' id='word_1_916' title='bbox 2117 4988 2240 5030; x_wconf 89' lang='lat' dir='ltr'><strong>ante</strong></span> <span class='ocrx_word' id='word_1_917' title='bbox 2268 4978 2545 5048; x_wconf 88' lang='lat' dir='ltr'><strong>Didymum</strong></span> <span class='ocrx_word' id='word_1_918' title='bbox 2587 4979 2947 5034; x_wconf 85' lang='lat' dir='ltr'><strong>Tertullianus</strong></span> <span class='ocrx_word' id='word_1_919' title='bbox 2988 4981 3040 5033; x_wconf 92' lang='lat' dir='ltr'><strong>in</strong></span> <span class='ocrx_word' id='word_1_920' title='bbox 3071 4981 3203 5035; x_wconf 92' lang='lat' dir='ltr'><strong>libro</strong></span> <span class='ocrx_word' id='word_1_921' title='bbox 3232 4981 3306 5034; x_wconf 82' lang='lat' dir='ltr'><strong>De</strong></span> <span class='ocrx_word' id='word_1_922' title='bbox 3338 4988 3668 5036; x_wconf 77' lang='lat' dir='ltr'><strong>resurrectio~</strong></span> 
     </span>
    </p>
   </div>
   <div class='ocr_carea' id='block_1_123' title="bbox 2117 5049 3667 5115">
    <p class='ocr_par' dir='ltr' id='par_1_123' title="bbox 2117 5049 3667 5115">
     <span class='ocr_line' id='line_1_123' title="bbox 2117 5049 3667 5115; baseline 0.005 -17"><span class='ocrx_word' id='word_1_923' title='bbox 2117 5063 2178 5101; x_wconf 82' lang='lat' dir='ltr'><strong>ne</strong></span> <span class='ocrx_word' id='word_1_924' title='bbox 2225 5052 2396 5100; x_wconf 81' lang='lat' dir='ltr'><strong>carnis</strong></span> <span class='ocrx_word' id='word_1_925' title='bbox 2428 5062 2545 5115; x_wconf 87' lang='lat' dir='ltr'><strong>cap.</strong></span> <span class='ocrx_word' id='word_1_926' title='bbox 2576 5049 2609 5103; x_wconf 91' lang='lat'><strong>8</strong></span> <span class='ocrx_word' id='word_1_927' title='bbox 2642 5050 2885 5102; x_wconf 84' lang='lat' dir='ltr'><strong>eamdem</strong></span> <span class='ocrx_word' id='word_1_928' title='bbox 2938 5050 3265 5103; x_wconf 78' lang='lat' dir='ltr'><strong>indicaverat</strong></span> <span class='ocrx_word' id='word_1_929' title='bbox 3326 5053 3414 5105; x_wconf 90' lang='lat' dir='ltr'><strong>his</strong></span> <span class='ocrx_word' id='word_1_930' title='bbox 3455 5055 3667 5106; x_wconf 85' lang='lat' dir='ltr'><strong>verbis:</strong></span> 
     </span>
    </p>
   </div>
   <div class='ocr_carea' id='block_1_124' title="bbox 2122 5118 3663 5191">
    <p class='ocr_par' dir='ltr' id='par_1_124' title="bbox 2122 5118 3663 5191">
     <span class='ocr_line' id='line_1_124' title="bbox 2122 5118 3663 5191; baseline 0.002 -20"><span class='ocrx_word' id='word_1_931' title='bbox 2122 5135 2140 5164; x_wconf 72' lang='grc' dir='ltr'><strong>ε</strong></span> <span class='ocrx_word' id='word_1_932' title='bbox 2173 5118 2315 5171; x_wconf 87' lang='lat' dir='ltr'><strong>Caro</strong></span> <span class='ocrx_word' id='word_1_933' title='bbox 2357 5130 2591 5186; x_wconf 80' lang='lat' dir='ltr'><strong>ungitur,</strong></span> <span class='ocrx_word' id='word_1_934' title='bbox 2621 5129 2679 5173; x_wconf 92' lang='lat' dir='ltr'><strong>ut</strong></span> <span class='ocrx_word' id='word_1_935' title='bbox 2702 5122 2879 5191; x_wconf 90' lang='lat' dir='ltr'><strong>anima</strong></span> <span class='ocrx_word' id='word_1_936' title='bbox 2911 5131 3300 5176; x_wconf 80' lang='lat' dir='ltr'><strong>consecretur:</strong></span> <span class='ocrx_word' id='word_1_937' title='bbox 3336 5137 3468 5176; x_wconf 88' lang='lat' dir='ltr'><strong>caro</strong></span> <span class='ocrx_word' id='word_1_938' title='bbox 3502 5125 3663 5191; x_wconf 86' lang='lat' dir='ltr'><strong>signa-</strong></span> 
     </span>
    </p>
   </div>
   <div class='ocr_carea' id='block_1_125' title="bbox 2119 5190 3665 5251">
    <p class='ocr_par' dir='ltr' id='par_1_125' title="bbox 2119 5190 3665 5251">
     <span class='ocr_line' id='line_1_125' title="bbox 2119 5190 3665 5251; baseline 0.001 -12"><span class='ocrx_word' id='word_1_939' title='bbox 2119 5197 2223 5250; x_wconf 91' lang='lat' dir='ltr'><strong>tur,</strong></span> <span class='ocrx_word' id='word_1_940' title='bbox 2267 5197 2325 5240; x_wconf 93' lang='lat' dir='ltr'><strong>ut</strong></span> <span class='ocrx_word' id='word_1_941' title='bbox 2374 5197 2429 5240; x_wconf 88' lang='lat' dir='ltr'><strong>et</strong></span> <span class='ocrx_word' id='word_1_942' title='bbox 2479 5191 2657 5243; x_wconf 88' lang='lat' dir='ltr'><strong>anima</strong></span> <span class='ocrx_word' id='word_1_943' title='bbox 2710 5190 3000 5243; x_wconf 90' lang='lat' dir='ltr'><strong>muniatur.</strong></span> <span class='ocrx_word' id='word_1_944' title='bbox 3058 5209 3075 5240; x_wconf 81' lang='grc' dir='ltr'><strong>ι</strong></span> <span class='ocrx_word' id='word_1_945' title='bbox 3116 5191 3256 5243; x_wconf 89' lang='lat' dir='ltr'><strong>Idem</strong></span> <span class='ocrx_word' id='word_1_946' title='bbox 3319 5196 3469 5246; x_wconf 77' lang='lat' dir='ltr'><strong>enin)</strong></span> <span class='ocrx_word' id='word_1_947' title='bbox 3520 5190 3665 5251; x_wconf 63' lang='lat' dir='ltr'><strong>valet,</strong></span> 
     </span>
    </p>
   </div>
   <div class='ocr_carea' id='block_1_126' title="bbox 2122 5258 3666 5327">
    <p class='ocr_par' dir='ltr' id='par_1_126' title="bbox 2122 5258 3666 5327">
     <span class='ocr_line' id='line_1_126' title="bbox 2122 5258 3666 5327; baseline 0.004 -20"><span class='ocrx_word' id='word_1_948' title='bbox 2122 5275 2140 5307; x_wconf 88' lang='grc'><strong><em>‹</em></strong></span> <span class='ocrx_word' id='word_1_949' title='bbox 2172 5258 2465 5320; x_wconf 89' lang='lat' dir='ltr'><strong>muniatur,</strong></span> <span class='ocrx_word' id='word_1_950' title='bbox 2499 5278 2518 5310; x_wconf 79' lang='grc' dir='ltr'><strong>ι</strong></span> <span class='ocrx_word' id='word_1_951' title='bbox 2558 5271 2718 5327; x_wconf 81' lang='lat' dir='ltr'><strong>atque</strong></span> <span class='ocrx_word' id='word_1_952' title='bbox 2760 5278 2778 5309; x_wconf 81' lang='grc' dir='ltr'><strong>ι</strong></span> <span class='ocrx_word' id='word_1_953' title='bbox 2809 5260 3172 5325; x_wconf 84' lang='lat' dir='ltr'><strong>confirmetur,</strong></span> <span class='ocrx_word' id='word_1_954' title='bbox 3204 5278 3222 5310; x_wconf 84' lang='grc' dir='ltr'><strong>ι</strong></span> <span class='ocrx_word' id='word_1_955' title='bbox 3262 5277 3356 5315; x_wconf 87' lang='lat' dir='ltr'><strong>seu</strong></span> <span class='ocrx_word' id='word_1_956' title='bbox 3401 5282 3419 5313; x_wconf 88' lang='grc'>‹</span> <span class='ocrx_word' id='word_1_957' title='bbox 3464 5266 3666 5317; x_wconf 71' lang='lat' dir='ltr'><strong>roboru-</strong></span> 
     </span>
    </p>
   </div>
   <div class='ocr_carea' id='block_1_127' title="bbox 2118 5329 3666 5402">
    <p class='ocr_par' dir='ltr' id='par_1_127' title="bbox 2118 5329 3666 5402">
     <span class='ocr_line' id='line_1_127' title="bbox 2118 5329 3666 5402; baseline 0.004 -24"><span class='ocrx_word' id='word_1_958' title='bbox 2118 5337 2221 5402; x_wconf 83' lang='lat' dir='ltr'><strong>tnr.</strong></span> <span class='ocrx_word' id='word_1_959' title='bbox 2264 5346 2281 5377; x_wconf 82' lang='grc' dir='ltr'><strong>ι</strong></span> <span class='ocrx_word' id='word_1_960' title='bbox 2318 5329 2799 5402; x_wconf 18' lang='grc' dir='ltr'>υιιριιι-ρειᾳιιυιθιιι</span> <span class='ocrx_word' id='word_1_961' title='bbox 2829 5342 2890 5381; x_wconf 89' lang='lat' dir='ltr'><strong>ea</strong></span> <span class='ocrx_word' id='word_1_962' title='bbox 2921 5330 3113 5382; x_wconf 89' lang='lat' dir='ltr'><strong>locutio</strong></span> <span class='ocrx_word' id='word_1_963' title='bbox 3148 5345 3212 5383; x_wconf 82' lang='lat' dir='ltr'><strong>ex</strong></span> <span class='ocrx_word' id='word_1_964' title='bbox 3244 5330 3454 5397; x_wconf 81' lang='lat' dir='ltr'><strong>Bibliis,</strong></span> <span class='ocrx_word' id='word_1_965' title='bbox 3485 5334 3538 5386; x_wconf 91' lang='lat' dir='ltr'><strong>in</strong></span> <span class='ocrx_word' id='word_1_966' title='bbox 3568 5334 3666 5402; x_wconf 74' lang='lat' dir='ltr'><strong>qui-</strong></span> 
     </span>
    </p>
   </div>
   <div class='ocr_carea' id='block_1_128' title="bbox 2117 5397 3666 5466">
    <p class='ocr_par' dir='ltr' id='par_1_128' title="bbox 2117 5397 3666 5466">
     <span class='ocr_line' id='line_1_128' title="bbox 2117 5397 3666 5466; baseline 0.005 -17"><span class='ocrx_word' id='word_1_967' title='bbox 2117 5399 2215 5450; x_wconf 91' lang='lat' dir='ltr'><strong>bus</strong></span> <span class='ocrx_word' id='word_1_968' title='bbox 2249 5399 2445 5464; x_wconf 88' lang='lat' dir='ltr'><strong>passim</strong></span> <span class='ocrx_word' id='word_1_969' title='bbox 2478 5397 2707 5465; x_wconf 90' lang='lat' dir='ltr'><strong>Spiritus</strong></span> <span class='ocrx_word' id='word_1_970' title='bbox 2742 5409 2959 5453; x_wconf 87' lang='lat' dir='ltr'><strong>sanctus</strong></span> <span class='ocrx_word' id='word_1_971' title='bbox 2994 5415 3090 5454; x_wconf 90' lang='lat' dir='ltr'><strong>nos</strong></span> <span class='ocrx_word' id='word_1_972' title='bbox 3122 5418 3141 5449; x_wconf 76' lang='grc' dir='ltr'><strong>ι</strong></span> <span class='ocrx_word' id='word_1_973' title='bbox 3178 5402 3537 5466; x_wconf 78' lang='lat' dir='ltr'><strong>confirmare,</strong></span> <span class='ocrx_word' id='word_1_974' title='bbox 3568 5397 3666 5457; x_wconf 64' lang='grc' dir='ltr'><strong>ἐυι⁴</strong></span> 
     </span>
    </p>
   </div>
   <div class='ocr_carea' id='block_1_129' title="bbox 2118 5467 3035 5527">
    <p class='ocr_par' dir='ltr' id='par_1_129' title="bbox 2118 5467 3035 5527">
     <span class='ocr_line' id='line_1_129' title="bbox 2118 5467 3035 5527; baseline 0.002 -7"><span class='ocrx_word' id='word_1_975' title='bbox 2118 5468 2398 5527; x_wconf 83' lang='lat' dir='ltr'><strong>roborare,</strong></span> <span class='ocrx_word' id='word_1_976' title='bbox 2430 5467 2733 5521; x_wconf 87' lang='lat' dir='ltr'><strong>confortare</strong></span> <span class='ocrx_word' id='word_1_977' title='bbox 2766 5488 2783 5519; x_wconf 84' lang='grc' dir='ltr'><strong>ι</strong></span> <span class='ocrx_word' id='word_1_978' title='bbox 2821 5469 3035 5522; x_wconf 88' lang='lat' dir='ltr'><strong>dicitur.</strong></span> 
     </span>
    </p>
   </div>
   <div class='ocr_carea' id='block_1_130' title="bbox 2076 5534 3526 5609">
    <p class='ocr_par' dir='ltr' id='par_1_130' title="bbox 2076 5534 3526 5609">
     <span class='ocr_line' id='line_1_130' title="bbox 2076 5534 3526 5609; baseline 0.01 -26"><span class='ocrx_word' id='word_1_979' title='bbox 2076 5555 2107 5609; x_wconf 41' lang='grc' dir='ltr'><strong>τι</strong></span> <span class='ocrx_word' id='word_1_980' title='bbox 2186 5536 2296 5609; x_wconf 64' lang='grc' dir='ltr'><strong>(ιᾷ)</strong></span> <span class='ocrx_word' id='word_1_981' title='bbox 2338 5534 2530 5609; x_wconf 59' lang='lat' dir='ltr'><strong>Longe.</strong></span> <span class='ocrx_word' id='word_1_982' title='bbox 2555 5538 2756 5601; x_wconf 81' lang='lat' dir='ltr'><strong>Codex,</strong></span> <span class='ocrx_word' id='word_1_983' title='bbox 2786 5538 3045 5593; x_wconf 81' lang='grc' dir='ltr'>ἐκποδῶν.</span> <span class='ocrx_word' id='word_1_984' title='bbox 3081 5539 3219 5607; x_wconf 80' lang='lat' dir='ltr'><strong>Lego</strong></span> <span class='ocrx_word' id='word_1_985' title='bbox 3254 5542 3526 5599; x_wconf 77' lang='grc' dir='ltr'>ἐκποδών.</span> 
     </span>
    </p>
   </div>
   <div class='ocr_carea' id='block_1_131' title="bbox 456 5605 2103 5661">
    <p class='ocr_par' dir='ltr' id='par_1_131' title="bbox 456 5605 2103 5661">
     <span class='ocr_line' id='line_1_131' title="bbox 456 5605 2103 5661; baseline 0.002 -6"><span class='ocrx_word' id='word_1_986' title='bbox 456 5621 527 5656; x_wconf 91' lang='lat' dir='ltr'><strong>nu</strong></span> <span class='ocrx_word' id='word_1_987' title='bbox 556 5614 925 5658; x_wconf 88' lang='lat' dir='ltr'><strong>contestamur</strong></span> <span class='ocrx_word' id='word_1_988' title='bbox 955 5620 1051 5658; x_wconf 92' lang='lat' dir='ltr'><strong>nos</strong></span> <span class='ocrx_word' id='word_1_989' title='bbox 1085 5607 1388 5661; x_wconf 89' lang='lat' dir='ltr'><strong>renuntiare</strong></span> <span class='ocrx_word' id='word_1_990' title='bbox 1409 5608 1685 5660; x_wconf 88' lang='lat' dir='ltr'><strong>diabolo...</strong></span> <span class='ocrx_word' id='word_1_991' title='bbox 1714 5605 1907 5660; x_wconf 88' lang='lat' dir='ltr'><strong>dehinc</strong></span> <span class='ocrx_word' id='word_1_992' title='bbox 1937 5614 2017 5659; x_wconf 89' lang='lat' dir='ltr'><strong>ter</strong></span> <span class='ocrx_word' id='word_1_993' title='bbox 2081 5610 2103 5635; x_wconf 68' lang='grc' dir='ltr'><strong>τ’</strong></span> 
     </span>
    </p>
   </div>
   <div class='ocr_carea' id='block_1_132' title="bbox 460 5666 2076 5746">
    <p class='ocr_par' dir='ltr' id='par_1_132' title="bbox 460 5666 2076 5746">
     <span class='ocr_line' id='line_1_132' title="bbox 460 5666 2076 5746; baseline 0.003 -21"><span class='ocrx_word' id='word_1_994' title='bbox 460 5676 803 5743; x_wconf 71' lang='lat' dir='ltr'><strong>mergitautur</strong></span> <span class='ocrx_word' id='word_1_995' title='bbox 852 5674 1083 5745; x_wconf 86' lang='lat' dir='ltr'><strong>amplius</strong></span> <span class='ocrx_word' id='word_1_996' title='bbox 1131 5675 1329 5743; x_wconf 87' lang='lat' dir='ltr'><strong>aliquid</strong></span> <span class='ocrx_word' id='word_1_997' title='bbox 1390 5677 1791 5746; x_wconf 84' lang='lat' dir='ltr'><strong>respondentes,</strong></span> <span class='ocrx_word' id='word_1_998' title='bbox 1851 5689 2013 5744; x_wconf 89' lang='lat' dir='ltr'><strong>quam</strong></span> <span class='ocrx_word' id='word_1_999' title='bbox 2057 5666 2076 5719; x_wconf 61' lang='grc' dir='ltr'><strong>ί</strong></span> 
     </span>
    </p>
   </div>
   <div class='ocr_carea' id='block_1_133' title="bbox 2187 5605 3664 5683">
    <p class='ocr_par' dir='ltr' id='par_1_133' title="bbox 2187 5605 3664 5683">
     <span class='ocr_line' id='line_1_133' title="bbox 2187 5605 3664 5683; baseline -0.013 -25"><span class='ocrx_word' id='word_1_1000' title='bbox 2187 5605 2299 5674; x_wconf 75' lang='grc'><strong>(14.)</strong></span> <span class='ocrx_word' id='word_1_1001' title='bbox 2343 5605 2590 5683; x_wconf 59' lang='lat' dir='ltr'><strong>Ifrovida.</strong></span> <span class='ocrx_word' id='word_1_1002' title='bbox 2647 5608 2861 5683; x_wconf 48' lang='lat' dir='ltr'><strong>Codex,</strong></span> <span class='ocrx_word' id='word_1_1003' title='bbox 2928 5605 3235 5683; x_wconf 48' lang='grc' dir='ltr'>προμηθίαν</span> <span class='ocrx_word' id='word_1_1004' title='bbox 3303 5629 3403 5680; x_wconf 65' lang='lat' dir='ltr'><strong>pro</strong></span> <span class='ocrx_word' id='word_1_1005' title='bbox 3469 5613 3664 5683; x_wconf 49' lang='grc' dir='ltr'>πρημή,</span> 
     </span>
    </p>
   </div>
   <div class='ocr_carea' id='block_1_134' title="bbox 2118 5675 3664 5747">
    <p class='ocr_par' dir='ltr' id='par_1_134' title="bbox 2118 5675 3664 5747">
     <span class='ocr_line' id='line_1_134' title="bbox 2118 5675 3664 5747; baseline 0.005 -20"><span class='ocrx_word' id='word_1_1006' title='bbox 2118 5675 2286 5742; x_wconf 86' lang='grc' dir='ltr'>θειαν,</span> <span class='ocrx_word' id='word_1_1007' title='bbox 2331 5678 2399 5731; x_wconf 91' lang='lat' dir='ltr'><strong>ob</strong></span> <span class='ocrx_word' id='word_1_1008' title='bbox 2439 5693 2597 5747; x_wconf 79' lang='lat' dir='ltr'><strong>quam</strong></span> <span class='ocrx_word' id='word_1_1009' title='bbox 2647 5678 2786 5734; x_wconf 80' lang='lat' dir='ltr'><strong>Deus</strong></span> <span class='ocrx_word' id='word_1_1010' title='bbox 2826 5676 2891 5733; x_wconf 91' lang='grc'>0.</span> <span class='ocrx_word' id='word_1_1011' title='bbox 2931 5675 3000 5734; x_wconf 77' lang='grc' dir='ltr'>Μ.</span> <span class='ocrx_word' id='word_1_1012' title='bbox 3034 5675 3062 5734; x_wconf 69' lang='grc' dir='ltr'>ἐι</span> <span class='ocrx_word' id='word_1_1013' title='bbox 3094 5675 3430 5739; x_wconf 67' lang='grc' dir='ltr'>Τειιυιιὶειιιο</span> <span class='ocrx_word' id='word_1_1014' title='bbox 3468 5704 3486 5734; x_wconf 77' lang='grc' dir='ltr'><strong>ι</strong></span> <span class='ocrx_word' id='word_1_1015' title='bbox 3520 5675 3664 5739; x_wconf 64' lang='lat' dir='ltr'><strong>&#39;vém</strong></span> 
     </span>
    </p>
   </div>
  </div>
