3676 6398
468 400 573 456 7⁸15

1693 378 1925 457 manu
1965 402 2435 461 ALEXANDRINI
3523 421 3590 475 ns

460 519 664 578 suntin
698 519 860 573 vitam
919 519 970 574 in
997 517 1291 576 Jerusalem
1325 537 1339 574 :
1373 522 1496 589 quia
1543 521 1725 578 abluet
1767 525 1991 580 Dominn

2131 527 2182 577 ὲν
2237 522 2512 592 Πνεύματι
2561 521 2794 589 κρίσεως
2827 521 2922 574 καὶ
2963 521 3021 574 ὲν
3043 511 3324 592 ’Πνεύματι
3351 524 3590 596 καύσεως.»

459 611 650 666 sordes
679 610 910 663 ﬁliorum
939 620 992 664 ct
1039 611 1270 666 filiarum
1303 610 1456 675 Sion,
1481 621 1535 665 et
1565 616 1880 683 sanguinem
1909 618 2021 686 (25)

455 700 772 756 emundabit
813 717 879 756 ex
924 704 1098 758 medio
1145 719 1333 758 eorum
1381 705 1434 759 in
1470 704 1672 775 Spiritu
1720 707 1930 774 judicii,
1972 720 2028 765 et

458 794 512 848 in
551 792 752 862 Spiritu
789 795 1025 849 ardoris.
1066 814 1086 848 ι
1121 795 1200 850 Ac
1229 796 1427 852 Petrus
1455 810 1512 852 ut
1539 804 1789 853 ostendat
1824 800 1875 854 in
1908 801 2022 870 pri-

456 901 546 940 ma
578 886 836 954 Epistola,
864 888 1028 956 quod.
1070 888 1115 943 si
1151 888 1278 943 olim
1318 890 1638 958 baptismus,
1666 893 1756 960 qui
1806 893 1856 946 in
1907 909 2026 946 um-

461 979 558 1032 bra
590 989 724 1044 erat,
762 979 1029 1044 salvabat,
1071 982 1238 1034 multo
1268 983 1442 1052 magis
1467 982 1554 1037 ille
1582 984 1898 1053 baptismus,
1930 987 2021 1056 qui

457 1079 541 1124 est
570 1071 622 1124 in
658 1070 906 1138 veritate,
957 1086 1057 1126 nos
1091 1072 1426 1127 immortales
1471 1074 1668 1140 reddit,
1707 1085 1760 1129 et
1811 1076 2027 1129 deilicat

458 1163 594 1233 (24),
639 1163 854 1232 scripsit
912 1165 983 1218 ita
1023 1182 1039 1217 :

459 1258 593 1326 (aut,
638 1258 831 1311 similis
886 1256 1090 1328 formae)
1150 1274 1293 1313 nunc
1351 1259 1525 1314 salvat
1569 1258 1858 1329 baptisma,
1914 1273 2022 1311 non

457 1350 636 1403 carnis
664 1349 926 1418 depositio
957 1351 1217 1416 sordium,
1249 1351 1343 1406 sed
1385 1351 1731 1406 conscientiae
1755 1351 1909 1404 bonae
1938 1350 2021 1402 in-

459 1442 749 1510 terrogatio
781 1442 830 1494 in
869 1442 1057 1507 Deum,
1090 1457 1183 1510 per
1217 1445 1662 1497 resurrectionem
1698 1443 1825 1497 Jesu
1857 1441 2017 1496 Chri-

455 1532 546 1595 sti,
577 1531 667 1600 qui
697 1530 834 1584 sedit
892 1531 1004 1601 (26)
1061 1531 1114 1584 in
1159 1533 1381 1586 dextera
1453 1535 1542 1588 Dei
1597 1533 1708 1604 (27)
1749 1534 2023 1602 profectus

458 1621 509 1674 in
544 1622 762 1687 cmlum,
811 1623 1069 1692 subjectis
1124 1624 1225 1678 sibi
1275 1625 1498 1694 angelis,
1535 1636 1590 1680 ct
1646 1626 2018 1695 potestatibus,

452 1723 508 1765 et
536 1713 849 1767 virtutibus.
903 1732 920 1765 ι
980 1714 1148 1768 Porro
1183 1735 1200 1766 ι
1231 1715 1705 1784 interrogationem
1731 1715 1782 1769 in
1811 1716 1972 1769 Deum
1997 1733 2016 1766 ι

454 1802 584 1854 dicit
639 1803 986 1857 coxiscientia)
1030 1803 1426 1860 confessionem
1464 1808 1583 1876 (seu
1630 1806 2020 1875 professionem

1090 1181 1108 1214 ι
1146 1163 1300 1230 Quod
1357 1172 1411 1218 et
1454 1179 1547 1218 vos
1572 1164 1683 1234 (25)
1711 1166 2018 1236 antitypum

2127 616 2238 668 Καὶ
2271 614 2358 666 ἵνα
2381 613 2529 686 δείξῃ
2557 613 2762 682 Πέτρος
2783 612 2841 665 ἐν
2857 615 2924 682 τῇ
2948 611 3139 685 πρώτῃ
3184 613 3451 688 Ἐπιστολῇ,
3476 621 3546 688 ὡς,
3563 631 3593 682 ει

2123 707 2184 759 τὸ
2223 705 2512 776 γενόμενόν
2547 721 2674 757 ποτε
2711 706 2771 758 ἐν
2801 707 2927 776 σκιᾷ
2961 705 3240 774 βάπτισμα
3277 704 3462 773 ἔσωζεν,
3495 716 3598 786 πόσῳ

2129 797 2326 868 μᾶλλον
2347 796 2406 850 τὸ
2426 797 2715 866 γενόμενον
2737 798 2794 848 έν
2819 797 3046 868 ἀληθείᾳ
3074 795 3392 850 ἀπαθανατοί
3409 802 3483 853 καὶ
3507 806 3596 859 ἀπο.

2125 888 2237 941 θεοῖ
2287 889 2453 958 ἡμᾶς,
2490 887 2612 959 [127
2653 887 2708 958 α]
2743 887 2978 958 ἔγραψεν
3009 887 3211 950 οὕτως’
3249 906 3267 937 ι
3308 891 3366 940 ’Ὁ
3405 891 3475 943 καὶ
3503 895 3600 963 ὑμᾶς

2124 977 2411 1032 ἀντίτυπον
2446 977 2544 1031 νῦν
2571 975 2731 1041 σώζει
2764 977 3064 1047 βάπτισμα,
3102 977 3162 1030 οὐ
3196 977 3381 1048 σαρκὸς
3416 981 3600 1048 ἀπόθεσις

2125 1068 2320 1139 ῥύπου,
2373 1068 2506 1121 ἁλλά
2560 1069 2910 1139 συνειδήσεως
2962 1067 3174 1137 ἀγαθῆς
3220 1069 3508 1141 ἐπερώτημα
3551 1080 3601 1139 εὶς

2123 1157 2254 1211 Θεὸν
2286 1158 2350 1210 δι’
2376 1159 2724 1221 ἀναστάσεως
2759 1157 2932 1230 Ἰησοῦ
2972 1156 3230 1228 Χριστοῦ,
3269 1158 3402 1223 ὅστις
3422 1163 3603 1219 ἐκάθισεν

2123 1250 2182 1303 ὲν
2213 1249 2362 1320 δεξιᾷ
2391 1249 2484 1302 τοῦ
2521 1249 2653 1302 Θεοῦ
2694 1249 2979 1320 πορευθεὶς
3010 1251 3089 1312 είς
3119 1250 3354 1319 οὐρανὸν,
3385 1253 3602 1323 ὑποταγέν-

2121 1356 2228 1392 των
2267 1339 2414 1408 αὐτῷ
2462 1341 2731 1408 ἀγγέλων,
2763 1343 2855 1393 καὶ
2889 1339 3166 1404 ἐξουσιῶν,
3199 1341 3292 1393 καὶ
3323 1340 3560 1412 δυνάμεων.
3590 1367 3603 1397 ›

2135 1427 2500 1500 Ἐπερὼτημα
2543 1429 2598 1481 δὲ
2635 1429 2785 1497 λέγει
2830 1432 2910 1492 εἰς
2956 1429 3087 1483 Θεὸν
3142 1429 3240 1500 τὴν
3271 1431 3512 1501 ὁμολογίαν
3539 1435 3606 1504 τῆς,

2124 1523 2497 1590 συνειδήσεως,
2526 1525 2594 1595 ἦν
2636 1524 2983 1595 ὲκτιθέμεθα,
3031 1525 3386 1596 συντιθέμενοι
3420 1527 3610 1597 βαπτίζε-

2124 1614 2247 1668 σθαι
2280 1617 2359 1678 είς
2383 1616 2623 1686 Πατέρα,
2652 1616 2746 1669 καὶ
2779 1617 2926 1679 Υίὸν,
2967 1617 3060 1670 καὶ
3087 1617 3238 1685 ἅγιον
3277 1619 3488 1691 Πνεῦμα,
3513 1624 3613 1676 κατὰ

2121 1707 2218 1777 τὴν
2254 1706 2347 1759 τοῦ
2379 1706 2584 1777 Κυρίου
2617 1710 2819 1778 φωνήν.
2859 1708 3088 1771 Ἡσαΐας
3112 1705 3205 1762 οὖν
3245 1705 3391 1774 αὖθις
3418 1711 3499 1782 βοᾷ
3521 1715 3615 1784 ape;

2121 1800 2246 1863 τοὺς
2278 1799 2352 1871 μὴ
2382 1799 2737 1864 πιστεύοντας
2764 1801 2840 1872 τῷ
2870 1801 3008 1871 ἁγίῳ
3038 1801 3330 1873 Πνεύματι,
3352 1807 3431 1857 καὶ
3450 1806 3518 1858 διὰ
3537 1808 3616 1859 τοῦ·

455 1893 600 1961 lidei)
633 1909 790 1961 quam
825 1897 1165 1963 exponimus,
1201 1912 1323 1950 cum
1360 1901 1713 1952 convenimus
1762 1906 1820 1952 ut
1847 1898 1998 1967 bapti-

2131 1909 2180 1945 ιο
2203 1893 2276 1962 μὴ
2307 1892 2527 1962 ἔχοντας
2547 1892 2644 1964 τὴν
2673 1893 2968 1964 μέλλουσαν
3000 1893 3388 1964 κληρονομίαν·
3423 1915 3440 1948 ι
3467 1897 3618 1960 Ἔστιν,

453 1999 640 2037 zemur
671 1985 723 2037 in
753 1985 987 2052 Patrem,
1017 1997 1070 2040 et
1101 1987 1317 2051 Filium,
1371 1997 1425 2042 et
1469 1988 1730 2058 Spiritum
1771 1999 1998 2044 sanctun

2131 1981 2304 2052 φησιν,
2355 1982 2686 2054 κληρονομία
2734 1987 2849 2047 τοῖς
2906 1983 3266 2055 θεραπεύουσι
3322 1986 3519 2057 Κύριον,
3555 1991 3619 2040 καὶ

453 2083 599 2127 -uxta
635 2074 845 2130 Domini
886 2079 1222 2132 mandatum.
1265 2078 1429 2134 Isaias
1479 2094 1608 2148 ergo
1653 2082 1719 2134 ad
1764 2096 1876 2141 eos,
1927 2096 1996 2150 qn

2131 2076 2278 2144 ὒμεῖς
2313 2074 2496 2128 ἔσεσθε
2521 2075 2739 2139 δίκαιοι,
2773 2076 2921 2144 λέγει
2955 2077 3178 2148 Κύριος.
3204 2080 3268 2131 Οἱ
3291 2079 3535 2148 διψῶντες,

455 2165 678 2237 Spiritui
739 2179 926 2224 sancto
960 2185 1062 2224 non
1126 2172 1372 2237 credunt,
1426 2171 1650 2240 ideoque
1708 2186 1811 2224 non
1858 2171 1998 2225 habe

2131 2165 2344 2234 ρεύεσθε
2367 2168 2451 2235 ἐφ’
2485 2165 2629 2236 ὕδωρ
2648 2183 2659 2196 ο
2699 2168 2792 2219 καὶ
2812 2168 2926 2220 ὅσοι
2958 2168 3032 2238 μὴ
3064 2169 3213 2238 ἔχετε
3241 2170 3498 2240 ἀργύριον,
3523 2171 3625 2240 βιδίο

454 2259 587 2313 bunt
619 2271 899 2315 venturam
955 2263 1342 2326 luercditatem,
1387 2264 1467 2318 sic
1517 2279 1706 2318 rursus
1760 2264 1956 2319 clamat

2131 2271 2313 2320 παντες
2350 2257 2676 2328 ἀγοράσατε,
2726 2258 2820 2309 καὶ¹
2880 2259 3080 2326 φάγετε
3133 2259 3261 2313 ἄνευ
3305 2261 3535 2331 ἀργυρίου
3565 2263 3629 2312 καὶ

458 2370 478 2401 ι
512 2353 604 2406 Est
629 2351 760 2421 (‘28),
799 2353 992 2422 inquit,
1031 2355 1318 2409 ltmreditas
1354 2357 1442 2419 iis,
1479 2357 1567 2423 qui
1619 2357 1802 2412 colunt
1841 2360 1998 2414 Domi

2131 2348 2282 2418 τιμῆς
2301 2344 2442 2403 οἶνον
2471 2350 2564 2402 καὶ
2587 2349 2772 2421 στέαρ.
2811 2368 2832 2402 ν
2872 2351 3056 2422 ’Ύδωρ
3093 2347 3249 2405 εἶπεν
3276 2352 3334 2404 τὸ
3378 2351 3564 2422 Πνεῦμα
3586 2355 3628 2405 τὸ

454 2455 604 2505 mini,
635 2453 688 2497 et
735 2460 828 2498 vos
876 2447 1031 2501 eritis
1073 2447 1183 2518 (29)
1221 2448 1375 2518 justi,
1408 2449 1539 2502 dicit
1599 2449 1874 2505 Dominus.
1929 2453 1998 2506 Sit

2131 2440 2290 2509 ἱγιον,
2318 2443 2412 2495 καὶ
2444 2443 2544 2512 τῆς
2567 2443 2950 2515 κολυμϐήθρας
2979 2443 3142 2496 αὑτοῦ
3171 2445 3242 2498 τὰ
3263 2445 3497 2514 νάματαο
3531 2441 3634 2496 οἶνον

454 2536 648 2590 tientes
679 2535 791 2605 (50)
822 2537 893 2590 ite
924 2539 976 2590 in
1010 2552 1229 2606 aquam,
1274 2548 1327 2593 et
1361 2539 1670 2608 quicunque
1713 2556 1816 2595 non
1849 2543 1998 2597 habet

2131 2533 2210 2588 καὶ
2235 2533 2420 2603 στέαρ,
2450 2533 2572 2585 τότε
2601 2536 2697 2604 μὲν
2719 2534 2785 2587 τὰ
2809 2535 2905 2605 τῆς
2929 2535 3243 2605 προθέσεως
3269 2537 3367 2604 τῆς
3401 2534 3635 2602 Ἰουδαϊκῆς

455 2625 524 2678 tis
549 2635 849 2696 argentum,
883 2636 1074 2682 euntes
1122 2628 1307 2695 emite,
1340 2636 1395 2683 et
1439 2629 1706 2684 comedite
1742 2630 1852 2702 (51)
1904 2631 1998 2685 sint

2131 2625 2407 2693 ἐσήμανεν,
2449 2623 2542 2677 νῦν
2558 2623 2614 2676 δὲ
2638 2624 2737 2695 τὴν
2774 2623 3037 2678 ἀθάνατον
3067 2626 3354 2680 κοινωνίαν
3376 2627 3464 2679 τοῦ
3495 2626 3639 2694 adipa-

451 2727 678 2786 argento
703 2728 757 2772 et
802 2719 977 2787 pretio
1008 2719 1191 2774 vinum
1240 2729 1296 2774 et
1324 2719 1560 2790 adipem.
1596 2740 1616 2774 ι
1645 2721 1852 2790 Aquam
1887 2723 1991 2776 dixi

2131 2732 2208 2778 ro;
2228 2716 2320 2768 καὶ
2352 2715 2580 2786 αἵματος
2611 2715 2704 2769 τοῦ
2732 2716 3050 2771 δεσποτικοῦ
3073 2735 3085 2748 ·
3119 2719 3313 2788 ἥντινα
3344 2721 3436 2772 σὺν
3458 2719 3525 2788 τῷ
3548 2721 3640 2770 ἀνσ-

454 2809 714 2876 Spiritum
751 2819 1022 2878 sanctum,
1068 2819 1122 2865 et
1153 2810 1348 2865 ﬂuenta
1415 2813 1634 2880 piscinae
1669 2813 1858 2879 ipsius.
1893 2811 1992 2866 Vin

2131 2809 2387 2880 ιαινισμῷ
2417 2810 2532 2881 ἅμα
2561 2809 2660 2880 μὲν
2683 2811 3050 2882 ἀγοράζομεν,
3082 2812 3268 2865 πίστιν
3292 2813 3386 2865 καὶ
3410 2812 3502 2864 οῦκ
3521 2810 3644 2881 ἀργύ-

453 2913 508 2956 et
541 2903 712 2970 adipis
765 2903 982 2959 nomine
1032 2914 1158 2958 tunc
1203 2906 1418 2973 quidem
1469 2905 1888 2974 designabantur
1927 2922 1990 2960 ea

2131 2914 2231 2967 οιον
2255 2899 2686 2971 κατατιθέμενοι,
2713 2902 2827 2971 ἃμα
2859 2901 2915 2954 δὲ
2938 2902 3032 2955 καὶ
3057 2903 3307 2974 χάρισμα
3329 2901 3641 2972 λαμϐάνομεν.

453 3010 572 3062 quae
600 2994 835 3050 Judaica:
870 3005 1024 3049 erant
1058 2996 1476 3065 propositionis;
1530 2997 1690 3066 277
1720 3013 1859 3052 nunc
1887 3013 1998 3052 vert

2131 2990 2240 3044 Ότι
2271 2991 2328 3044 δὲ
2363 2992 2506 3064 ὕδωρ
2533 2993 2598 3045 τὺ
2629 2994 2782 3060 ἆγιον
2825 2993 3069 3064 Πνεῦμα,
3116 2995 3199 3047 ἔτι
3233 2994 3342 3066 μὴν
3380 2996 3470 3048 καὶ
3499 2993 3551 3047 τὸ
3577 2991 3646 3044 τοῦ

453 3087 633 3140 divina
695 3089 1002 3141 communio
1043 3087 1286 3156 corporis
1336 3094 1391 3141 et
1449 3090 1725 3157 sanguinis
1769 3089 1998 3144 Domini

2131 3082 2487 3154 Ξαπτίσματος
2537 3085 2701 3138 αὐτοῦ
2762 3085 2930 3154 λέγει,
2979 3089 3074 3139 καὶ
3125 3086 3383 3159 Ἰωάννης
3431 3086 3650 3159 μαρτυρεῖ

453 3199 613 3250 quam
641 3198 744 3236 una
776 3199 896 3236 cum
950 3185 1295 3238 renovatione
1332 3184 1490 3236 simul
1519 3183 1734 3252 quidem
1763 3181 1991 3238 emimus

2131 3173 2223 3225 ὶπὺ
2270 3174 2364 3226 τοῦ
2409 3175 2678 3244 Σωτῆρος,
2713 3175 2915 3228 εἰπών·
2955 3196 2973 3226 ι
3017 3175 3075 3229 Ὀ
3119 3177 3400 3229 πιστεύων
3448 3178 3520 3239 είς
3558 3175 3650 3244 ἐμὲ,

452 3289 557 3327 non
587 3282 893 3344 argentum,
927 3274 1022 3328 sed
1077 3273 1236 3328 ﬁdem
1271 3275 1652 3344 expendentes,
1694 3274 1851 3329 simul
1887 3291 1998 3330 νει(

2131 3264 2298 3328 καθὼς
2337 3261 2488 3318 εἶπεν
2528 3239 2782 3338 Γραφή
2805 3282 2820 3296 ⁹
2856 3269 3090 3337 ποταμοὶ
3120 3269 3186 3320 ὲκ
3219 3269 3324 3341 τῆς
3351 3269 3544 3331 κοιλίας
3582 3239 3650 3319 αὖ·

450 3368 611 3420 etiam
637 3368 775 3420 dono
797 3365 1113 3434 accipimus.
1131 3365 1281 3432 Quod
1304 3375 1480 3420 autem
1510 3380 1722 3434 «aqua»
1751 3367 1998 3421 vocabult

2131 3355 2210 3408 τοῦ
2246 3355 2526 3427 ῥεύσουσιν
2559 3355 2751 3420 ὓδατος
2779 3357 2999 3422 ζῶντος.
3045 3379 3063 3411 ι
3099 3361 3210 3414 Καὶ
3241 3360 3410 3426 εὐθὺς
3432 3361 3650 3433 προσέθη-

451 3458 684 3528 Spiritus
714 3470 957 3521 sanctus,
995 3475 1059 3514 ac
1098 3459 1320 3529 insuper
1359 3459 1530 3529 ipsius
1565 3459 1820 3527 baptismi
1864 3474 1998 3529 aqua

2131 3466 2210 3502 ιεν
2253 3448 2328 3520 τῷ
2359 3449 2530 3520 λόγῳο
2571 3468 2589 3501 ι
2637 3450 2806 3503 Τοῦτο
2843 3452 2919 3516 δὲ,
2961 3454 3142 3522 φησὶν,
3197 3453 3392 3523 ἔλεγεν
3441 3456 3555 3524 περὶ
3589 3452 3650 3505 τοί

453 3552 791 3614 denotentur,
837 3558 1062 3603 testatur
1117 3559 1172 3603 et
1221 3548 1456 3605 Joannes
1495 3550 1745 3618 inquiens
1785 3565 1851 3604 ex
1899 3565 1998 3619 per

2131 3542 2450 3612 [Ινεύμσ.τος,
2491 3537 2551 3595 οῦ
2585 3542 2806 3612 ἔμελλον
2836 3543 3130 3614 λαμϐάνειν
3173 3548 3223 3599 οἱ
3266 3547 3612 3608 πιστεύοντες.
3642 3563 3650 3595 ι

448 3653 578 3693 sona
628 3637 969 3692 Salvatoris:
1019 3656 1037 3690 ι
1073 3638 1174 3705 Qui
1229 3640 1402 3694 credit
1452 3638 1565 3711 (32)
1621 3641 1672 3694 in
1735 3655 1840 3705 me,
1876 3640 1998 3694 sicu‘

2131 3630 2244 3701 127
2277 3631 2328 3702 ὁ]
2367 3632 2484 3685 ’Ότι
2523 3631 2577 3684 δὲ
2605 3633 2698 3684 καὶ
2735 3636 2934 3703 προῖκα
2963 3635 3349 3707 δικαιούμεθα,
3377 3637 3572 3702 ἀνάξιοι
3599 3637 3650 3687 ὃν

448 3727 584 3781 dixit
624 3726 925 3796 Scriptura,
955 3727 1171 3780 ﬂumina
1200 3743 1264 3781 ex
1296 3738 1482 3782 ventre
1515 3729 1631 3796 ejus
1672 3727 1836 3782 ﬂuent
1865 3744 1998 3797 aqua

2131 3741 2224 3787 τες,
2247 3723 2312 3776 δι’
2341 3723 2780 3796 ὑπερϐάλλουσαν
2811 3725 3120 3798 ἀγαθὸτητα
3149 3728 3252 3799 τῆς
3279 3729 3525 3800 Τριάδος,
3549 3726 3650 3780 Παὲη

446 3814 610 3879 vivae,
647 3833 666 3866 ι
713 3825 768 3867 et
798 3816 978 3868 statim
1007 3814 1090 3868 his
1138 3815 1344 3869 addidit
1378 3835 1391 3870 :
1430 3834 1448 3866 ς
1489 3816 1600 3870 lloc
1644 3827 1821 3871 autem
1877 3817 1998 3885 (35),

2131 3831 2204 3868 too
2261 3814 2396 3886 πρὸς
2439 3816 2738 3885 Ῥωμαίους
2786 3816 3006 3882 διέδειξε
3038 3818 3227 3886 λόγος’
3280 3839 3300 3872 ι
3332 3820 3538 3882 Πάντες
3567 3821 3650 3886 γὰρ

445 3902 638 3970 inquit,
693 3903 904 3957 dicebat
960 3905 1026 3958 de
1064 3904 1289 3972 Spiritu,
1325 3920 1482 3973 quem
1528 3916 1805 3978 accepturi
1854 3917 1998 3961 erant

2131 3908 2296 3977 ρησὶν,
2324 3907 2589 3979 ἥμαρτον,
2621 3908 2715 3962 καὶ
2738 3907 3084 3978 ὑστεροῦνται
3109 3911 3210 3981 τῆς
3235 3911 3406 3983 δόξης
3432 3911 3522 3964 τοῦ
3542 3909 3650 3963 Θεοῦ

447 3995 750 4049 credentes.
793 4014 811 4045 ι
846 3994 996 4060 Quod
1035 4010 1164 4048 vero
1216 3996 1378 4049 etiam
1414 3999 1583 4067 gratis
1631 3999 1698 4051 ob
1750 3998 1996 4052 exceden

2131 3997 2475 4069 ῑικαιούμενοι
2499 3999 2704 4071 δωρεὰν
2735 4002 2800 4071 τῇ
2835 4001 2900 4052 αύ
2913 3999 2998 4053 τοῦ
3029 4002 3213 4072 χάριτι
3254 4003 3354 4057 διὰ
3378 4007 3480 4074 τῆς
3503 4002 3649 4057 ἁπολυ

447 4093 556 4138 tem
593 4083 876 4136 Trinitatis
929 4084 1244 4148 bonitatem,
1277 4088 1522 4153 quamvis
1569 4089 1789 4155 indigni,
1817 4087 1998 4155 justill‘

2131 4090 2365 4162 τρώσεως
2406 4093 2503 4163 τῆς
2531 4094 2587 4144 ἐν
2624 4094 2844 4164 Χριστῷ
2883 4092 3078 4165 Ἰησοῦ.
3113 4113 3132 4144 ι
3171 4096 3293 4164 Τῆς
3333 4095 3540 4166 δωρεᾶς
3567 4093 3649 4146 ταύ

445 4188 652 4239 cemur,
674 4173 827 4228 Pauli
857 4174 923 4227 ad
965 4175 1234 4229 [lenta-nos
1265 4192 1440 4231 sermo
1462 4179 1696 4232 ostendit
1725 4197 1738 4233 :
1767 4197 1788 4230 ι
1811 4178 1998 4234 Omnes

2131 4199 2210 4254 της
2243 4185 2560 4255 μακαρίζων
2582 4185 2707 4250 τοὺς
2728 4184 3097 4256 ἀξιουμένους,
3123 4188 3153 4238 ὁ
3182 4187 3293 4258 μὲν
3321 4189 3530 4260 Κύριος
3557 4206 3650 4257 παρ

444 4264 560 4336 (54)
586 4264 753 4330 enim,
792 4265 985 4334 inquit,
1023 4278 1403 4335 peccaverunt,
1448 4277 1501 4322 et
1530 4270 1855 4337 posteriores
1887 4284 1998 4326 sunt

2131 4275 2293 4346 \ouxé't
2332 4275 2512 4344 ἔλεγεν
2564 4276 2700 4348 πρὸς
2745 4280 2868 4343 τοὺς
2920 4279 3195 4350 μαθητάς·
3249 4301 3271 4332 σ
3314 4283 3589 4351 Μακάριοι
3640 4295 3650 4334 t

446 4356 583 4425 (sive
614 4356 792 4426 egent)
845 4357 1014 4425 gloria
1057 4359 1148 4412 Dei
1202 4379 1214 4414 :
1263 4359 1544 4428 justilicati
1605 4363 1774 4430 gratis
1837 4366 1998 4432 gratia

2131 4365 2376 4437 ὃφθαλμοὶ
2425 4369 2473 4420 οί
2508 4367 2792 4438 βλέποντες
2830 4369 2865 4422 ἃ
2903 4370 3146 4439 βλέπετε.
3193 4372 3378 4440 Λέγω
3417 4375 3527 4452 γὰρ
3558 4371 3650 4440 ὑμῖν

445 4449 614 4518 ipsius
641 4464 736 4517 per
768 4449 1211 4518 redemptionem,
1242 4466 1360 4518 quae
1381 4461 1461 4506 est
1493 4453 1545 4506 in
1577 4451 1793 4509 Christo
1823 4454 1998 4511 Jesua

2131 4457 2192 4508 ἱτι
2224 4456 2408 4511 πολλοὶ
2432 4459 2710 4529 προφῆται
2750 4460 2843 4513 καὶ
2885 4459 3119 4530 βασιλεῖς
3151 4461 3454 4534 ἠθέλησαν
3496 4449 3628 4522 ίδεῑν,

512 4647 627 4771 (25)
660 4649 997 4718 Sanguinem.
1029 4647 1214 4704 Graeca
1241 4650 1438 4730 editio_:
1475 4651 1548 4704 Τδ
1577 4647 1714 4720 αἷμα
1744 4653 1998 4726 Ἰερουσα-

514 4737 552 4771 υ.
633 4719 915 4771 κκαθαοιει
970 4722 1034 4771 ὲκ
1087 4720 1250 4771 μέσου
1285 4721 1454 4771 αὐτῇς
1508 4723 1566 4771 ὲν
1621 4725 1718 4771 Πν.
1771 4741 1861 4771 κο.
1916 4725 1998 4771 κα)

2131 4656 2299 4771 me")
2336 4657 2522 4713 Erilis.
2567 4660 2750 4716 Graeca
2789 4663 2873 4717 ed.
2912 4661 3098 4716 ἔσεσθέ
3128 4681 3251 4734 μοι,
3279 4664 3338 4718 id
3372 4672 3462 4719 est
3505 4681 3526 4714 ι
3560 4660 3649 4715 erit,

2211 4743 2260 4771 ιι.
2296 4746 2314 4771 ι

439 4717 915 4795 λ-ὴμ-ὲκκαθαριει
970 4722 1034 4772 ὲκ
1086 4720 1250 4795 μέσου
1285 4721 1454 4790 αὐτῆς
1508 4723 1566 4795 έν
1621 4717 1736 4795 Πνε
1771 4717 1861 4795 κρ.
1916 4725 2010 4778 καὶ
2112 4717 2314 4781 milii}

441 4788 718 4861 Πνεύματι
755 4788 1034 4861 καύσεως,
1080 4788 1138 4861 id
1163 4788 1660 4861 gestgtsaiiguinem
1707 4788 2006 4848 Jerusalem

438 4861 752 4934 emundabit
772 4876 839 4914 ex
871 4860 1045 4914 medio
1076 4860 1243 4929 ipsius
1273 4860 1325 4915 in
1354 4860 1555 4928 Spiritu
1594 4861 1778 4932 iudicii
1808 4871 1863 4918 et
1889 4865 2009 4934 Spi-

437 4930 545 4983 ritu
570 4931 799 4984 ardoris.
832 4947 852 4980 ι

509 4998 624 5068 (24)
668 4999 910 5067 Deiﬁcat.
943 4996 1000 5052 ld
1023 5008 1142 5063 est,
1177 5017 1196 5051 ι
1236 4999 1374 5055 ﬁlios
1402 5001 1495 5055 Dei
1524 5000 1704 5057 etlicit.
1746 5021 1764 5054 ι

510 5067 622 5137 (25)
667 5069 819 5133 Quod
863 5077 912 5121 et
937 5085 1043 5126 vos.
1091 5069 1147 5122 ln
1190 5071 1360 5134 prima
1399 5071 1542 5124 Petr.
1569 5087 1668 5134 ιιι,
1699 5071 1761 5124 21
1805 5082 1860 5126 et
1910 5073 2001 5129 22.

439 5135 623 5211 graeca
646 5139 809 5211 editio
837 5155 850 5190 :
891 5140 954 5211 “tl
981 5139 1076 5211 καὶ
1104 5138 1273 5210 ἡμᾶς,
1307 5142 1354 5193 id
1384 5151 1465 5194 est
1499 5159 1516 5192 ι
1562 5143 1704 5211 quod
1745 5151 1798 5195 et
1829 5159 1944 5197 nos.
1977 5163 1996 5196 ι

438 5205 781 5277 Sed_l_.ati_ua,
810 5217 868 5260 ut
888 5205 1173 5277 Didymus.

518 5274 629 5344 (26)
665 5275 833 5330 Sedit.
885 5274 1160 5342 Ριοόστις
1200 5277 1452 5334 ἐκάθισεν
1493 5279 1682 5336 Graeca
1709 5282 1871 5338 editio
1903 5283 1999 5338 ba-

435 5344 526 5399 bet
549 5346 608 5404 ὅς
636 5346 804 5400 ἐστιν.
1641 5393 1651 5406 .

508 5413 621 5494 (27)
654 5416 779 5494 Ρρει
842 5417 982 5470 hanc
1026 5431 1244 5494 vocem_
1275 5419 1422 5474 addit
1470 5420 1625 5494 Vulg.
1683 5422 1996 5494 interpres:

440 5501 462 5535 ι
497 5484 806 5553 θεειιιῑίῒιιιε
842 5497 1090 5551 mortem,
1115 5498 1174 5541 ut
1199 5488 1318 5542 vitae
1357 5484 1851 5546 aeternae'hterede's
1879 5493 1998 5547 elli-

434 5568 700 5631 ceremur.
738 5572 756 5606 ι
796 5555 998 5631 Quaein
1037 5557 1447 5631 GracisBibliis
1473 5561 1682 5616 desunt.
1713 5561 1790 5616 Ne
1818 5559 1997 5631 Cyril-

433 5623 517 5678 lus
533 5626 757 5701 quidem
781 5627 1122 5701 catech._xnv,
1146 5643 1209 5701 ea
1236 5628 1382 5701 legit.
1414 5631 1483 5682 At
1511 5631 1785 5701 theologus
1810 5623 1996 5689 noster

431 5709 500 5818 ea
531 5693 658 5760 legit
689 5695 742 5748 in
769 5699 1108 5754 enarratione
1153 5698 1208 5751 in
1263 5693 1491 5768 primum
1536 5693 1994 5760 Petri'enistola-m

432 5776 463 5815 ιι
526 5779 647 5818 can.
685 5779 766 5818 ιιι.

432 5776 500 5818 au
526 5779 647 5820 ων.
685 5779 766 5819 ΙΙΙ.

803 5831 908 5891 lsa.
932 5851 1042 5906 LIV,
1072 5837 1162 5907 l7,
1191 5853 1281 5908 LV,
1319 5839 1369 5894 l.
1444 5884 1446 5887 .

2182 4815 2292 4894 (50)
2331 4817 2598 4894 sitientes.
2632 4822 2841 4894 Compl.
2874 4824 2958 4878 ed.
2982 4865 2996 4886 ,
3039 4823 3178 4876 Οὐαὶ
3203 4827 3264 4877 οἱ
3306 4826 3609 4894 διψῶντες,
3641 4837 3650 4873 α

2109 4887 2336 4960 Hebraeo
2363 4888 2528 4953 fonte,
2553 4893 2642 4960 qui
2678 4887 2839 4946 liabet
2901 4895 3138 4947 vocantis
3167 4905 3228 4947 et
3259 4887 3565 4948 clamantis
3593 4906 3645 4956 pa

2110 4956 2326 5029 ticulam
2378 4967 2460 5018 ’τι
2512 4956 3183 5029 (libi).-Francornrtensis
3258 4975 3464 5020 tamen
3552 4964 3650 5018 edit

2108 5026 2309 5080 omittit
2334 5026 2574 5082 vocnlain
2607 5031 2745 5098 οὐαί,
2779 5042 2835 5086 ιιι
2866 5032 3142 5102 Didymus.

2179 5109 2289 5184 (51)
2336 5108 2614 5184 fomedite.
2671 5113 2856 5184 Graeca
2903 5114 3066 5166 editio
3114 5116 3388 5184 rectius;
3439 5118 3534 5171 hic
3571 5115 3650 5168 eui

2109 5178 2254 5232 addit
2280 5196 2305 5254 _:
2338 5181 2429 5232 καὶ
2453 5182 2747 5252 πορεύεσθε
2773 5184 3235 5254 καιάγοράσατε,
3268 5187 3329 5239 id
3365 5178 3458 5240 est
3494 5206 3513 5238 ι
3540 5195 3592 5239 et
3621 5187 3650 5237 il

2107 5255 2162 5325 et
2189 5249 2352 5304 emite
2383 5268 2395 5303 :
2423 5269 2462 5325 ἰ·
2491 5249 2609 5318 qum
2655 5255 2816 5306 lectio
2844 5249 3068 5325 liebrieo
3108 5257 3450 5325 exemplari
3490 5270 3650 5310 cause

2106 5323 2388 5398 taneahest.
2422 5319 2546 5374 Haec
2581 5332 2755 5375 tamen
2782 5324 2944 5378 verba
2983 5321 3049 5398 ab
3073 5319 3490 5398 aliisut-noque
3520 5325 3650 5381 omit

2107 5395 2162 5467 ut
2188 5403 2216 5469 a
2245 5389 2738 5469 Diilyitto,_testatu_t-_
2772 5400 2957 5469 auctor
2981 5389 3453 5469 adnotatidnurn,
3483 5412 3605 5469 qua:
3627 5410 3650 5449 ιι

2101 5455 2259 5526 jertac
2289 5455 2414 5512 sunt
2443 5462 2665 5515 editioni
2699 5461 3155 5518 Francol‘urtensi.

2175 5539 2284 5611 (52)
2321 5541 2425 5604 Qui
2459 5546 2643 5598 credit.
2671 5543 2826 5599 Joan.
2858 5560 2958 5609 vn,
2989 5543 3077 5601 58.

2174 5624 2284 5697 (55)
2344 5625 2459 5680 Hoc
2507 5637 2704 5686 autem.
2763 5629 2895 5684 Ibid.
2953 5629 3044 5685 59.

2102 5694 2198 5766 pro
2233 5694 2437 5761 ἔλεγεν.

2171 5777 2284 5848 (54)
2316 5776 2526 5835 Omnes.
2565 5780 2717 5835 Rom.
2754 5797 2834 5848 Ill,
2874 5782 2964 5848 25,
3021 5781 3112 5837 9-4.

3131 5647 3342 5691 natea
3413 5637 3536 5704 ed.,
3602 5629 3650 5687 εί
