3740 6338
442 375 543 428 7l9

1680 364 1922 420 DIDYMI
1961 362 2432 419 ALEXANDRINI

3611 374 3704 429 720

440 490 498 545 Si
530 501 658 555 ergo
695 486 746 539 in
782 484 999 538 nomine
1029 481 1140 553 (45)
1180 480 1376 543 Patris,
1408 487 1460 531 et
1505 476 1650 541 Filii,
1681 487 1737 531 et.
1780 476 2003 546 Spiritus

2124 494 2203 549 ριε
2232 495 2243 506 ·
2285 498 2301 529 ι
2336 477 2451 545 φῶς
2482 478 2576 530 τοῦ
2604 477 2788 531 Θεῖκοῦ
2819 478 3104 550 προσώπου
3141 480 3202 534 τὸ
3239 483 3464 554 Πνεῦμα
3502 487 3685 540 εἰπών.

446 582 620 633 sancti
650 592 715 631 ex
755 591 911 644 aequo
942 574 1289 641 obsignamur
1334 583 1386 623 et
1418 570 1775 638 baptizainur,
1832 569 2017 634 sequi-

442 687 530 729 tur
563 683 621 727 ut
654 671 897 725 Trinitas
936 671 988 722 in
1047 685 1150 722 una
1208 667 1411 721 deitate
1447 665 1518 717 sit
1568 679 1633 717 ac
1663 676 1849 733 regno.
1912 658 2019 714 Nec

446 765 590 817 enim
628 763 679 814 in
728 771 1099 814 creaturarum
1142 757 1358 812 nomine
1414 756 1527 810 haec
1567 756 1884 824 accipimus,
1920 769 2020 808 ne-

438 874 543 927 que
572 855 803 909 assumit
861 855 998 908 Deus
1033 862 1294 906 creaturm
1335 865 1528 904 nomen
1578 864 1699 902 cum
1758 862 1877 912 suo,
1923 857 2019 903 aut

438 948 893 1015 obsignationem,
929 944 1081 1011 quasi
1124 943 1238 1008 ipse
1272 942 1417 993 solus
1467 939 1685 993 salvare
1726 953 1828 992 non
1894 952 2022 1007 pos-

438 1040 528 1092 sit.
581 1038 679 1104 Qui
754 1052 884 1106 ergo
958 1044 1239 1088 transeunt
1304 1034 1368 1085 ad
1440 1033 1855 1096 orthodoxiam,
1917 1033 2017 1087 etsi

438 1131 578 1181 forte
660 1126 910 1193 haptizati
982 1122 1226 1185 fuerint,
1304 1109 1646 1188 baptizanttir
1706 1118 1825 1189 [46]
1898 1118 2019 1189 (nec

438 1218 601 1287 279
627 1218 769 1271 enim
798 1215 1046 1275 dicimus,
1079 1211 1481 1279 rebaptizantur
1512 1210 1648 1281 (47),
1683 1227 1805 1262 cum
1833 1225 2016 1264 verum

439 1312 702 1379 laptisma
768 1324 873 1361 non
918 1305 1176 1376 habeam)
1210 1321 1224 1367 ;
1256 1304 1576 1357 Eunomiani
1614 1304 1852 1370 quidem,
1890 1303 2018 1372 quia

438 1418 600 1455 imam
635 1398 1289 1459 faciuntimmersionem,
1343 1396 1586 1449 dicentes
1628 1395 1894 1463 baptizari
1931 1409 2017 1449 so-

439 1496 546 1548 lum
600 1496 654 1547 in
716 1502 943 1547 mortem
996 1490 1205 1544 Domini
1254 1488 1401 1560 (48):
1448 1488 1685 1557 Phryges
1721 1488 1831 1558 (i9)
1862 1502 2012 1549 vero,

440 1589 564 1657 quia
602 1603 706 1640 non
742 1586 1017 1654 baptizant
1046 1584 1099 1638 in
1152 1592 1261 1637 tres
1300 1592 1519 1636 sanctas
1554 1582 1895 1651 hypostases,
1922 1581 2017 1634 sed

441 1680 689 1735 eumdem
716 1692 836 1731 esse
873 1676 1102 1731 credunt
1130 1675 1367 1739 Patrem,
1415 1683 1464 1728 et
1514 1674 1732 1738 Filium,
1763 1684 1818 1728 et
1846 1674 2020 1743 Spiri-

439 1781 553 1825 tum
585 1779 856 1824 sanctum.
894 1768 1179 1837 Unguntur
1219 1764 1331 1835 (50)
1379 1776 1559 1819 autem
1615 1765 1705 1833 qui
1764 1783 1793 1819 a
1826 1765 2016 1833 quavis

2126 568 2185 621 Ei
2210 563 2306 620 οὖν
2342 571 2421 631 εἰς
2442 569 2611 638 δνομα
2652 570 2885 641 Harp-5;,
2924 571 3017 623 καὶ
3050 572 3198 637 Υίοῦ,
3227 574 3325 626 καὶ
3354 575 3515 642 ἁγίου
3550 577 3703 630 1]νεί-

2124 678 2292 730 ματος
2317 660 2446 723 ἴσως
2482 661 2893 732 σφραγιζόμείνῖα
2932 665 3026 716 καὶ
3073 664 3487 735 βαπτιζόμεθα·
3509 670 3615 738 ἄρα
3657 673 3701 722 ἐν

2124 753 2223 822 μιᾷ
2262 751 2476 820 θεότητι
2518 751 2613 805 καὶ
2650 752 2898 825 βασιλείᾳ
2929 757 2961 824 ἡ
2994 757 3183 825 Τριάς.
3214 759 3291 811 Οὐ
3332 760 3444 830 γὰρ
3482 761 3577 813 ἐπὶ
3604 764 3703 812 κτί-

2122 860 2322 912 σμασιν
2365 843 2537 897 ταῦτα
2580 843 2870 915 δεχόμεθα,
2925 848 3047 900 οὐδὲ
3098 849 3631 921 ξυμπαραλαμὸἀνει
3682 858 3703 904 ὁ

2121 936 2251 998 Θεὸς
2321 936 2616 1006 κτίσματος
2670 937 2843 1005 ὄνομα
2909 938 2984 1008 τῷ
3042 941 3262 1004 ἑαυτοῦ,
3324 944 3359 1013 ἥ
3422 945 3696 1015 σφραγῖδι,

2120 1027 2195 1089 ὡς
2244 1028 2401 1097 μόνος
2450 1028 2641 1093 σώζειν
2688 1031 2748 1082 οὐ
2783 1031 3097 1102 δυνάμενος.
3148 1036 3561 1106 Μετερχόμενοι
3607 1038 3699 1089 τοξ-

2120 1136 2212 1171 νυν
2240 1120 2319 1180 είς
2361 1118 2459 1189 τὴν
2488 1119 2816 1188 ὀρθοδοξίαν,
2852 1123 2952 1174 κᾶν
2982 1123 3140 1193 τυχὸν
3166 1118 3302 1178 ὦσιν
3336 1124 3695 1196 βεϐαπτισμέ-

2119 1229 2233 1275 νοι,
2275 1211 2623 1280 βαπτίζονται
2678 1214 2776 1282 μέν
2829 1215 2932 1285 (οὐ
2985 1215 3094 1285 γὰρ
3138 1216 3371 1288 λέγομεν
3412 1218 3696 1271 ansam;

2120 1301 2322 1365 ζονται,
2359 1303 2544 1372 ἐπειδὴ
2592 1304 2665 1374 μὴ
2715 1304 2895 1374 ἔχουσι
2934 1307 2996 1358 τὸ
3031 1306 3231 1377 ἀληθὲς
3268 1308 3625 1378 βάπτισμα)·
3654 1311 3695 1359 οἱ

2117 1395 2175 1448 δὲ
2210 1394 2532 1464 Εὑνομιανοὶ
2563 1396 2681 1465 μὲν,
2713 1396 2801 1449 διὰ
2836 1398 2896 1449 τὺ
2926 1397 3053 1467 μίαν
3087 1399 3384 1452 κατάδυσιν
3416 1400 3691 1461 ποιεῖσθαι,

2119 1486 2368 1554 λέγοντες
2404 1486 2562 1557 μόνον
2604 1489 2683 1551 εἰς
2710 1489 2819 1551 ,τὸν
2862 1489 3093 1543 θάνατον
3129 1491 3227 1543 τοῦ
3259 1493 3475 1562 Κυρίου
3515 1492 3694 1562 βαπτέ-

2119 1578 2335 1642 ζεσθαι·
2367 1579 2575 1650 Φρύγες
2611 1580 2687 1642 δὲ,
2721 1580 2807 1633 διὰ
2844 1581 2905 1633 τὸ
2951 1582 3024 1652 μὴ
3061 1584 3143 1645 είς
3190 1583 3290 1646 τὰς
3336 1586 3495 1654 τρεῖς
3549 1586 3693 1651 ἁγίας

2120 1673 2447 1735 ὑποστάσεις
2477 1672 2759 1741 βαπτίζειν
2781 1713 2793 1735 ,
2824 1673 2958 1726 ἀλλὰ
2998 1675 3275 1727 πιστεύειν
3307 1677 3404 1728 τὸν
3441 1677 3605 1730 αὑτὸν
3630 1675 3689 1728 εἷς

2120 1782 2207 1819 ναι
2240 1765 2481 1837 Πατέρα,
2517 1766 2610 1818 καὶ
2659 1765 2809 1828 Υίὸν,
2848 1767 2943 1820 καὶ
2974 1767 3128 1835 ἆγιον
3162 1767 3407 1839 Πνεῦμα.
3447 1770 3689 1841 Χρίονται

439 1905 491 1958 in
527 1903 714 1958 codice
762 1899 835 1954 2'2
882 1899 1070 1955 Graeco
1118 1898 1458 1952 bibliothecae
1509 1898 1725 1951 Veneta:
1776 1897 1833 1951 S.
1883 1897 2003 1951 Mur-

2132 1901 2301 1956 cratis
2337 1899 2499 1953 verba
2532 1900 2762 1955 recitare
2786 1900 3031 1956 sufﬁciat.
3065 1919 3085 1951 ι
3114 1900 3225 1956 lioc
3248 1919 3415 1957 unum
3440 1905 3635 1968 dicam,
3668 1926 3686 1957 ι

438 1976 513 2031 ci.
545 1976 657 2027 haec
700 1972 949 2038 leguntur
989 1986 1111 2037 pag.
1142 1968 1245 2021 80:
1289 1968 1543 2039 Διδύμου.
1580 1968 1715 2039 Περὶ
1747 1969 1856 2021 τῶν
1876 1971 2030 2039 *ὀρα-

438 2045 546 2097 τῶν
591 2045 619 2096 ὁ
666 2035 821 2108 λόγος
883 2035 1270 2108 κτισμάτων...
1306 2035 1450 2108 κορά
1476 2038 1567 2103 δὲ,
1597 2035 1679 2090 δτι
1715 2040 1814 2092 οὐκ
1847 2035 2027 2092 εἷττεν·

440 2115 557 2189 Ἵνα
594 2111 872 2189 (ἔδϐῃθῶσι
933 2111 1022 2189 τὸν
1061 2110 1211 2189 Gabii,
1247 2109 1404 2189 alia
1445 2109 1533 2189 _'rb
1592 2110 1880 2189 πρόσωπον
1936 2111 2032 2189 αξξ-

436 2184 551 2237 τοῦ.
601 2179 917 2254 Προσωπονν
957 2180 1064 2254 γᾴρ
1117 2180 1321 2250 Κυρίου
1361 2179 1465 2254 ἐπὶ
1512 2179 1796 2254 ποιοζθντας
1863 2181 2029 2254 κακᾷ.

438 2250 737 2322 Πρόσωττον
781 2253 837 2305 δὲ
887 2250 1483 2322 Θεοῦπροηγουμένως
1519 2252 1546 2301 ὁ
1575 2250 1708 2322 Υἱὸς
1755 2252 1895 2322 κατὰ
1949 2252 2028 2303 τόο

444 2344 461 2376 ι
486 2320 775 2392 Ἑπίφανον
806 2323 864 2375 τὸ
895 2320 1183 2392 πρόσωπόν
1217 2337 1308 2392 σου
1330 2360 1345 2382 ,
1377 2320 1472 2373 καὶ
1501 2320 1874 2392 σωθησόμεθα.
1907 2342 1924 2373 ι
1966 2322 2017 2374 ΙιΙ

438 2406 522 2449 est
552 2412 565 2449 :
616 2391 634 2445 ι
672 2395 906 2462 Didymi.
943 2391 1024 2445 Dc
1056 2391 1377 2462 visibilibusr
1405 2392 1671 2462 creaturis
1698 2391 1902 2462 sermo
1932 2394 2018 2445 hic

442 2476 548 2519 est.
583 2506 595 2518 .
635 2504 648 2519 .
678 2460 913 2517 Observa
962 2471 1272 2515 autemnon
1330 2461 1534 2515 dixisse
1584 2460 1948 2516 Ecclesiasten
1994 2478 2009 2515 :

441 2534 509 2588 Ut
541 2533 769 2588 timeant
806 2536 967 2586 Deum
993 2549 1007 2596 ;
1038 2532 1165 2595 sed,
1201 2530 1405 2586 vultum
1440 2532 1575 2595 ejus.
1613 2530 1746 2585 Nam
1777 2551 1793 2583 ι
1820 2532 2010 2588 Vultus

440 2605 650 2659 Domini
683 2618 845 2670 super
893 2604 1153 2657 facientes
1199 2602 1358 2657 mala.
1397 2618 1417 2653 ›
1455 2599 1649 2656 Vultus
1699 2613 1877 2657 autem
1918 2602 2008 2656 Dei

442 2675 717 2744 pracipue
745 2683 828 2727 est
852 2673 1040 2735 Filius,
1063 2672 1215 2744 jux_ta
1247 2672 1374 2725 illud
1406 2689 1420 2725 :
1461 2689 1503 2744 ¢_
1532 2670 1768 2727 Ostende
1805 2673 2009 2726 vultum

438 2741 691 2807 tuum,'et
717 2744 1099 2800 salvabimur.)
1131 2741 1266 2796 Cum
1293 2757 1451 2809 porro
1473 2741 1703 2808 Spiritus
1729 2754 1949 2799 sanctus
1979 2758 2008 2795 a

438 2815 577 2869 Filio
612 2816 773 2869 etiam
802 2815 1079 2883 procedat,
1114 2814 1306 2866 merito
1338 2827 1367 2864 a
1402 2813 1626 2882 Didymo
1659 2814 1855 2867 dicitur
1890 2827 2008 2867 esse

440 2884 618 2938 lumen
646 2885 819 2936 vultus
842 2884 953 2938 Dei.

514 2954 626 3022 (ιῦ)
661 2953 727 3006 lu
758 2956 986 3015 nomine,
1018 2961 1127 3006 etc.
1160 2950 1470 3022 Hocipsum
1511 2961 1892 3021 argumentum
1927 2954 2006 3005 af-

442 3020 548 3077 fert
585 3020 844 3093 Didymus
870 3023 921 3076 in
958 3024 1093 3076 libro
1142 3022 1217 3093 De
1246 3020 1445 3087 Spiritu
1492 3020 1672 3075 san’clo
1724 3038 1872 3078 num.
1900 3023 2004 3091 2i;

440 3106 494 3147 et
521 3092 697 3157 illum,
715 3096 803 3163 qui
828 3110 990 3146 unum
1016 3107 1079 3146 ex
1109 3092 1281 3146 tribus
1304 3092 1611 3145 nominibus
1631 3093 1803 3145 omitti
1829 3108 2003 3161 posse,

440 3174 533 3217 aut
555 3180 789 3231 unquam
807 3165 1044 3231 potuisse
1082 3165 1291 3224 doceat,
1321 3173 1478 3214 vocat
1509 3180 1529 3211 ι
1570 3164 1898 3216 contrarium
1933 3165 2005 3217 le-

442 3236 749 3302 gislatorem
784 3231 1006 3295 Christi,
1042 3252 1060 3285 ι
1104 3233 1219 3303 sive
1248 3231 1328 3303 (ut
1355 3234 1484 3298 legit
1514 3232 1573 3286 S.
1615 3233 1853 3286 Thomas
1880 3249 2001 3288 eum

444 3305 653 3372 Didymi
702 3304 877 3358 locum
920 3304 1159 3373 allegans
1190 3302 1265 3373 in
1316 3312 1505 3373 catena
1546 3304 1625 3373 ad
1658 3318 1779 3372 cap.
1831 3320 2001 3358 xxvnt

442 3374 710 3497 lii-autne};
741 3392 760 3425 ι
793 3371 1124 3429 contrarium
1165 3372 1379 3427 Christo
1404 3371 1738 3441 legislatori.’
1766 3391 1785 3423 ι

514 3444 627 3497 (ιω
713 3446 1033 3497 amizantur.
1085 3455 1191 3497 etc.
1254 3442 1582 3497 Bantismum
1619 3444 1687 3496 ab
1733 3443 1785 3497 lt:

514 3444 627 3514 (46)
665 3442 1033 3513 Baptizantur,
1085 3455 1191 3497 etc.
1254 3442 1582 3514 Baptismum
1619 3444 1687 3496 ab
1733 3443 2005 3499 hiereticis

441 3516 545 3571 rite
578 3513 830 3570 Collatum
861 3525 912 3567 ut
943 3515 1179 3568 validum
1206 3514 1388 3566 haberi
1416 3529 1442 3564 a
1474 3513 1719 3584 Didymo,
1743 3515 1867 3567 hinc
1892 3516 2002 3567 col-

438 3586 547 3657 ligo
581 3607 593 3639 :
634 3586 685 3649 1,
724 3587 848 3653 quia
891 3584 1343 3657 Eunomianorum
1386 3584 1677 3657 duntaxat
1711 3600 1806 3657 _ac
1836 3584 2005 3655 Phry-

438 3653 566 3726 gum
598 3657 860 3724 baptisma
891 3656 1089 3724 exeipit
1124 3672 1135 3707 :
1191 3654 1434 3722 exceptio
1469 3663 1668 3726 autem
1700 3653 1879 3726 ﬁrmat
1918 3653 2002 3726 re-

438 3724 639 3797 gulam;
669 3728 722 3786 2,
749 3728 868 3791 quia
899 3726 1086 3797 horum
1118 3726 1439 3793 baptismum
1468 3724 1586 3797 ideo
1614 3724 1900 3797 invalidum
1926 3725 2003 3797 di-

438 3794 536 3863 cit,
569 3797 713 3866 quod
751 3796 979 3850 formula
1011 3812 1039 3847 a
1068 3797 1282 3866 Christo
1313 3795 1625 3866 praescripta
1656 3796 1708 3848 in
1745 3794 2000 3864 baptismi

437 3864 726 3921 collatione
756 3880 861 3920 non
912 3865 1304 3929 uterentur;5.
1332 3866 1455 3931 quia
1501 3864 1552 3916 in
1597 3869 1852 3919 unctiOne
1890 3880 2001 3918 rem

436 3949 627 3991 contra
656 3951 714 3991 se
747 3937 969 3999 habere,
1002 3952 1163 4004 quam
1202 3937 1253 3989 in
1282 3935 1566 4001 baptismo,
1606 3937 1846 3988 indicans
1873 3936 2002 3989 Sub-

433 4007 649 4080 iungit:
689 4024 708 4059 t
748 4007 1033 4080 [iugulatur
1051 4016 1229 4080 autem
1256 4044 1271 4067 ,
1306 4006 1396 4071 qui
1424 4020 1454 4056 a
1478 4008 1667 4080 quavis
1690 4005 1877 4080 haeresi
1909 4019 2006 4080 ac-

438 4075 661 4132 cedunt.
711 4096 729 4129 ι
767 4075 930 4130 Multo
973 4079 1185 4130 cautius
1234 4089 1397 4137 vero,
1435 4084 1530 4126 aut
1579 4075 1769 4128 Saltem
1806 4076 2003 4128 clarius

438 4148 675 4216 loquitur
705 4148 960 4216 Didymus
985 4184 1000 4206 ,
1030 4161 1187 4213 quam
1233 4147 1294 4216 in
1344 4143 1714 4216 Procatechesi
1748 4145 2001 4216 Cyrillus,

438 4214 527 4285 qui
558 4219 631 4270 ait
665 4235 681 4273 :
716 4214 891 4270 Μόνον
936 4216 1045 4284 γὰρ
1095 4214 1453 4285 οἱᾼαὶρετικοὶ
1506 4214 1960 4285 ἀναϐαπτίζονται
1985 4253 2001 4278 ,

436 4280 625 4357 ἐπειδὴ
656 4288 716 4339 τὸ
744 4280 1125 4357 πρότερονοὺκ
1149 4280 1215 4355 ἧν
1234 4280 1546 4357 βάπτισμα,
1577 4286 1627 4337 id
1653 4292 1737 4357 est
1775 4303 1793 4335 ι
1830 4284 2005 4338 llzere-

437 4359 529 4411 tici
584 4356 725 4411 enim
780 4356 985 4409 tantam
1038 4356 1475 4423 rebaptizantur;
1533 4356 1797 4423 siquidem
1849 4360 2003 4425 prius

438 4428 567 4482 illud
588 4428 853 4496 baptisma
883 4442 991 4479 non
1021 4436 1157 4478 erat.
1191 4444 1211 4477 ι

507 4498 618 4567 (47)
663 4498 773 4551 Nec
830 4536 844 4551 .
903 4535 916 4567 .
976 4536 990 4551 .

436 4565 841 4623 inodo’locutus
896 4566 1069 4621 fuerat
1106 4568 1407 4635 Cyprianus
1456 4583 1507 4617 III
1553 4566 1778 4633 epistola
1828 4565 1889 4617 71
1936 4566 2004 4617 ad

435 4640 690 4704 Quintum
717 4641 860 4703 data,
885 4638 935 4691 itt
964 4653 1029 4691 eo
1060 4647 1235 4688 tamen
1261 4649 1470 4700 errans,
1497 4638 1638 4704 quod
1669 4651 1773 4687 non
1799 4636 2008 4703 aliquo-

434 4726 553 4763 rum
587 4711 868 4773 duntaxat,
908 4718 966 4760 ut
1001 4707 1278 4777 Didymus,
1294 4706 1402 4777 sed
1436 4706 1676 4777 onmium
1717 4706 2005 4777 haeretico-

434 4795 552 4833 rum
587 4782 850 4849 baptisnta
897 4774 1192 4847 respueret.
1230 4794 1249 4827 ι
1288 4774 1397 4829 Nos
1425 4786 1603 4849 autem
1626 4775 1856 4849 dicimus
1885 4777 2003 4843 (in-

433 4852 607 4919 quit),
658 4846 760 4905 cus
811 4849 900 4917 qui
956 4846 1118 4909 inde,
1162 4862 1265 4919 non
1309 4846 1997 4919 rebaptizariuapudhnos,

431 4915 524 4973 sed
565 4915 884 4987 baptizari:
923 4935 1096 4989 neque
1136 4918 1281 4971 enim
1316 4918 1589 4985 accipiunt
1644 4915 1755 4970 illic
1795 4916 1997 4987 aliquid

433 4989 518 5044 ubi
551 4990 683 5043 nihil
713 5002 814 5044 est.
857 5008 876 5042 ι

502 5060 613 5129 (48)
657 5059 722 5113 1η
764 5072 979 5113 mortem
1023 5057 1253 5112 Domini.
1300 5055 1530 5110 Mentem
1559 5055 1789 5112 fortasse
1837 5056 1998 5127 Didy-

428 5145 553 5184 mus
584 5132 814 5183 intendit
854 5133 919 5182 ad
975 5132 1263 5196 septimum
1287 5143 1549 5181 canonem
1575 5130 1825 5182 secundae
1855 5142 1996 5180 (eum

427 5201 654 5254 Inenica:
688 5202 899 5270 synodi,
938 5200 1094 5267 paulo
1124 5208 1251 5252 ante
1282 5199 1587 5270 quamhazc
1622 5200 1734 5266 ipse
1764 5199 1994 5251 dictaret

428 5270 652 5331 habitae;
696 5268 739 5323 si
781 5281 956 5323 tamen
1001 5284 1189 5323 revera
1231 5283 1404 5339 canon
1456 5268 1545 5322 ille
1586 5271 1652 5321 ab
1686 5283 1748 5321 ea
1787 5272 1992 5339 synodo

426 5343 678 5394 conditus
722 5339 842 5393 fuit.
894 5339 968 5392 lbi
1013 5353 1172 5408 porro
1198 5353 1317 5392 cum
1349 5338 1839 5400 Eunotnianorum,
1880 5348 1987 5391 tum

424 5410 874 5464 Montanistarutn
900 5412 1163 5477 baptisma
1198 5409 1489 5461 invalidum
1517 5410 1842 5461 declaratur.
1870 5408 1988 5461 Ca:-

426 5491 598 5534 terum
623 5480 766 5549 quod
788 5480 1086 5551 spectatad
1115 5480 1495 5551 Etttiomianos,
1522 5481 1621 5551 hoc
1645 5480 1818 5545 ipsmn
1846 5480 1987 5551 quod

424 5546 700 5620 Didymus,
733 5552 796 5604 de
818 5546 905 5603 'iis
945 5548 1212 5601 ailirmant
1250 5548 1502 5620 Socrates
1533 5550 1623 5601 lib.
1658 5563 1713 5608 v,
1744 5563 1862 5616 cap.
1894 5546 1983 5611 24,

422 5618 757 5674 Sozotnenus
800 5620 891 5674 lib.
932 5635 1005 5681 vr,
1068 5634 1187 5686 cap.
1234 5618 1325 5682 '26,
1376 5620 1746 5672 'i‘beodoretus
1795 5621 1883 5671 lib.
1935 5634 1985 5673 IV

425 5691 802 5745 ereticarunt
834 5692 1155 5761 fabularum,
1191 5704 1307 5757 cap.
1345 5689 1399 5750 5,
1429 5689 1813 5758 Ptulnstorgius
1844 5690 1978 5756 ipse,

419 5768 664 5829 quamvis
714 5760 1244 5829 Eunutuianusplib.
1286 5776 1335 5821 ς,
1381 5777 1527 5811 nutu.
1561 5768 1614 5821 4,
1653 5772 1704 5809 et
1752 5763 1977 5811 Anasta-

417 5828 532 5888 btus
553 5832 999 5890 Bibliothecat'ius
1025 5833 1079 5887 iu
1110 5828 1348 5883 Historia
1384 5840 1566 5883 eccles.
1602 5844 1720 5898 pag.
1751 5830 1836 5884 55.
1874 5832 1972 5883 ὃ..-

2132 1972 2326 2039 inquit,
2385 1988 2404 2021 ‹
2454 1984 2556 2039 eos
2603 1986 2815 2024 sacrum
2858 1972 3120 2039 baptisma
3172 1973 3543 2037 adnlterasse;
3596 1992 3685 2031 non

2130 2038 2271 2094 enim
2336 2040 2387 2093 in
2452 2038 2771 2094 Trinitatem
2834 2038 3140 2110 baptizant,
3199 2044 3294 2096 sed
3357 2047 3410 2097 in
3470 2058 3685 2099 mortem

2130 2111 2350 2165 Christi.
2415 2129 2433 2161 ι
2489 2112 2547 2164 S.
2622 2111 2951 2179 Epiphanius
3005 2124 3189 2166 contra
3250 2115 3442 2168 hmresi
3518 2132 3684 2179 LXXVI,

2133 2198 2251 2250 pag.
2304 2181 2439 2246 992,
2475 2180 2715 2251 affirmat
2756 2200 2774 2227 ι
2832 2182 2968 2236 Aetii
3015 2184 3306 2251 discipulos
3337 2201 3461 2238 cum
3512 2202 3680 2240 eorum

2132 2248 2445 2304 successore
2475 2248 2737 2304 Eunomio
2768 2251 3104 2320 rebaptizare
3138 2248 3189 2305 in
3236 2258 3454 2307 nomine
3485 2256 3578 2310 Dei
3612 2259 3681 2307 in-

2131 2323 2320 2381 Creati,
2348 2332 2402 2374 et
2436 2323 2485 2372 in
2519 2325 2732 2374 noniine
2767 2320 2886 2376 Filii
2928 2323 3129 2380 creati.
3160 2334 3213 2376 et
3245 2324 3295 2376 in
3324 2326 3553 2381 nomine
3574 2326 3680 2391 Spi-

2126 2392 2263 2443 ritus
2297 2391 2704 2457 sauetilicantis,
2737 2402 2793 2444 et
2820 2408 2848 2444 a
2878 2402 3066 2446 creato
3100 2394 3233 2447 Filio
3260 2398 3623 2459 procedentis.
3661 2418 3677 2447 ι

2125 2459 2712 2533 verum_-‘Epipbanius
2768 2462 2838 2533 de
2885 2462 3153 2533 baptismo
3212 2464 3455 2533 loquitur
3504 2468 3678 2521 iterum

2119 2531 2314 2585 collato
2349 2531 2413 2584 iis
2447 2533 2534 2598 qui
2592 2532 2843 2599 baptizati
2880 2532 3110 2588 fuissent
3155 2548 3184 2586 a
3235 2531 3563 2601 catholiczs,
3602 2549 3680 2588 aut

2118 2601 2281 2675 etiam
2311 2603 2377 2655 ab
2404 2601 2641 2675 dri-anis,
2686 2604 2941 2675 Didymus
2963 2619 3092 2657 vero
3124 2604 3320 2675 aliique
3334 2605 3407 2675 de
3429 2612 3681 2675 bapliSttto

2118 2673 2365 2744 primum;
2388 2672 2532 2744 dato.
2578 2673 2744 2744 Quod
2766 2672 2895 2728 vero
2942 2683 3146 2744 spectat
3190 2672 3257 2727 ad
3304 2672 3674 2739 Montanistas,

2118 2756 2304 2795 eorum
2354 2742 2614 2808 baptisma
2676 2741 2932 2809 reiecerat
2972 2741 3269 2798 concilium
3316 2744 3675 2801 Laodicenum

2118 2826 2325 2864 canone
2351 2812 2406 2873 8,
2443 2821 2497 2864 et
2534 2810 2684 2883 juxta
2735 2815 2975 2881 quaedam
3019 2813 3348 2883 exemplaria
3402 2815 3667 2871 .Nicgenum

2113 2896 2326 2951 quoque
2356 2896 2561 2951 canone
2597 2882 2679 2936 i9.

2185 2952 2293 3021 (49)
2350 2950 2601 3018 Phryqes.
2662 2953 2933 3023 Phryges,
2994 2954 3045 3008 id
3105 2962 3221 3015 est,
3283 2952 3670 3019 Mnntanistas,

2119 3039 2139 3093 ε
2175 3021 2449 3090 baptizare
2479 3023 2530 3074 in
2556 3021 2790 3093 Patrem,
2815 3021 2870 3077 et
2892 3024 3113 3087 Filium,
3141 3036 3195 3079 et
3226 3023 3571 3093 Montanum,
3596 3042 3678 3080 aut

2113 3090 2436 3157 Priscillam,
2472 3110 2503 3165 Δι
2539 3094 2615 3145 ait
2639 3092 2965 3165 Basilinsiin
3002 3095 3228 3165 epistola
3267 3094 3370 3148 188
3394 3136 3408 3157 ,
3443 3090 3568 3165 qure
3606 3116 3676 3150 est

2110 3164 2364 3217 canonica
2406 3162 2607 3232 prima,
2647 3178 2767 3232 pag.
2801 3162 2929 3230 269,
2960 3162 3088 3218 tom.
3120 3162 3205 3227 ΙΙΙ,
3238 3166 3327 3219 ed.
3360 3162 3675 3221 Parisiensis

2108 3237 2232 3285 anni
2270 3231 2424 3286 i750.
2476 3230 2738 3302 Didymus
2772 3248 2902 3288 vero
2932 3244 3114 3289 noster
3152 3236 3373 3289 eosdem
3404 3237 3675 3291 lizereticos

2106 3304 2183 3375 ait
2218 3320 2237 3353 ι
2277 3319 2382 3357 non
2416 3302 2700 3375 baptizare
2742 3304 2794 3357 iu
2840 3314 2948 3359 tres
2995 3314 3212 3359 sanctas
3258 3306 3603 3375 hypostases.
3654 3330 3670 3357 ι

2106 3374 2175 3425 Αι
2203 3372 2649 3441 quemadmodmn
2680 3375 2941 3437 nonnulli,
2974 3386 3031 3427 ut
3062 3372 3365 3433 monachus
3398 3375 3670 3432 Maurinus

2106 3458 2327 3509 operum
2355 3443 2765 3513 Basiliieditor,
2816 3459 2880 3497 ex
2927 3446 3091 3513 ipsius
3120 3445 3301 3503 Basilii
3346 3448 3534 3501 verbis
3576 3467 3667 3501 ltuit

2106 3513 2281 3586 colligi
2317 3522 2522 3586 putant,
2551 3512 2899 3569 Montanistas
2927 3512 3239 3586 praescripta
3276 3532 3305 3569 a
3333 3517 3557 3573 Christo
3581 3518 3669 3571 for.

2108 3583 2248 3636 mula
2302 3586 2440 3637 inter
2483 3583 2857 3649 baptizandum
2916 3583 3039 3638 usos
3073 3583 3176 3640 non
3226 3602 3387 3649 esse;
3442 3588 3519 3640 ita
3569 3606 3663 3641 non

2107 3651 2333 3728 deerunt
2365 3653 2453 3721 qui
2490 3653 2540 3704 id
2574 3670 2638 3707 ne
2668 3669 2731 3707 ex
2786 3653 2995 3728 Didymi
3028 3657 3239 3728 quidem
3276 3656 3460 3711 verbis
3498 3659 3666 3728 colligi

2107 3724 2514 3776 arbitrabuntur
2556 3740 2569 3776 :
2616 3740 2675 3778 ea
2720 3727 2863 3777 enim
2893 3724 2992 3778 'ita
3035 3724 3344 3792 accipienda
3391 3742 3517 3781 esse
3549 3724 3664 3782 οοιῖο

2109 3797 2344 3866 tendent,
2376 3804 2433 3866 ut
2457 3792 2575 3846 ideo
2606 3794 2655 3846 in
2683 3803 2789 3847 tres
2820 3808 3036 3866 sanetas
3080 3798 3400 3866 hypostases
3429 3814 3540 3851 non
3585 3802 3668 3852 ba-

2106 3863 2663 3937 ptizaredicantur,
2738 3865 2879 3937 quod
2948 3863 3250 3922 divinarum
3320 3882 3664 3937 personarum

2107 3934 2509 4006 distinctionem
2568 3950 2671 3987 non
2724 3935 3078 3998 admiserint,
3133 3934 3357 4006 ideoque
3419 3938 3662 4006 baptismi

2104 4003 2389 4076 formulam
2427 4014 2610 4076 mente
2650 4006 2867 4076 quidem
2899 4046 2911 4065 ,
2954 4021 3114 4060 sensu
3157 4003 3316 4075 atque
3347 4003 3665 4076 interpreta-

2106 4074 2251 4127 tione
2280 4074 2605 4146 vitiaverint,
2635 4076 2727 4128 sed
2756 4075 2943 4127 eadem
2978 4087 3176 4140 tamen,
3209 4074 3370 4146 atque
3391 4074 3660 4137 ςτιιΙὶυΙυ-ᾱ,

2106 4147 2263 4212 verba
2304 4144 2787 4212 pronuntiaverint.
2832 4145 2902 4198 At
2941 4147 2986 4199 si
3029 4162 3114 4200 res
3151 4150 3224 4202 ita
3266 4144 3326 4202 se
3364 4149 3551 4211 habet,
3577 4164 3663 4202 cur

2105 4211 2362 4283 Didymus
2392 4228 2423 4265 e
2477 4222 2581 4267 tam
2611 4214 2792 4265 multis
2827 4213 3201 4271 haereticorum
3228 4218 3391 4272 sectis
3430 4222 3655 4272 nondum

2104 4282 2248 4335 illitis
2287 4293 2445 4335 aetate
2475 4284 2759 4336 exstinctis
2792 4284 3151 4340 Eunomianos
3184 4300 3390 4342 tantum
3428 4288 3517 4342 hic
3555 4306 3659 4341 mc-

2105 4362 2281 4426 rnorat
2313 4369 2376 4426 ac
2408 4352 2800 4426 Montanistas?
2845 4354 3031 4411 Nonne
3065 4358 3251 4411 horum
3282 4361 3606 4426 baptismum
3632 4378 3657 4411 a

2110 4440 2130 4472 ε
2165 4424 2397 4491 cujusvis
2435 4442 2451 4474 ι
2487 4423 2711 4495 alterius
2760 4442 2777 4473 ι
2823 4429 3044 4495 lueresis
3084 4447 3101 4478 ι
3139 4423 3459 4495 baptismate
3489 4444 3659 4483 secer-

1044 4496 1285 4559 dicimus,
1345 4494 1753 4561 rebaptizantur.
1800 4494 2000 4549 Eodem
2034 4494 2082 4553 D
2110 4494 2505 4565 nerevidetur?
2527 4494 3071 4565 Proptercafortasse
3094 4494 3233 4565 quod
3262 4498 3391 4550 nulli
3422 4498 3512 4550 alii
3537 4510 3654 4551 tunc

2111 4564 2162 4636 in
2189 4564 2550 4636 Alexandrina
2574 4566 2792 4618 dioecesi
2818 4564 2992 4636 forent
3018 4564 3274 4631 haeretici,
3297 4574 3387 4636 qui
3417 4571 3655 4635 baptismi

2108 4634 2390 4687 formulam
2416 4634 2809 4687 inunutasseul.
2837 4635 2960 4689 Hzcc
2986 4648 3162 4690 tamen
3190 4656 3291 4690 non
3314 4634 3385 4691 de
3416 4634 3657 4691 montano

2108 4704 2225 4772 ipso
2258 4704 2399 4757 dicta
2433 4704 2573 4767 volo,
2602 4705 2690 4769 qui
2734 4719 2878 4758 recte
2918 4708 2982 4759 de
3017 4707 3281 4761 ‘l‘rinitate
3310 4710 3549 4762 sensisse
3591 4726 3656 4760 w-

2104 4777 2282 4836 dctur,
2334 4773 2631 4846 etsiraliter
2671 4777 2920 4843 opinetur
2970 4778 3223 4846 Didymus
3255 4792 3427 4846 segni.
3459 4778 3563 4830 215
3602 4792 3656 4839 b,‘

2104 4846 2381 4913 tteqtterde
2423 4844 2487 4896 iis
2522 4844 2892 4908 Montanistis,
2929 4850 3016 4913 qui
3053 4844 3370 4901 dicebantur
3418 4866 3437 4899 ι
3470 4865 3655 4902 sewu-

2102 4915 2226 4967 dum
2277 4912 2556 4979 Proclum;
2604 4932 2624 4966 ι
2666 4918 2759 4969 sed
2799 4917 2863 4970 de
2898 4912 3243 4982 nequioribus
3295 4918 3419 4972 aliis
3457 4917 3657 4970 Monta-

2102 4986 2278 5054 nistis,
2314 4988 2404 5052 qui
2437 4986 2682 5054 (Didymo
2712 4996 2863 5052 teste,
2893 5000 2957 5039 ac
2989 4985 3328 5042 Theodoreto
3360 4988 3415 5040 in
3451 4988 3542 5041 lib.
3600 5004 3652 5040 ιιι

2100 5052 2411 5108 llwreiicar.
2448 5052 2772 5122 fabularum,
2797 5072 2915 5124 cap.
2945 5057 3019 5125 2)
3064 5058 3363 5110 divinarum
3407 5074 3654 5124 persona-

2099 5125 2665 5199 rmn“distinctionem
2706 5126 3107 5199 imiciabautur,
3143 5144 3336 5195 nempe
3363 5128 3434 5181 de
3465 5131 3532 5182 iis
3564 5144 3649 5199 qui

2096 5195 2501 5264 appellabantur
2532 5211 2550 5244 ι
2595 5196 2887 5248 secundum
2915 5196 3244 5251 :Eschinem.
3282 5217 3302 5249 ο

2167 5268 2279 5335 (δυ)
2321 5267 2635 5338 Unguium.
2662 5267 2848 5319 Utrum
2881 5283 2940 5318 ea
2973 5269 3308 5332 chrismatio,
3335 5285 3457 5338 quae
3485 5269 3651 5324 bare-

2097 5334 2214 5391 ticis
2245 5334 2399 5389 extra
2432 5334 2762 5388 Catholicam
2800 5338 2903 5389 rite
2930 5339 3240 5403 baptizatis,
3283 5334 3651 5393 et'confirma-

2092 5410 2185 5467 tis,
2227 5423 2289 5459 ac
2334 5406 2586 5474 deinceps
2623 5405 2688 5456 ad
2740 5404 3072 5460 Catholicam
3111 5410 3275 5476 ipsam
3311 5414 3643 5463 venientibus

2090 5477 2489 5535 conferebatur,
2525 5486 2921 5529 sacramentum
2970 5491 3131 5539 esset,
3189 5494 3253 5530 an
3289 5481 3646 5533 ecelesiastica

2090 5548 2431 5609 cmremonia,
2467 5545 2738 5616 disputant
2776 5548 3031 5616 theologi.
3065 5548 3204 5613 Quid
3237 5561 3418 5602 autem
3454 5552 3553 5603 hac
3587 5556 3647 5601 de

2090 5634 2148 5672 re
2175 5618 2407 5671 senserit
2434 5615 2713 5687 Didymus,
2746 5631 2850 5669 non
2885 5615 3091 5671 videtur
3112 5620 3329 5687 quidem
3360 5632 3516 5675 certo
3546 5621 3647 5674 co!-

2087 5689 2176 5757 ilgi
2209 5702 2366 5756 posse
2391 5701 2458 5738 ex
2492 5687 2592 5739 hoc
2624 5685 2769 5751 loco;
2810 5688 2984 5755 ipsum
3014 5685 3189 5741 tamen
3217 5690 3282 5741 de
3314 5700 3647 5743 sacramento

2086 5762 2262 5828 potius
2295 5757 2471 5824 loqui,
2501 5771 2664 5828 quam
2706 5758 2771 5810 de
2807 5773 2952 5828 niera
2990 5760 3333 5822 cauemonia,
3371 5760 3541 5814 infero
3581 5773 3643 5812 ex

2083 5827 2263 5885 verbis
2283 5830 2432 5882 hisce
2453 5844 2465 5881 :
2492 5827 2657 5891 «Quia
2676 5827 3002 5891 non_habent
3019 5837 3259 5883 sanctam
3279 5834 3639 5886 unctionem.»
