3676 6310
377 267 484 322 727

1636 273 1868 329 DIDYMI
1904 274 2373 333 ALEXANDRIM
3503 281 3579 337 728

380 394 581 442 metum
608 384 914 442 Iudaeorum
938 406 959 453 ;
987 403 1216 458 cumque
1247 390 1439 458 praesul
1486 393 1849 460 apostolorum
1871 393 1938 449 Pe

2105 394 2167 448 ὒν
2199 395 2533 457 ἀποστόλων,
2568 392 2656 445 διὰ
2689 393 2859 461 κόρης
2887 388 3117 459 ἀπειλὴν
3149 388 3424 459 διωμνὺετο
3448 393 3579 464 μὴεὶ.

384 484 500 527 trus
530 485 751 545 propter
781 477 968 547 puellae
1023 479 1196 533 minas
1242 478 1595 549 jurejurando
1651 483 1957 550 afﬁrmavit,

381 579 488 619 non
525 568 673 621 nosci
698 582 727 620 a
757 583 814 622 se
845 569 1154 635 Dominum,
1179 572 1326 625 illum
1356 588 1547 642 nempe
1577 576 1771 643 ipsum,
1797 592 1827 630 a
1856 593 1962 646 quo

380 660 555 714 factus
589 660 767 714 fuerat
816 664 1073 717 caelorum
1107 667 1382 736 claviger:
1417 669 1508 721 sed
1547 668 1825 723 duodecim
1859 670 1957 735 illi,

382 751 465 804 vel
497 752 618 817 soli,
652 770 750 808 nec
781 755 937 808 simul
971 760 1303 827 congregati,
1343 776 1446 812 non
1498 762 1654 814 modo
1704 763 1957 817 universo

383 852 647 897 terrarum
677 845 794 899 orbi
836 848 1173 911 restiterunt,
1230 867 1408 902 coram
1462 852 1715 907 omnibus
1750 857 1956 924 populis

381 936 651 1007 intrepide
673 937 1003 1000 clamantes:
1039 959 1057 990 ι
1086 939 1203 993 Non
1232 956 1517 1009 possumus
1560 943 1673 1013 (86)
1710 960 1807 999 nos
1838 962 1956 1013 quae

379 1026 632 1091 vidimus,
666 1036 721 1081 et
752 1027 1077 1095 audivimus,
1113 1045 1218 1083 non
1247 1032 1389 1099 loqui
1419 1051 1433 1094 ;
1463 1050 1482 1083 ι
1516 1035 1609 1088 sed
1630 1034 1791 1089 etiam
1810 1035 1957 1089 omni

381 1114 663 1171 diabolica:
693 1119 989 1173 seductioui
1015 1134 1138 1173 sese
1168 1132 1556 1190 opposuerunt,
1586 1132 1641 1179 et
1672 1132 1953 1179 creatura-

381 1224 500 1261 rum
538 1208 740 1263 cultum
786 1210 898 1282 (87)
948 1211 1305 1276 sustulerunt,
1358 1222 1521 1282 atque
1576 1216 1643 1269 ab
1671 1216 1949 1272 hominum

2058 487 2203 541 δέναι
2251 487 2341 540 τὸν
2387 486 2611 557 Κύριον,
2664 484 2755 536 τὸν
2803 483 3103 552 ποιήσαντα
3142 480 3301 535 αὑτὸν
3335 484 3581 555 κλειδοῦχον

2056 578 2166 631 τῶν
2196 576 2459 649 οὐρανῶνκ
2491 576 2607 629 ἀλλ’
2632 574 2680 627 οἱ
2700 571 3020 625 δυοκαίδεκα
3044 570 3213 641 μόνοι,
3244 570 3333 623 καὶ
3356 572 3485 625 αὐτο)⁸
3508 576 3584 644 οὐχ

2059 668 2148 736 ὑφ’
2183 668 2240 721 ἓν
2269 668 2441 730 ὄντες,
2474 666 2809 736 ἀντέστησαν
2857 662 3138 732 μονονουχὶ
3178 662 3320 730 πάσῃ
3356 664 3413 731 τῇ
3446 664 3582 715 οἰκω-

2061 759 2217 831 μένῃ,
2255 760 2448 830 δήμοις
2486 760 2629 821 ὅλοις
2676 756 3125 826 ἁντικράζοντες·
3175 772 3193 801 σ
3242 753 3311 805 Οὐ
3363 752 3584 823 δυνάμεθα

2057 855 2218 921 ἡμεῖς
2261 852 2296 905 ἅ
2338 852 2517 922 ἴδομεν
2552 851 2646 905 καὶ
2687 848 3020 918 ἠκούσαμεν,
3068 849 3140 916 μὴ
3174 845 3366 898 λαλεῖν.
3405 865 3422 898 ι
3465 848 3585 901 Ἀλλὰ

2060 946 2154 997 καὶ
2179 944 2327 1015 πάσῃ
2361 948 2427 1015 τῇ
2456 943 2737 1013 διαϐολικῇ
2781 940 2958 1012 πλάνῃ
2988 938 3375 1009 παρετάξαντο,
3411 938 3490 991 καὶ
3515 939 3585 1009 τὴν

2059 1037 2587 1107 κτισματολατρείαν
2654 1035 2973 1104 ἀπήλασαν,
3037 1032 3130 1084 καὶ
3193 1029 3289 1099 τὴν
3346 1030 3587 1099 λεγομένην

2059 1129 2226 1198 ἀχλὺν
2262 1127 2482 1197 ἀφεῖλον
2510 1128 2609 1199 τῆς
2642 1126 2753 1180 τῶν
2796 1124 3097 1197 ἀνθρώπων
3140 1121 3339 1191 ψυχῆς,
3399 1121 3429 1191 ἥ
3489 1123 3587 1191 πρὶν

2063 1220 2251 1290 ἐπῆεν,
2283 1218 2359 1282 ὥς
2392 1236 2578 1287 φασιν,

380 1296 575 1352 animis
598 1298 907 1369 caliginem,
960 1309 1193 1370 utpoeta
1252 1302 1490 1373 loquitur
1574 1321 1693 1375 quae
1733 1305 1786 1360 in
1850 1307 1982 1377 ipsis
2030 1319 2187 1364 antea
2252 1312 2430 1366 inerat
2486 1309 2621 1381 (88),
2663 1315 3022 1371 abstulerunt,
3072 1319 3284 1373 nempe,
3334 1304 3459 1358 sicut
3480 1304 3586 1360 idem

380 1390 478 1454 ait,

511 1481 579 1536 Ut
608 1484 765 1551 probe
786 1492 1157 1551 cognoscerent
1192 1494 1239 1538 et
1277 1484 1437 1539 Deum
1469 1497 1517 1541 et
1540 1488 1820 1543 hominem.

380 1573 484 1627 Per
514 1589 767 1628 manumn
803 1589 931 1629 vero
982 1576 1376 1645 impositionem
1436 1579 1677 1635 homines
1727 1596 1756 1634 a
1790 1582 1952 1636 variis

2131 1486 2290 1554 "0599‘
2312 1481 2382 1541 εὖ
2418 1484 2769 1555 γινώσκοιεν
2795 1483 2951 1553 ἠμὲν
2977 1482 3127 1537 Θεὸν
3162 1480 3272 1547 ἠδὲ
3307 1480 3397 1534 καὶ
3424 1481 3587 1548 ἄνδρα.

2057 1578 2155 1632 Διά
2204 1577 2261 1631 δὲ
2304 1576 2404 1647 τῆς
2450 1574 2557 1628 τῶν
2580 1574 2783 1647 χειρῶν
2839 1574 3137 1635 ἐπιθέσεως
3180 1571 3428 1625 ποικίλων
3458 1572 3589 1624 νόσων

381 1663 589 1718 morbis
613 1664 959 1733 liberabant;
1014 1667 1146 1720 adeo
1206 1678 1261 1721 ut
1296 1668 1437 1723 Petri
1474 1670 1690 1739 quidem
1736 1672 1818 1727 vel
1844 1674 1938 1742 ips:

2105 1668 2406 1740 πήλλαττον
2428 1669 2554 1730 τοὺς
2578 1665 2897 1737 ἀνθρώπους
2920 1682 2933 1695 ’
2965 1663 3091 1735 [150
3126 1662 3177 1733 ιν]
3200 1663 3277 1725 ὡς
3310 1662 3495 1733 Πέτρου
3517 1664 3588 1731 μὲν

383 1760 572 1811 tnnhra
599 1757 711 1829 (89)
738 1774 767 1813 e
793 1773 1019 1827 corpore
1052 1760 1193 1814 illius
1226 1760 1389 1833 284
1422 1762 1473 1815 in
1506 1771 1700 1817 terram
1737 1764 1955 1829 cadens,

382 1850 535 1906 Pauli
561 1868 690 1907 vero
718 1852 934 1906 sudaria
965 1851 1077 1924 (90)
1114 1854 1299 1918 etiam,
1329 1871 1393 1909 ex
1412 1855 1527 1924 ejus
1549 1870 1773 1923 corpore
1792 1856 1955 1920 illata,

381 1953 706 2014 agrotornm
743 1945 1055 1998 sanationes
1105 1945 1448 2014 perficerent.
1494 1948 1570 2001 Ac
1606 1946 1801 2000 Paulus
1836 1949 1958 2017 qui-

382 2034 503 2085 tlcm
562 2031 823 2087 Romanis
874 2034 1191 2088 scribebat:
1234 2054 1251 2086 ι
1282 2035 1334 2088 In
1390 2036 1662 2090 credendo
1709 2036 1842 2108 (9|),
1900 2045 1957 2091 ul

383 2123 669 2177 abundetis
700 2125 751 2176 in
780 2139 895 2192 spe,
925 2124 977 2176 in
1010 2124 1207 2179 virtute
1230 2124 1462 2195 Spiritus
1493 2128 1684 2182 sancti.
1712 2146 1730 2179 ›
1770 2128 1959 2182 Petrus

384 2223 561 2267 autem
598 2213 864 2266 diabolum
904 2215 1240 2269 confidenter
1274 2215 1610 2286 profligabat,
1641 2226 1689 2272 et
1723 2218 1956 2272 divinam

385 2304 615 2372 Spiritus
633 2307 800 2358 sancti
826 2308 1116 2360 essentiam
1138 2308 1482 2376 prmdicahat,
1505 2309 1953 2365 dicensAnania}:

392 2413 411 2443 ‹
446 2395 625 2459 Quare
647 2394 759 2465 (9:1)
811 2396 1035 2448 tentavit
1070 2395 1305 2450 Satanas
1352 2414 1446 2452 cor
1485 2407 1629 2453 tuon.
1657 2401 1872 2454 mentiri
1907 2412 1958 2456 te

386 2484 609 2554 Spiritui
641 2486 869 2540 sancto?
900 2505 918 2536 ι
956 2485 1212 2550 Quisnam
1256 2495 1339 2541 est
1388 2488 1498 2550 ille.
1552 2489 1639 2545 eui
1700 2491 1958 2546 mentitus

385 2577 595 2631 fuerat?
660 2575 713 2628 Id
786 2578 920 2631 dixit
980 2577 1172 2632 Petrus
1233 2580 1383 2647 ipse,
1476 2595 1597 2634 cum
1660 2582 1955 2635 subdidit:

392 2688 410 2720 ι
446 2667 559 2724 Non
582 2683 640 2722 es
663 2670 773 2739 (9'5)
807 2664 1059 2725 mentitus
1092 2671 1318 2735 homini,
1364 2675 1458 2727 sed
1508 2672 1786 2727 DecaNec
1813 2676 1956 2729 enim

385 2776 710 2829 quemquam
744 2763 842 2830 ipsi
898 2764 1302 2827 reverebantur,
1353 2764 1442 2833 qui
1500 2765 1741 2834 pecunia:
1773 2782 1959 2821 amore

387 2862 577 2922 captus
602 2852 714 2923 (9.1)
748 2855 905 2919 foret,
933 2866 1027 2907 aut
1060 2856 1149 2922 qui
1192 2855 1511 2922 iniustitiam
1539 2858 1847 2925 respiraret,
1867 2871 1959 2914 aut

387 2942 516 3011 quid
546 2944 842 3012 prudentia:
892 2954 1317 2999 consentaneum
1342 2946 1432 3009 sit,
1466 2962 1570 3001 non
1607 2949 1833 3017 videret,
1866 2961 1960 3006 aut

387 3034 479 3102 qui
513 3037 725 3089 sincere
758 3036 1432 3113 ergaconsubstantialem
1479 3036 1798 3094 Trinitatem
1831 3041 1957 3096 affe-

389 3136 512 3182 ctus
540 3142 644 3181 non
669 3138 833 3192 esset,
868 3129 969 3183 etsi
1005 3128 1069 3181 ad
1106 3130 1306 3197 primas
1338 3128 1475 3184 forte
1496 3132 1792 3188 mundanas
1809 3137 1963 3191 sedes

390 3218 745 3278 ascendisset.
785 3234 849 3274 ac
877 3235 1154 3289 supremas
1188 3219 1298 3289 (95)
1355 3220 1406 3273 in
1465 3223 1714 3279 manibus
1743 3226 1966 3281 haberet

389 3308 779 3379 prmfecturas:
812 3310 941 3380 quin
979 3311 1148 3379 ipsam
1196 3310 1599 3366 inmeratoriam
1632 3313 1742 3373 '96)
1765 3330 1963 3385 nurpu-

464 3490 576 3563 (86)
612 3489 735 3563 Non
776 3507 1072 3563 possumus.
1126 3490 1247 3546 Act.
1298 3507 1385 3557 ιν,
1439 3492 1529 3549 20.
1582 3492 1773 3550 ϐῑωω
1802 3495 1970 3551 editio

394 3562 555 3618 habet
578 3562 790 3631 εἴδομεν
822 3578 917 3628 pro
953 3562 1153 3631 ἴδομεν.

466 3632 993 3705 (87)_Creaturarum
1055 3633 1275 3705 cultum.
1337 3631 1551 3697 Codex,
1605 3635 1970 3705 κτισματολα-

392 3703 574 3827 iga”.
609 3701 752 3772 Lego
822 3702 1365 3774 κτισματολατρείαν.
1430 3705 1505 3758 Ita
1576 3701 1748 3760 etiam'
1796 3721 1967 3775 segm.

525 3791 577 3826 a.

472 3775 577 3827 ia.

468 3844 580 3913 (88)
616 3842 784 3895 Antea
816 3844 1007 3898 inerat.
1051 3844 1329 3898 Librarius
1364 3842 1538 3899 locum
1583 3846 1724 3898 hunc
1754 3860 1857 3897 non
1890 3844 1972 3896 in—

398 3915 681 3986 telligens.
734 3915 1003 3986 mendose
1068 3914 1287 3986 scripsit
1327 3932 1340 3986 ξ
1382 3916 1415 3985 ἡ
1472 3916 1602 3986 πρὶν
1646 3916 1849 3986 εἴποιεν
1895 3913 1972 3986 ὥς

397 3980 561 4068 φασιν
611 3984 746 4068 ξξρρ’
774 3980 891 4068 εὖ
928 4002 982 4038 κ.
1031 3980 1194 4068 τ..λ.;
1222 3984 1341 4068 .Sed
1394 3980 1711 4068 legem-lum,
1746 3985 1792 4066 ﬁ)
1843 3985 1973 4068 «piat

398 4056 587 4126 ἐπῆεν.
620 4052 1150 4126 Nempe-Homericis
1183 4055 1271 4126 hic
1297 4052 1657 4126 locutionibus
1684 4052 1851 4126 utitur
1882 4052 1973 4107 Di-

398 4121 591 4195 dymus
655 4142 718 4177 ex
761 4121 957 4195 Iiiadia
1012 4125 1199 4191 quinto
1243 4124 1561 4193 tlesumptis,
1609 4126 1695 4195 uhi
1734 4123 1969 4177 Minerva

399 4194 709 4249 Diomedem
748 4194 825 4260 sic
855 4194 1133 4260 alloquens
1158 4195 1428 4246 inducitur
1449 4209 1590 4249 vers.
1614 4194 1710 4247 197
1747 4216 1757 4247 :

413 4264 603 4334 Ἀχλὺν
630 4263 685 4334 ὃς
709 4259 773 4315 αὗ
800 4279 881 4334 τοι
906 4259 1012 4316 ἀπ’
1032 4262 1323 4334 ὀφθαλμῶν
1354 4262 1471 4315 ἕλον
1494 4306 1508 4327 ,
1542 4265 1575 4332 ἥ
1600 4266 1726 4334 πρὶν
1756 4264 1945 4333 ἐπῆεν,

402 4330 579 4459 {Dop’
622 4330 682 4387 εὖ
727 4331 1001 4406 γινώσκῃς
1052 4330 1190 4405 ἡμὲν
1211 4330 1335 4386 θεὸν
1360 4334 1455 4403 ἡδὲ
1486 4330 1585 4387 κα)⁵
1618 4330 1807 4407 ἄνδρα.

426 4428 435 4456 t
485 4418 566 4459 εει
598 4422 613 4459 ε

426 4408 455 4458 (Ι
485 4418 566 4460 est
598 4422 613 4460 :

404 4474 693 4545 Caliginem
719 4490 838 4530 vero
856 4473 946 4526 tibi
968 4475 1030 4525 ab
1055 4473 1219 4527 oculis
1237 4474 1449 4536 abstuli,
1472 4492 1591 4542 qua:
1610 4477 1759 4545 prius
1780 4477 1971 4541 inerat,

403 4545 473 4599 Ut
502 4548 626 4599 bene
646 4547 921 4616 dignoscas
948 4555 1055 4597 tum
1100 4546 1252 4597 deum
1277 4586 1292 4607 ,
1326 4555 1435 4597 tum
1459 4550 1617 4616 etiam
1651 4547 1938 4599 hominem.

401 4620 531 4683 Quae
557 4618 679 4669 dum
708 4615 991 4684 proposito
1025 4628 1124 4667 suo
1159 4615 1534 4669 accommodat
1566 4617 1846 4684 theologus
1878 4629 1973 4668 no-

402 4700 534 4749 ster,
570 4687 740 4740 civem
783 4701 937 4739 suum
980 4694 1141 4751 atque
1197 4693 1594 4739 antecessorem
1640 4685 1971 4740 Clementem

404 4757 599 4811 imitari
650 4758 885 4816 videtur,
917 4758 1006 4822 qui
1047 4755 1184 4807 idem
1218 4754 1345 4822 facit
1373 4771 1492 4808 cum
1542 4756 1595 4809 in
1639 4754 1968 4822 Protreptico

404 4827 524 4897 pag.
568 4828 656 4890 87,
683 4826 768 4880 ubi
801 4820 959 4897 habet
985 4842 999 4879 :
1036 4826 1210 4895 Ὄφρ’
1236 4820 1626 4897 εὗμγινώσκοις,
1656 4836 1711 4880 et
1735 4820 1973 4897 reliqua;

405 4893 520 4967 tulit
554 4897 605 4949 in
656 4898 828 4965 primo
868 4893 1064 4949 Strom.
1102 4893 1223 4965 pag.
1255 4895 1380 4959 425,
1422 4897 1509 4951 ubi
1544 4897 1651 4951 ait:
1694 4893 1869 4967 Ὅφρῑ
1910 4893 1970 4951 εὖ

402 4966 783 5053 nessem
816 4975 1108 5053 assere

474 5038 586 5105 (89)
631 5034 844 5090 Umbra.
876 5034 1007 5088 Vide
1042 5039 1161 5090 Act.
1193 5053 1243 5097 v,
1274 5036 1358 5089 15.

497 5109 587 5171 90)
623 5106 876 5161 Sudaria.
916 5105 1045 5160 Vide
1070 5109 1188 5159 Act.
1212 5124 1325 5168 χιχ.
1358 5108 1441 5161 12.

498 5177 586 5245 91)
620 5175 687 5229 In
719 5175 993 5229 credendo.
1032 5177 1186 5230 Rom.
1212 5193 1298 5237 xv,
1324 5178 1409 5232 15.
1439 5178 1705 5244 Quorsum
1736 5179 1849 5236 haec
1882 5181 1975 5235 Di-

408 5246 600 5317 dymus
632 5246 871 5317 afferat,
908 5257 1055 5317 patet
1092 5263 1158 5301 ex
1205 5250 1319 5316 ejus
1372 5249 1505 5303 libro
1540 5248 1615 5301 De
1658 5249 1753 5317 Sp.
1793 5262 1976 5305 sancto

408 5315 556 5369 num.
593 5315 684 5378 10,
720 5316 807 5388 ubi
844 5316 958 5368 haec
980 5315 1244 5383 legimusi
1277 5318 1577 5388 tlntnultis
1612 5315 1827 5388 quoque
1856 5322 1977 5375 aliis

406 5389 539 5440 locis
588 5387 876 5457 Apostolus
914 5400 1210 5451 memorat,
1254 5389 1305 5440 in
1358 5387 1591 5457 Spiritus
1622 5387 1796 5444 sancti
1846 5391 1977 5445 sub-

407 5457 605 5511 stantia
634 5456 727 5509 Dei
771 5471 989 5508 munera
1026 5459 1371 5521 commorari,
1401 5456 1539 5512 Sicut
1571 5461 1621 5511 in
1653 5460 1746 5514 illo
1784 5479 1796 5513 :
1835 5460 1976 5516 Deus

410 5536 590 5582 autem
617 5527 729 5595 spei
767 5526 1097 5597 repleatvos
1122 5529 1266 5580 omni
1293 5529 1507 5593 gaudio,
1540 5538 1593 5581 et
1624 5545 1753 5597 pace
1782 5531 1834 5585 in
1859 5546 1977 5585 cre-

412 5599 605 5661 dendo,
649 5607 704 5651 nt
742 5596 1026 5666 abundetis
1059 5597 1110 5650 in
1158 5612 1252 5666 spe
1278 5610 1331 5651 et
1357 5599 1551 5653 virtute
1583 5596 1819 5664 Spiritus
1851 5618 1977 5655 san-

407 5669 503 5723 cti.
544 5686 564 5721 ι
599 5667 741 5725 Deus
766 5676 943 5723 autem
970 5664 1156 5739 [codex
1188 5664 1361 5723 noster
1385 5668 1536 5723 habet
1567 5684 1585 5726 :
1616 5669 1758 5728 Deus
1803 5671 1975 5743 enim]

2060 1760 2153 1812 καὶ
2179 1758 2277 1829 τὴν
2306 1757 2721 1810 ἀποπίπτουσαν
2774 1754 2869 1807 τοῦ
2925 1752 3174 1823 σώματος
3217 1750 3392 1813 σκιὰν,
3421 1753 3587 1805 Παύλου

2058 1852 2114 1904 δὲ
2140 1852 2233 1902 καὶ
2251 1850 2319 1901 τὰ
2356 1848 2614 1915 σουδάρια
2639 1845 2733 1899 τοῦ
2767 1844 2975 1917 χρωτὸς
3008 1844 3177 1906 ἰάσεις
3202 1843 3483 1895 ἀποτελεῖν.
3510 1844 3591 1896 Καὶ

2059 1941 2270 2002 Παῦλος
2313 1940 2409 2009 μὲν
2449 1937 2742 2007 Ῥωμαίοις
2768 1937 3035 2008 ἔγραφεν·
3067 1954 3086 1987 ι
3135 1935 3221 1986 Ἐν
3252 1932 3329 2004 τῷ
3367 1933 3591 1987 πιστεύειν

2059 2033 2137 2095 είς
2185 2032 2244 2084 τὸ
2284 2029 2629 2102 περισσεύειν
2670 2029 2813 2099 ὑμᾶς
2862 2030 2919 2080 ὲν
2975 2029 3039 2098 τῇ
3087 2027 3284 2088 ἐλπίδι,
3324 2028 3380 2079 ὲν
3411 2026 3592 2096 δυνάμει

2061 2125 2373 2196 Πνεύματος
2410 2125 2586 2193 ἁγίου.
2632 2143 2648 2174 ι
2682 2122 2887 2193 Πέτρος
2925 2120 2982 2173 δὲ
3030 2118 3167 2190 μετά
3202 2118 3495 2190 παρρησίας
3528 2118 3592 2170 τὸν

2057 2221 2300 2275 διάϐολον
2325 2219 2739 2290 κατειργάζετο,
2763 2218 2857 2271 καὶ
2882 2215 2975 2269 τοῦ
3008 2214 3165 2283 ἁγίου
3200 2213 3497 2283 Πνεὺματος
3521 2214 3594 2283 τὴν

2060 2314 2245 2383 θεῖκὴν
2281 2312 2466 2365 οὐσίαν
2486 2309 2867 2378 ἀνεφθέγγετο,
2888 2307 3023 2378 πρὸς
3046 2305 3138 2360 τὸν
3173 2304 3417 2358 Ἀνανίαν
3442 2303 3591 2371 λέγων·

2064 2425 2082 2456 ι
2118 2404 2216 2458 Διά
2240 2404 2293 2456 τί
2331 2403 2620 2471 ἐπείρασεν
2645 2402 2673 2454 ὁ
2702 2400 2947 2462 Σατανᾶς
2985 2398 3082 2469 τὴν
3118 2396 3347 2468 καρδίαν
3382 2412 3466 2448 σου
3498 2394 3597 2463 φεύ·

2062 2494 2255 2548 σασθαί
2282 2511 2340 2547 σε
2358 2493 2417 2546 τὸ
2432 2491 2655 2562 Πνεῦμα
2688 2491 2749 2543 τὸ
2774 2491 2957 2559 ἀγιον;
2990 2508 3009 2541 ι
3044 2488 3139 2551 Τίς
3166 2487 3281 2558 γὰρ
3311 2483 3592 2554 όψευσθείς;

2061 2584 2227 2639 Εἶπεν
2257 2584 2553 2654 ἐπαγαγών
2575 2602 2587 2615 ·
2625 2603 2643 2634 ι
2683 2583 2798 2637 Οὐκ
2830 2582 3042 2652 ἐψεύσω
3081 2578 3376 2650 ἀνθρώπῳ,
3411 2575 3526 2631 ἀλλὰ
3540 2576 3598 2644 τῷ

2060 2676 2197 2747 θεῷ.
2240 2696 2258 2730 ο
2293 2678 2405 2729 Οὐκ
2425 2673 2491 2748 ἧν
2520 2678 2627 2746 γάρ
2648 2677 2826 2738 αὐτοῖς
2849 2676 2904 2727 ὲν
2938 2674 3074 2727 αἰδοῖ
3094 2690 3193 2736 τις,
3219 2672 3402 2742 ἥττων
3425 2668 3599 2739 χρημά-

2059 2786 2164 2820 των
2193 2768 2475 2838 ὑπάρχων,
2507 2767 2541 2837 ἢ
2570 2767 2751 2820 ἄδικον
2771 2764 3071 2824 ἀναπνέων,
3104 2762 3136 2831 ἢ
3169 2760 3387 2829 σῶφρον
3417 2758 3481 2827 μὴ
3509 2754 3601 2824 βλέ-

2061 2876 2197 2924 πων,
2227 2860 2261 2929 ἦ
2298 2860 2370 2928 μὴ
2395 2860 2735 2929 διακείμενος
2766 2857 2891 2928 περὶ
2921 2855 3018 2925 τὴν
3040 2852 3327 2924 ὁμοούσιον
3353 2849 3603 2921 Τριάδαεί-

2062 2952 2337 3022 λικρινῶς,
2370 2951 2474 3004 κᾶν
2500 2951 2661 3020 τυχὸν
2684 2947 2751 3019 ἦν
2785 2952 2897 3012 τοῖς
2920 2946 3157 3017 πρώτοις
3187 2939 3518 3013 ἐπιϐεϐηκὼς
3535 2956 3605 2992 κο-

2069 3043 2284 3109 σμικοῖς
2318 3038 2547 3111 θρόνοις,
2600 3041 2693 3092 καὶ
2729 3039 2831 3101 τὰς
2864 3038 3039 3109 ἄκρας
3068 3039 3126 3089 ὲν
3158 3037 3344 3106 χεροῖν
3380 3032 3503 3103 ἔχων
3530 3030 3606 3099 ἀρ·

2066 3132 2186 3202 χάς.
2230 3131 2587 3203 ’Υπερεώρων
2611 3132 2666 3184 δὲ
2696 3131 2789 3185 καὶ
2813 3130 2983 3199 αὐτῆς
3010 3129 3108 3199 τῆς
3138 3126 3423 3199 βασιλικῆς
3450 3123 3608 3191 ἁλουρ-

2067 3223 2235 3291 γίδος,
2268 3224 2361 3275 καὶ
2397 3224 2702 3293 κρείττονες
2733 3218 2872 3292 ἦσαν
2902 3221 3218 3292 χρημάτων,
3252 3219 3344 3272 τὸν
3384 3215 3608 3286 ἀμείωτον

2071 3313 2344 3386 θησαυρὸν
2369 3315 2585 3385 ἔχοντες
2612 3315 2707 3369 τοῦ
2734 3315 2888 3383 ἁγίου
2920 3312 3265 3383 Πνεύματος.
3314 3309 3543 3365 Ἐλάλουν
3566 3304 3610 3359 δὲ

2070 3497 2295 3567 largitor
2353 3498 2617 3551 bonorum
2678 3510 2863 3567 spem,
2915 3508 3076 3567 quam
3134 3490 3613 3567 promisit,reddet

2098 3562 2211 3621 εοὶι.
2246 3576 2445 3632 noster,
2471 3637 2474 3638 ν
2498 3565 2698 3638 reddit]
2726 3567 2811 3619 his
2856 3567 2945 3633 qui
2983 3565 3180 3638 habent
3222 3562 3409 3638 illum;
3453 3562 3614 3631 gaudio

2098 3641 2215 3694 cod.
2244 3648 2296 3691 et
2323 3635 2542 3707 gaudio]
2581 3646 2633 3691 et
2672 3633 2803 3707 pace
2828 3633 3059 3707 complet
3084 3648 3209 3707 eos_:
3246 3635 3340 3702 qui
3367 3634 3613 3707 impertur-

2072 3702 2252 3764 hatam
2285 3702 2348 3761 et
2383 3702 2622 3761 sedatam
2658 3702 2811 3777 ricod.
2841 3702 3209 3775 consedatam]
3267 3702 3613 3777 cogitationem

2073 3778 2429 3847 possidentes,
2468 3777 2615 3830 laetas
2654 3774 2851 3829 habent
2883 3783 3109 3847 mentes,
3150 3774 3321 3847 etab
3347 3774 3485 3827 onmi
3514 3786 3615 3847 per-

2077 3842 2440 3902 turbationum
2482 3856 2797 3910 tempestate
2844 3845 3180 3912 tranquillas.
3214 3844 3324 3911 Qui
3373 3854 3536 3896 autem
3573 3842 3613 3892 in

2077 3919 2273 3972 virtute
2303 3916 2535 3987 Spiritus
2560 3916 2728 3971 sancti
2755 3917 3019 3987 praedicta
3042 3915 3177 3987 bona
3220 3914 3427 3987 fuerint
3455 3926 3617 3987 conse-

2076 3989 2208 4049 cuti,
2233 3983 2395 4040 etiain
2430 3997 2629 4039 rectam
2657 3987 2811 4038 tidem
2845 3985 2897 4037 in
2942 3983 2956 4055 [
2988 3984 3124 4037 deest
3158 3986 3212 4037 in
3235 3984 3419 4038 codice
3444 3985 3615 4047 vocula,

2079 4057 2159 4129 in]
2185 4057 2480 4130 Trinitatis
2516 4056 3207 4130 ntysteriogonsequentur.
3547 4119 3617 4130 .

2152 4120 2262 4194 '(92)
2300 4126 2500 4192 Quare.
2546 4120 2666 4180 A'ct.
2697 4142 2750 4186 v,
2778 4126 2830 4180 5.
2871 4120 3125 4195 Didymus
3174 4139 3343 4192 porro
3372 4140 3489 4179 cum
3516 4120 3619 4175 alibi

2080 4197 2366 4251 dictaverit
2403 4197 2713 4267 ἐπλήρωσε,
2762 4196 2811 4249 id
2857 4206 2939 4249 est
2974 4194 2995 4245 ι
3045 4194 3310 4267 implevit,
3349 4214 3373 4267 AD
3410 4194 3491 4247 hic
3524 4206 3617 4267 eam

2085 4270 2372 4321 lectionem
2405 4264 2669 4336 sequitur,
2699 4282 2860 4333 quam
2890 4276 3107 4319 secutus
3140 4275 3224 4318 est
3260 4265 3511 4336 Vulgatus
3537 4264 3618 4315 lut.

2082 4338 2262 4406 legens
2295 4336 2573 4407 ξπείρασε,
2611 4337 2663 4391 id
2698 4348 2780 4391 est
2807 4355 2825 4387 ι
2869 4336 3112 4407 tentavit.
3149 4353 3168 4385 ι

2148 4399 2259 4476 (95)
2295 4399 2519 4462 Νοιιέε.
2561 4399 2687 4461 Αει.
2720 4422 2784 4471 ν,
2818 4406 2873 4459 4.
2916 4404 3101 4459 Graeca
3148 4404 3323 4476 editio
3357 4404 3513 4458 habet
3549 4399 3625 4451 ἀν-

2084 4474 2437 4550 θρώποιςέιηι
2456 4491 2538 4532 est
2572 4497 2590 4529 ‹
2630 4475 2970 4550 hominibus;
3008 4494 3027 4527 ι
3065 4489 3225 4550 quam
3259 4474 3624 4550 lectionemse-

2077 4544 2342 4620 cutusest
2364 4546 2631 4620 Didyums
2647 4547 3087 4620 superiussegm.
3118 4544 3242 4609 106,
3278 4545 3333 4599 b.

2148 4617 2258 4689 (94)
2301 4610 2518 4685 Captus.
2552 4610 2833 4689 Libra-rius
2876 4610 3005 4689 sine
3030 4626 3257 4689 accentu
3323 4629 3391 4669 ac
3454 4610 3623 4683 spiritu

2076 4685 2605 4761 scri_p_sit,_'rtaqrtw.
2633 4686 2738 4761 Sed
2762 4688 3039 4761 legendum
3064 4702 3149 4748 τις
3183 4685 3410 4761 ἥττων.Δ

2150 4750 2261 4827 (95)
2302 4750 2605 4826 Supremas.
2645 4750 2866 4827 Videtur
2896 4757 3166 4822 respicere
3201 4750 3270 4810 ac
3304 4756 3467 4810 tacite
3491 4750 3627 4827 velli.

2079 4823 2203 4880 care
2234 4823 2336 4882 non
2378 4823 2538 4882 modo
2569 4827 2818 4882 ethnicos
2850 4825 3199 4893 imperatores
3263 4841 3333 4879 ac
3365 4823 3626 4891 magistra-

2080 4908 2186 4963 tus,
2217 4900 2412 4967 quibus
2434 4937 2448 4961 ,
2482 4899 2604 4951 lidei
2642 4912 2801 4951 causa
2830 4936 2845 4959 ,
2880 4897 3143 4967 animose_
3167 4897 3489 4951 restiterunt
3520 4906 3629 4958 apo-

2077 4964 2440 5033 stoli,_vernnt
2482 4969 2647 5022 etiam
2688 4968 3087 5026 Constantium,
3116 4964 3398 5019 lulianum
3435 4967 3628 5033 Aposta-

2081 5032 2219 5101 tam,
2245 5055 2307 5092 ac
2335 5036 2642 5102 Valentem,
2670 5039 2769 5109 qui
2796 5036 3002 5107 Didymi
3033 5046 3193 5090 astate
3214 5035 3439 5109 AChristi
3470 5032 3627 5109 Sedcf

2078 5112 2212 5161 siam
2262 5118 2622 5173 vexaverant;
2664 5108 2859 5176 quibus
2900 5106 3081 5159 tamen
3122 5107 3383 5160 catholici
3414 5106 3628 5171 episc0pi

2080 5179 2445 5248 apostolorum
2487 5181 2730 5243 exempla
2767 5178 2956 5230 imitati
2995 5186 3249 5248 strenue,
3301 5176 3430 5248 ﬁdei
3464 5188 3627 5231 causa,

2080 5247 2198 5303 sese
2224 5260 2613 5318 opposuerunt.
2634 5248 2704 5303 Ut
2728 5250 2870 5318 enim
2905 5248 3159 5318 Didymus
3189 5247 3309 5313 ipse
3340 5247 3418 5300 ait
3438 5256 3631 5318 enarra-

2083 5322 2225 5372 tione
2255 5315 2310 5372 ἰή
2337 5322 2559 5387 primam
2593 5318 2735 5372 Petri
2768 5317 2868 5384 Ep.
2902 5315 3020 5385 cap.
3048 5315 3103 5378 9.,
3131 5318 3348 5390 «etiam
3383 5317 3631 5390 reluctant

2080 5391 2207 5443 dum
2242 5386 2519 5457 estusque
2550 5391 2615 5442 ad
2646 5398 2891 5449 mortem,
2928 5390 2970 5439 si
2998 5386 3212 5457 quando
3237 5387 3510 5457 voluerint
3533 5386 3629 5451 (qui

2080 5460 2145 5512 ad
2198 5456 2609 5528 principandum
2666 5468 2793 5512 sunt
2823 5456 3124 5526 constituti)
3164 5468 3323 5511 extra
3378 5456 3630 5512 Christum

2080 5545 2177 5583 nos
2211 5531 2386 5584 facere
2416 5530 2616 5598 aliquid
2645 5530 2845 5591 dicere,
2894 5528 2974 5581 vel
2997 5542 3155 5597 agerc
3179 5537 3383 5595 praeter
3408 5539 3626 5584 sensum,

2084 5610 2177 5653 aut
2208 5602 2514 5654 sanctiones
2544 5599 2953 5655 ecclesiasticas.
2986 5616 3008 5650 ι

2145 5672 2258 5742 (96)
2296 5670 2726 5740 lmperatoriam.
2766 5671 2894 5736 Aut,
2930 5687 2950 5721 ι
2990 5669 3209 5740 regiam.
3249 5686 3272 5719 ι
