3676 6316
278 236 373 290 751

1502 245 1655 301 DIDY
1665 245 1737 300 Ml
1773 245 2245 300 ALEXANDRINI

3401 247 3490 302 752

275 350 388 406 rael
419 357 598 407 autem
625 367 876 426 magnum
905 369 1102 412 nomen
1134 356 1271 424 ejus.
1292 377 1310 410 ι
1342 359 1475 414 Cum
1508 376 1636 416 vero
1661 363 1833 415 mani-

2043 360 2258 431 Ἰσραὴλ
2305 360 2445 430 μέγα
2474 361 2536 414 τὸ
2582 361 2750 432 ὄνομα
2789 361 2974 415 αὑτοῦ.
3020 359 3397 430 Ἐπιφανέντος
3445 361 3496 416 δὲ

275 441 501 496 testatus
531 451 612 497 est
633 449 775 500 Deus
805 445 1038 500 Verbum
1091 457 1146 502 et
1189 449 1354 520 286
1387 450 1646 514 creditus,
1679 453 1841 520 coepit

272 529 481 587 Novum
511 531 916 590 Testamentum
933 553 1055 593 eum
1083 555 1298 610 quoque
1324 541 1525 596 clarius
1550 544 1840 611 praedicare

278 621 466 684 Deum,
499 632 552 677 et
578 627 942 696 cognitionem
992 631 1154 684 etiam
1187 631 1418 700 Spiritus
1449 635 1619 687 sancti
1651 635 1839 702 paula-

275 715 369 766 tim
385 729 450 768 ex
467 725 618 784 parte
635 719 1060 787 subministrare,
1077 737 1172 790 pro
1186 724 1387 778 viribus
1404 725 1606 778 scilicet
1628 726 1836 779 illorum

227 799 248 819 ⁴
279 805 367 871 qui
400 819 518 858 eam
549 807 797 876 accipere
840 809 1127 866 debebant.
1174 813 1241 866 lis
1276 815 1417 867 etaim
1446 816 1534 883 qui
1573 832 1742 884 nuper
1773 818 1837 871 ad

275 898 606 964 agnitionem
634 901 875 954 veritatis
927 905 1098 956 vocati
1148 914 1323 968 erant,
1349 921 1449 961 nec
1483 920 1711 962 mentem
1745 909 1840 963 ba-

273 987 472 1042 bebant
495 989 545 1041 in
577 990 698 1059 ejus
724 994 1178 1062 contemplatione
1229 1008 1524 1062 versatam,
1564 1003 1835 1054 inaccessa

274 1080 674 1146 quodammodo
707 1084 1103 1151 perfectissima
1135 1086 1436 1152 bujusmodi
1465 1089 1594 1144 ﬁdes
1628 1091 1838 1146 videba-

279 1175 384 1221 tur.
421 1169 704 1234 Quomodo
733 1182 910 1226 auteni
937 1174 1037 1228 hac
1078 1176 1142 1228 de
1171 1190 1227 1228 re
1257 1177 1502 1231 dubitare
1535 1193 1832 1246 possumus,

275 1271 395 1310 cum
448 1259 511 1311 ad
567 1275 683 1314 eam
753 1261 1227 1320 demonstrandam
1285 1268 1494 1322 illorum
1535 1271 1833 1340 exemplum

274 1349 467 1405 atfcrre
499 1367 713 1419 queam,
743 1356 834 1423 qui
889 1357 1140 1411 deorsum
1186 1375 1376 1415 versus
1406 1363 1569 1417 chaos
1598 1364 1832 1419 inclinati

274 1450 418 1503 sunt,
457 1444 656 1510 quique
695 1447 760 1499 ad
805 1448 943 1501 hanc
970 1464 1140 1517 usque
1162 1452 1300 1505 diem
1336 1467 1400 1508 ne
1425 1455 1685 1509 divinitati
1715 1458 1836 1524 qui-

273 1530 394 1584 dem
427 1531 695 1602 Unigeniti
726 1537 994 1592 credunt?
1046 1540 1233 1610 Neque
1267 1557 1392 1596 vero
1442 1544 1556 1598 haec
1597 1546 1837 1601 testimo-

274 1626 362 1677 nio
395 1641 492 1680 suo
520 1629 774 1682 destituta
831 1645 952 1685 esse
1001 1631 1168 1685 voluit
1220 1633 1439 1698 Paulus,
1491 1651 1610 1690 cum
1641 1637 1834 1692 Corin-

1939 452 2032 505 τοῦ
2066 452 2198 505 Θεοῦ
2240 452 2414 520 Λόγου
2460 453 2552 505 καὶ
2596 454 3004 517 πιστευθέντος,
3051 456 3085 524 ἡ
3123 453 3238 506 Νέα
3267 451 3496 524 Διαθήκη

1938 541 2139 613 ἠρξατο
2169 542 2259 594 καὶ
2295 543 2456 596 αὑτὸν
2501 543 2600 613 μὲν
2629 544 2985 614 τρανέστερον
3034 542 3324 614 κηρύττειν
3353 541 3500 608 Θεὸν,

1939 634 2080 686 κατὰ
2129 634 2295 704 μέρος
2319 635 2395 698 δὲ,
2447 636 2583 704 πρὸς
2633 635 2729 705 τὴν
2773 635 3000 705 δύναμιν
3040 636 3144 688 τῶν
3181 635 3497 704 δεχομένων,

1938 726 2189 795 ἐχορήγει
2219 724 2380 776 πάλιν
2428 725 2642 795 ἡσύχως
2679 724 2776 794 τὴν
2818 726 2943 795 περὶ
2985 725 3078 778 τοῦ
3131 725 3287 792 ἁγίου
3340 724 3500 776 Πνεῦ-

1941 832 2106 884 ματος
2147 815 2365 883 γνῶσιν.
2402 817 2523 878 Τοῖς
2573 815 2679 886 γὰρ
2713 816 2835 887 ἄρτι
2889 815 3239 886 κεκλημένοις
3273 818 3353 878 εὶς
3386 815 3498 868 ὲπί-

1937 922 2134 972 γνωσιν
2184 905 2460 978 ἀληθείας,
2513 908 2607 960 καὶ
2655 907 2754 958 οὐκ
2808 907 3028 977 ἐντριϐἧ
3071 909 3183 970 τοῖς
3234 908 3321 959 ἐπ’
3370 907 3501 978 αὐτῇ

1938 995 2281 1067 θεωρήμασιν
2326 997 2422 1068 τὴν
2466 997 2698 1052 διάνοιαν
2735 998 2966 1068 ἔχουσιν,
2997 998 3360 1068 δυσπρόσιτος
3395 1014 3503 1060 πως

1937 1079 2073 1138 εἶναι
2102 1086 2270 1139 ἐδόκει
2313 1085 2550 1156 ήτοιάδε
2594 1086 2897 1157 τελεωτάτη
2942 1085 3142 1147 πίστις.
3193 1085 3306 1137 Καὶ⁸
3345 1084 3399 1136 τί
3431 1084 3506 1136 δεῖ

1936 1177 2063 1246 περὶ
2109 1175 2296 1229 τούτου
2328 1177 2622 1247 διαπορεῖν,
2668 1176 2888 1246 ἔχοντας
2932 1178 3010 1238 είς
3061 1173 3336 1238 ἀπόδειξιν
3384 1175 3505 1238 τοὺς

1935 1268 2065 1337 περῖ⁹
2092 1267 2152 1320 τὸ
2188 1269 2316 1339 χάος
2361 1267 2511 1320 κάτω
2557 1267 2894 1329 νενευκότας,
2927 1267 3019 1318 καὶ
3061 1266 3164 1328 ἓως
3201 1266 3304 1334 τῆς
3351 1265 3504 1335 δεῦρο

1940 1359 2071 1429 μηδὲ
2109 1362 2174 1429 τῇ
2217 1359 2431 1429 θεότητι
2472 1358 2565 1411 τοῦ
2597 1357 2932 1426 Μονογενοῦς
2975 1358 3362 1420 πιστεύοντας;
3399 1357 3504 1410 Οὐκ

1935 1451 2224 1520 ἀμάρτυρα
2259 1450 2313 1502 δὲ
2352 1449 2523 1502 ταῦτα
2569 1448 2777 1512 Παῦλος
2809 1450 2969 1509 ποιεῖ,
3010 1448 3234 1517 γράφων
3313 1449 3506 1516 Κοριν-

1935 1540 2068 1602 θίοις
2098 1540 2195 1610 μὲν
2220 1540 2280 1593 τὸ
2309 1539 2522 1611 πρῶτον
2541 1558 2553 1570 ·
2592 1559 2610 1590 t
2636 1538 2824 1608 Κάγὼ,
2852 1538 3090 1606 ἀδελφοὶ,
3113 1539 3212 1590 οῦκ
3237 1537 3506 1608 ἠδυνήθην

1935 1631 2159 1703 λαλῆσαι
2195 1632 2321 1701 ὑμῖν
2350 1633 2424 1694 ὡς
2471 1632 2874 1699 πνευματικοῖς,
2926 1630 3040 1682 ἀλλ’
3079 1629 3154 1692 ὡς
3193 1631 3501 1700 σαρκικοῖς.

275 1717 403 1770 thiis
456 1719 672 1785 quidem
736 1720 786 1772 in
845 1721 1016 1790 prima
1078 1722 1314 1791 Epistola
1364 1696 1686 1795 scripserit:
1723 1747 1741 1779 ι
1772 1729 1837 1784 Ει

2018 1739 2036 1784 ς
2079 1721 2305 1790 νηπίους
2333 1722 2388 1773 ὲν
2418 1720 2636 1790 Χριστῷ
2685 1719 2824 1788 γάλα
2865 1719 3006 1788 ὑμᾶς
3038 1719 3284 1779 ἐπότισα,
3318 1719 3414 1770 καὶ
3446 1720 3500 1770 οὐ

275 1823 371 1877 ego
403 1808 538 1879 (l0),
565 1809 782 1877 fratres,
815 1828 923 1866 non
974 1816 1120 1882 potui
1180 1815 1324 1884 loqui
1357 1819 1508 1871 vobis
1542 1820 1693 1887 quasi
1728 1821 1840 1889 Spi-

275 1900 574 1964 ritualibns,
609 1903 701 1955 sed
737 1905 892 1969 quasi
941 1907 1246 1962 carnalibus
1289 1926 1303 1960 :
1339 1918 1590 1979 tanquam
1627 1911 1838 1967 infanti-

275 1992 372 2044 bus
404 1989 514 2061 (Η)
543 1994 594 2046 in
623 1992 861 2058 Christo,
918 1995 1004 2052 lac
1053 1999 1204 2052 vobis
1265 2010 1446 2068 potum
1483 2003 1623 2066 dedi,
1647 2012 1702 2056 et
1731 2021 1837 2059 non

275 2096 448 2134 escam
476 2099 491 2146 ;
527 2083 760 2136 nondum
790 2085 931 2140 enim
964 2091 1266 2155 poteratis:
1296 2094 1392 2146 sed
1437 2107 1508 2147 ne
1539 2109 1680 2149 nunc
1717 2097 1836 2164 qui-

275 2173 391 2226 dem
444 2174 556 2245 (1‘2)
605 2178 780 2232 adhuc
840 2183 1094 2247 potestis;
1150 2183 1325 2238 adhuc
1395 2187 1540 2240 enim
1595 2189 1839 2244 carnales

276 2265 441 2329 estis;
473 2283 490 2316 ι
520 2269 585 2318 ad
616 2267 866 2324 Hebraeos
897 2287 1061 2326 vero:
1097 2292 1115 2324 ι
1149 2275 1353 2329 Etenim
1389 2277 1503 2347 (15)
1534 2293 1652 2332 cum
1677 2281 1841 2334 debe-

279 2355 407 2409 retis
438 2370 562 2410 esse
590 2359 833 2426 magistri
894 2372 1112 2431 propter
1161 2373 1390 2434 tempus,
1442 2356 1653 2421 rursum
1699 2371 1839 2424 indi-

277 2447 415 2515 getis
440 2458 497 2500 ut
530 2449 855 2515 doceaniini,
886 2468 1005 2522 qua:
1035 2455 1142 2508 sint
1179 2457 1442 2511 elementa
1473 2460 1675 2514 exordii
1718 2477 1839 2515 ora-

277 2537 516 2592 culorum
552 2539 641 2593 Dei
671 2557 686 2604 ;
741 2551 798 2595 et
832 2541 958 2597 facti
1019 2548 1151 2599 estis
1202 2547 1502 2617 indigentes
1534 2550 1694 2616 lacte,
1730 2567 1838 2607 non

277 2628 446 2681 solido
473 2629 584 2700 (14)
608 2632 756 2686 cibo:
786 2635 960 2689 omnis
1019 2640 1297 2708 enim,qni
1361 2640 1516 2696 laetis
1559 2655 1641 2697 est
1675 2647 1842 2714 parti-

278 2733 426 2786 ceps,
458 2735 652 2787 expers
683 2731 768 2775 est
793 2728 1060 2781 sermonis
1083 2726 1338 2796 justitiae;
1366 2731 1544 2788 infans
1560 2736 1701 2789 enim
1726 2746 1836 2792 est:

279 2806 639 2874 perfectorum
693 2822 868 2866 autem
901 2824 982 2868 est
1031 2815 1235 2870 solidus
1287 2816 1462 2881 cibus,
1502 2834 1708 2886 eorum,
1746 2823 1838 2891 qui

279 2907 495 2966 propter
520 2900 755 2954 habitum
809 2917 1002 2957 sensus
1045 2905 1369 2961 exercitatos
1418 2910 1615 2963 habent
1645 2911 1710 2964 ad
1735 2912 1841 2965 dis-

280 2990 566 3043 cretionem
607 2991 729 3046 boni
787 3002 840 3046 et
894 2995 1040 3049 mali.
1081 3015 1099 3046 ι
1148 2997 1352 3053 Sullicit
1401 3015 1529 3070 ergo
1580 3003 1737 3056 Pater
1767 3003 1842 3056 in-

280 3078 470 3146 quiens
493 3081 666 3148 ipsum
705 3082 961 3150 Spiritum
985 3099 1102 3140 esse
1126 3088 1206 3140 sui
1239 3089 1424 3156 ipsius,
1456 3106 1647 3160 nempe
1673 3092 1840 3162 ipsius

280 3170 477 3225 Patris.
511 3170 716 3227 Sut‘licit
749 3175 910 3228 etiam
940 3175 1126 3241 Filius,
1158 3179 1248 3246 qui
1279 3195 1372 3247 per
1417 3197 1580 3235 unum
1625 3184 1838 3252 quidem

280 3279 495 3324 nomen.
529 3267 622 3318 sed
658 3280 753 3333 per
790 3276 898 3320 tres
934 3283 1084 3336 aeque
1140 3269 1480 3326 honorandus
1509 3274 1842 3344 'hypostases

280 3371 489 3409 onmem
527 3366 790 3410 terrarum
820 3359 1002 3413 orbem
1037 3360 1088 3413 in
1145 3362 1344 3415 unitate
1376 3363 1495 3418 ﬁdei
1529 3369 1840 3437 congregari

278 3449 456 3509 Iussit.
491 3446 548 3501 Si
589 3450 730 3501 enim
776 3447 955 3504 Patris
1000 3467 1193 3507 nomen
1242 3464 1326 3508 est
1380 3453 1556 3521 Deus,
1602 3460 1842 3526 profecto

279 3539 416 3604 quod
445 3547 530 3594 est
554 3538 718 3593 Pater
756 3541 871 3609 (qui
913 3558 1102 3613 nempe
1129 3555 1212 3598 est
1251 3545 1435 3614 Deus),
1463 3547 1512 3600 id
1566 3550 1735 3617 ipsum
1766 3560 1847 3605 est

281 3632 438 3680 etiam
491 3646 611 3686 cum
648 3631 842 3694 Filius,
897 3641 1008 3687 tum
1072 3646 1292 3690 sanctus
1349 3637 1439 3692 Dei
1486 3638 1739 3708 Spiritus,
1784 3651 1841 3696 ut

281 3721 624 3790 perspicuum
653 3733 756 3778 est.
785 3723 838 3778 ld
872 3725 1143 3781 declarant
1163 3729 1432 3798 seraphini
1456 3745 1690 3800 quoque,
1717 3748 1836 3786 cum

282 3823 362 3868 ter
405 3815 610 3880 dicunt,
646 3833 664 3866 t
693 3814 944 3882 Sanctus,
973 3835 992 3868 ι
1032 3827 1087 3871 et
1117 3818 1306 3885 semel,
1368 3837 1387 3870 ι
1424 3821 1702 3874 Dominus.
1727 3839 1744 3872 ι
1784 3822 1846 3877 Et

283 3903 428 3967 alibi,
483 3920 589 3958 non
631 3904 771 3961 aliud
827 3921 986 3977 quam
1027 3909 1128 3963 hoc
1177 3910 1347 3978 ipsum
1398 3910 1595 3964 docens
1653 3910 1840 3978 Filius,

285 3995 464 4048 aiebat
494 3994 564 4050 de
593 4011 652 4050 se
707 3997 823 4066 ipso
861 3999 1076 4065 quidem
1113 4000 1242 4066 illis,
1282 4002 1370 4070 qui
1405 4003 1452 4057 ei
1503 4019 1607 4057 non
1658 4006 1844 4059 crede-

285 4095 412 4140 bant
438 4096 685 4156 tanquam
719 4103 846 4142 vero
872 4090 981 4144 Deo
1017 4107 1029 4142 :
1059 4109 1078 4142 ι
1102 4089 1212 4162 Ego
1243 4091 1355 4164 (15)
1386 4093 1440 4147 in
1491 4094 1706 4150 nomine
1732 4093 1839 4150 Pa‘

289 4262 460 4334 inod_is
505 4263 700 4332 accipit
733 4265 1006 4333 theologus
1030 4275 1255 4334 noster;
1302 4282 1424 4322 nam
1467 4268 1508 4334 l,
1552 4269 1698 4324 illum
1744 4271 1832 4328 hic

287 4333 350 4384 de
395 4331 571 4391 Patre,
609 4331 882 4405 quisolus
915 4331 972 4389 in
1012 4332 1191 4389 Judma
1235 4331 1704 4405 cognitusfuerit,
1749 4343 1833 4394 in-

288 4384 756 4479 terpretatur:
771 4384 1338 4479 superi-usfigulum?!
1367 4425 1420 4471 a,
1466 4410 1544 4462 sic
1588 4384 1836 4479 accipere
1867 4384 1913 4442 θ

289 4472 632 4549 ξυιίμειιιΓ-,ήιιι
689 4491 721 4549 ε*
753 4483 949 4549 mittis;
1007 4472 1160 4528 idenf
1194 4477 1292 4540 sit,
1344 4486 1505 4546 atque
1555 4472 1840 4549 ἐπιφανής.

289 4539 375 4593 Ill.
410 4541 463 4593 In
500 4540 636 4594 libro
681 4541 755 4596 De
794 4541 992 4604 Spiritu
1039 4555 1220 4598 sancto
1272 4539 1506 4600 numill
1541 4565 1554 4601 :
1594 4566 1611 4598 ι
1641 4539 1838 4603 Christi

289 4625 508 4687 nomen,
546 4611 750 4687 inquit,
790 4613 1094 4687 beneolens,
1141 4626 1265 4669 ante
1300 4619 1582 4687 adventum
1626 4619 1739 4687 ejus
1791 4621 1841 4672 in

289 4678 401 4751 solo
439 4677 650 4734 lsraelis
685 4683 880 4751 populo
915 4685 1245 4749 versabatur,
1293 4687 1444 4751 quasi
1477 4677 1673 4740 Judma':
1717 4703 1841 4741 vase

292 4748 596 4821 inclusum;
636 4769 654 4800 ι
685 4748 850 4804 Notus
878 4768 898 4803 ι
951 4756 1126 4814 enim,
1176 4748 1270 4817 ait,
1310 4748 1328 4804 ἆ
1363 4755 1412 4806 in
1451 4753 1635 4810 Judtea
1680 4757 1843 4821 Dens,

293 4818 344 4869 in
418 4816 578 4893 Israel
621 4837 869 4893 maguum
923 4838 1114 4876 nomen
1145 4825 1276 4893 ejus.
1303 4843 1320 4874 ι
1363 4824 1584 4878 Demum
1623 4827 1672 4879 itt
1701 4816 1848 4880 com;

221 4909 225 4912 ·
292 4888 573 4964 menturiis
611 4891 663 4942 in
694 4889 934 4964 Psalmos
957 4895 1034 4964 ad
1090 4888 1230 4945 hunc
1280 4895 1453 4946 locum
1498 4896 1652 4948 doret
1702 4913 1846 4964 γνω-

294 4956 416 5032 στόν
455 4957 557 5032 dici
592 4975 693 5012 nou
727 4960 880 5032 modo
917 4962 966 5013 id
1001 4964 1140 5029 quod
1173 4964 1536 5032 cognoscitur,
1564 4968 1654 5018 sed
1686 4956 1843 5019 etiam

296 5026 348 5078 id
388 5029 526 5100 (ψοά
557 5031 807 5098 cognosci
851 5026 1042 5097 potest,
1077 5034 1207 5084 adeo
1237 5026 1293 5085 ut
1319 5034 1557 5100 γνωστόν
1592 5035 1660 5088 sit
1684 5037 1844 5088 etiam

267 5095 434 5170 'quod
468 5095 765 5170 ignoratur,
793 5095 1050 5170 siinotum
1083 5101 1196 5154 ﬁeri
1227 5095 1382 5170 queat
1419 5121 1431 5154 :
1471 5114 1578 5155 tum
1623 5105 1798 5158 subdit
1830 5123 1843 5158 :

295 5163 540 5246 ξνωοτοῦ
591 5167 794 5246 τοίνυν.
827 5167 1036 5246 οὕτως-
1063 5170 1214 5235 ὄντος
1246 5163 1342 5246 ’ὲνΔ
1370 5175 1435 5242 τῇ
1481 5173 1713 5246 Ἰουδαίᾳ
1752 5174 1847 5227 τοῦ

296 5232 452 5295 Θεοῦ,
474 5235 713 5315 ’κτιτηλη
745 5239 795 5315 id
825 5249 926 5315 est,
951 5257 968 5289 ι
999 5240 1132 5315 Qui"
1168 5232 1296 5311 ergo
1331 5232 1582 5298 ita'iiotus
1609 5232 1724 5315 (seu
1754 5260 1846 5298 co-

298 5303 634 5375 gnoscibilis)
668 5307 720 5358 in
760 5305 942 5375 Judaea
974 5309 1044 5362 sit
1075 5303 1274 5372 ΒουεῘ»
1311 5323 1415 5366 etc.

371 5372 482 5440 (10)
514 5372 746 5442 Et'ego.
805 5374 821 5427 I
874 5376 997 5429 Cor.
1056 5395 1146 5437 ttt.
1209 5381 1318 5433 1-5.
1385 5380 1570 5436 Graeca
1639 5383 1845 5439 editio:

299 5443 417 5520 Καί
435 5441 568 5520 exibi
597 5441 832 5514 ἀδελφοὶ,
856 5445 954 5520 οὐκ
980 5447 1264 5520 ἠδυνήθην,
1291 5468 1346 5504 κ.
1372 5467 1423 5504 τ.
1449 5451 1495 5504 λ.

373 5513 484 5584 (li)
529 5513 796 5585 Tanquam
854 5513 1160 5583 infantibus:
1200 5513 1397 5574 'Graeca
1459 5521 1621 5576 editio
1688 5521 1846 5576 dandi

301 5597 428 5657 casn
465 5585 633 5657 habet
654 5584 732 5646 ὡς
761 5585 1003 5657 νηπίοις·
1040 5604 1159 5656 quae
1209 5592 1427 5657 proinde
1473 5594 1628 5644 verba
1667 5593 1734 5644 ibi
1781 5594 1846 5646 ad

308 5653 525 5708 verbum
559 5672 579 5707 ι
624 5655 763 5726 loqui
802 5653 821 5707 ί
861 5653 1069 5714 referre
1093 5653 1310 5744 necgjssc
1347 5671 1451 5716 est.
1493 5669 1562 5718 At
1595 5662 1848 5738 Didymus

1939 1811 2164 1883 βρῶμα·
2213 1811 2364 1864 οὔπω
2424 1812 2531 1882 γὰρ
2581 1809 2881 1881 ἠδύνασθεο
2932 1809 3047 1862 ἀλλ’
3104 1808 3226 1861 οὐδὲ
3281 1809 3362 1861 ἔτι
3413 1809 3501 1861 νῦν

1935 1900 2189 1954 δύνασθεο
2225 1900 2303 1953 ἔτι
2336 1900 2443 1972 γὰρ
2474 1900 2721 1971 σαρκικοί
2754 1900 2875 1952 ἐστε
2898 1916 2911 1929 ’
2939 1919 2957 1951 ι
2995 1897 3268 1968 Ἑϐραίοις
3301 1898 3424 1969 [liii
3449 1897 3500 1969 ὁ]

1937 1991 2023 2044 δέ’
2061 2011 2077 2042 ι
2109 1993 2217 2045 Καὶ
2250 1992 2356 2063 γὰρ
2404 1993 2708 2060 ὀφείλοντες
2758 1986 2894 2043 εἶναι
2927 1990 3236 2043 διδάσκαλοι
3282 1990 3373 2044 διὰ
3415 1990 3500 2042 τὸν

1937 2081 2144 2152 χρόνον,
2182 2081 2342 2134 πάλιν
2375 2081 2562 2152 χρείαν
2591 2080 2742 2150 ἔχετε
2770 2079 2862 2132 τοῦ
2886 2080 3154 2132 διδάσκειν
3186 2081 3356 2150 ὑμᾶς.
3385 2080 3504 2131 τίνα

1936 2173 2004 2226 τὰ
2046 2176 2282 2243 στοιχεῖα
2324 2173 2422 2242 τῆς
2470 2174 2642 2243 ἀρχῆς
2687 2173 2794 2224 τῶν
2827 2172 3018 2240 λογίων
3066 2172 3158 2224 τοῦ
3210 2170 3382 2223 Θεοῦο
3419 2172 3507 2223 καὶ

1938 2265 2200 2331 γεγόνατε
2236 2265 2424 2334 χρείαν
2455 2263 2668 2333 ἔχοντες
2705 2263 2994 2331 γάλακτος,
3030 2262 3088 2313 οῦ
3123 2262 3351 2332 στερεᾶς
3395 2277 3509 2330 τρο-

1940 2357 2063 2425 φῆς,
2092 2355 2205 2417 Πᾶς
2239 2355 2346 2425 γὰρ
2387 2356 2415 2406 ό
2463 2352 2704 2423 μετέχων
2754 2354 3042 2420 γάλακτος,
3090 2351 3317 2421 ἄπειρος
3349 2349 3507 2416 λόγου

1937 2445 2312 2515 δικαιοσύνηςο
2343 2446 2533 2515 νήπιος
2579 2444 2686 2515 γάρ
2729 2445 2878 2496 ἐστι·
2927 2442 3146 2494 τελείων
3183 2441 3240 2493 δέ
3284 2443 3433 2492 ἐστιν
3475 2441 3509 2509 ἡ

1940 2537 2133 2607 στερεὰ
2165 2535 2359 2608 τρορὴ,
2399 2535 2507 2589 τῶν
2536 2534 2626 2588 διὰ
2656 2535 2754 2605 τὴν
2790 2534 2904 2600 ἓξιν
2935 2535 3002 2586 τὰ
3045 2534 3374 2602 αἰσθητήρια
3417 2547 3510 2599 γε·

1937 2628 2293 2698 γυμνασμένα
2343 2628 2571 2697 ἐχόντων
2609 2627 2748 2694 πρὸς
2778 2626 3046 2696 διάκρισιν
3102 2621 3267 2675 καλοῦ
3310 2639 3371 2674 τε
3412 2621 3509 2674 καὶ

1940 2719 2130 2771 κακοῦ.
2162 2737 2179 2768 ι
2231 2719 2414 2789 Ἀρκεῖ
2452 2713 2542 2770 οὖν
2575 2717 2603 2768 ὁ
2641 2716 2852 2788 Πατὴρ,
2891 2715 3060 2783 λέγων
3103 2715 3330 2784 Πνεῦμα
3371 2710 3511 2766 εἶναι

1940 2809 2071 2863 αὐτὸ
2113 2808 2342 2861 ἑαυτοῦ’
2391 2810 2552 2880 ἀρκεῖ
2600 2809 2655 2862 δὲ
2707 2807 2801 2862 καὶ
2845 2809 2873 2859 ό
2912 2807 3073 2868 Υἱὸς,
3123 2805 3388 2866 θεσπίσας
3442 2804 3508 2856 δι’

1942 2900 2057 2963 ἑνὸς
2091 2900 2187 2970 μὲν
2218 2899 2500 2969 ὀνόματος,
2530 2899 2694 2970 τριῶν
2726 2899 2782 2951 δὲ
2829 2897 3174 2950 ὑποστάσεων
3207 2896 3510 2965 ὁμοτίμων,

1943 2994 2120 3045 πᾶσαν
2159 2992 2257 3061 τὴν
2295 2991 2618 3061 οἰκουμένην
2652 2993 2731 3054 εἰς
2789 2992 3015 3059 ἑνότητα
3042 2987 3375 3056 ’συνάγεσθαι
3423 2987 3513 3038 πί-

1945 3099 2132 3145 στεως.
2164 3083 2224 3134 El
2257 3080 2364 3152 γὰρ
2389 3081 2480 3134 τοῦ
2511 3081 2722 3152 Πατρὸς
2754 3081 2813 3133 τὸ
2841 3081 3010 3149 ὄνομα
3038 3079 3168 3142 Θεός
3190 3096 3204 3108 ’
3240 3075 3299 3130 εὖ
3326 3077 3510 3146 δῆλον,

1945 3173 2038 3236 ὡς,
2081 3174 2214 3244 ὅπερ
2261 3173 2407 3226 ἐστὶν
2436 3175 2463 3225 ό
2501 3173 2689 3242 Πατὴρ
2734 3169 2898 3240 (τοῦτ’
2928 3170 3072 3222 ἔστιν
3121 3166 3308 3236 Θεὸς),
3353 3168 3514 3219 τοῦτο

1947 3265 2233 3336 ὑπάρχειὸ
2271 3281 2330 3316 τε
2375 3263 2500 3326 Υἱὸς
2539 3263 2602 3314 τό
2652 3280 2713 3314 τε
2759 3263 2910 3330 ἆγιον
2960 3260 3181 3330 Πνεῦμα
3217 3257 3312 3311 τοῦ
3348 3256 3511 3311 Θεοῦ.

1949 3357 2124 3427 Ὅπερ
2190 3356 2284 3409 καὶ
2345 3353 2414 3407 τὰ
2477 3354 2719 3424 σεραφὶμ
2779 3353 2959 3424 δηλοῖ,
3023 3352 3247 3420 λέγοντα
3302 3350 3512 3420 τρίτον,

1949 3447 2220 3516 ‹”Αγιος,›
2269 3447 2360 3500 καὶ
2389 3445 2554 3511 ἅπαξ,
2591 3465 2608 3496 t
2639 3444 2913 3516 deto;.r
2936 3445 3042 3497 Kal.
3072 3441 3296 3515 ἑτέρωθι
3319 3442 3376 3495 δὲ
3410 3443 3514 3494 οῦκ

1941 3541 2084 3603 ἄλλο,
2127 3539 2160 3610 ἢ
2203 3537 2360 3591 τοῦτο
2413 3537 2693 3599 διδάσκων,
2735 3535 2916 3603 ἔλεγεν
2961 3537 2988 3588 ὁ
3033 3535 3191 3596 Υἱὸς,
3235 3535 3364 3603 περί
3411 3533 3516 3602 μὲν

1943 3629 2135 3684 ἑαυτοῦ
2189 3631 2301 3691 τοῖς
2360 3628 2433 3698 μὴ
2488 3626 2830 3679 πιστεύουσιν
2883 3625 3048 3695 αὐτῷ,
3089 3625 3164 3688 ὡς
3215 3623 3336 3694 Θεῷ
3372 3625 3514 3693 άλη·

1942 3719 2103 3790 θινῷο
2141 3739 2158 3770 ι
2197 3717 2338 3786 Ἐγὼ
2378 3719 2434 3770 ἐν
2475 3717 2552 3787 τῷ
2595 3716 2815 3786 ὀνόματι
2859 3715 2952 3769 τοῦ
2994 3716 3203 3786 Πατρός
3239 3733 3339 3785 μου
3383 3715 3514 3786 ἐλή-

1941 3810 2076 3864 λυθα
2123 3809 2285 3882 (τοῦτ’
2313 3808 2458 3861 ἐστιν
2507 3806 2638 3870 Θεὸς
2689 3807 2946 3874 τοιοῦτος,
2980 3802 3090 3870 οἷος
3133 3807 3381 3873 ἐκεῖνος),
3418 3807 3516 3860 καὶ

1940 3898 1998 3950 οὐ
2033 3896 2334 3967 λαμϐάνετέ
2369 3913 2436 3966 με
2486 3896 2625 3966 (ἀντὶ
2661 3896 2778 3960 τοῦ,
2814 3897 2874 3949 οῦ
2906 3895 3185 3950 πιστεύετέ
3226 3895 3370 3965 μοι)’
3416 3895 3517 3950 ἐὰν

1938 3987 2094 4051 ἄλλος
2121 3986 2245 4057 ἔλθῃ
2271 3988 2328 4039 ὲν
2349 3985 2426 4056 τῷ
2453 3986 2675 4056 ὀνόματι
2700 3984 2778 4055 τῷ
2798 3985 2930 4055 ἰδίῳ,
2967 3986 3170 4038 ἐκεῖνον
3192 3983 3430 4055 λήψεσθε
3446 4000 3461 4013 ·
3490 4002 3509 4034 ι

1936 4078 2025 4130 τὸν
2078 4077 2436 4147 Ἀντίχριστον
2489 4075 2859 4147 ὑπεμφαίνων.
2915 4077 3049 4148 Περὶ
3098 4077 3153 4130 δὲ
3207 4075 3302 4128 τοῦ
3351 4075 3515 4143 ἁγίου

1938 4282 2129 4344 quarto
2157 4288 2282 4328 casu
2323 4273 2490 4344 habet
2513 4273 2588 4337 ὡς
2638 4274 2890 4344 νηπίους,
2950 4274 3171 4344 ideoque
3221 4275 3514 4331 referenda

1942 4343 2055 4396 hmo
2090 4355 2215 4396 sunt
2259 4343 2336 4414 ad
2388 4357 2631 4414 sequens
2657 4343 2877 4397 verbum
2926 4343 3189 4406 ἐπότισα,
3238 4346 3380 4414 quod
3429 4355 3519 4400 est

1951 4413 2334 4482 «ροιίοηονί,ι
2398 4413 2724 4482 utiquidam
2780 4424 2982 4467 veteres
3039 4415 3357 4481 loquuntur,
3413 4430 3518 4470 seu

1951 4499 1981 4553 ι
2000 4481 2179 4550 potum
2211 4483 2353 4536 dedi.
2385 4500 2404 4534 ι
2445 4481 2598 4537 Hune
2641 4497 2856 4536 sensum
2887 4484 3106 4538 exhibet
3135 4483 3363 4553 Vulgata
3404 4483 3520 4539 La-

1949 4551 2057 4604 tina
2090 4553 2279 4604 etlilio.

2016 4621 2127 4690 (12)
2173 4620 2253 4674 Ne
2285 4619 2686 4690 nttncﬂquidem.
2718 4620 2904 4675 Greca
2933 4622 3045 4687 ed.,
3071 4619 3196 4674 οὗτε
3227 4621 3330 4675 ἔτι.

2015 4689 2124 4759 (15)
2169 4691 2392 4759 Etenim.
2411 4689 2596 4759 Hebr.
2615 4704 2668 4752 ν,
2694 4691 2876 4744 1244.

2017 4757 2127 4829 (lt)
2171 4757 2292 4830 Non
2341 4758 2528 4830 solido.
2569 4757 2752 4830 Graeca
2795 4761 2976 4826 editio,
3006 4760 3101 4812 καὶ
3145 4759 3206 4812 οὐ
3252 4760 3514 4830 στερεᾶς.

1947 4826 2213 4898 νιιιςτιίυε
2239 4827 2493 4898 int._legit
2523 4839 2581 4880 ut
2612 4829 2889 4898 Didymus.

2019 4894 2127 4968 (l5)
2173 4896 2302 4966 Ego.
2337 4894 2490 4949 .loa'n.
2521 4913 2573 4968 vi,
2604 4894 3108 4968 45:'Argumentum
3136 4911 3298 4964 porro
3334 4913 3398 4950 ex
3427 4912 3518 4968 ,ea

1946 4965 2235 5030 locutione,
2273 4984 2292 5016 ι
2323 4968 2374 5018 in
2421 4967 2635 5019 nomine
2672 4965 2865 5028 Patris,
2894 4985 2911 5017 ι
2955 4977 3081 5030 aut,
3139 4984 3156 5015 ι
3185 4969 3237 5018 in
3286 4967 3521 5020 nomine

1947 5035 2090 5099 Filii,
2119 5055 2137 5088 ι
2175 5039 2471 5089 derivatum
2517 5036 2696 5090 attulit
2742 5037 2902 5088 etiam
2954 5037 3006 5088 in
3053 5037 3144 5089 hb.
3195 5033 3269 5088 De
3303 5034 3520 5098 Spiritu

1949 5116 2148 5167 sancto,
2198 5122 2344 5157 tnnn.
2374 5104 2486 5158 50:
2526 5122 2544 5154 ι
2574 5104 2830 5174 Spiritum
2870 5117 3159 5174 sanctum,
3211 5105 3424 5173 inquit,
3484 5122 3518 5159 a

1949 5175 2105 5229 Patre
2136 5177 2186 5228 in
2226 5190 2324 5226 suo
2356 5175 2490 5227 mitti
2527 5173 2761 5239 nomine,
2793 5173 3039 5228 Salvator
3087 5175 3338 5236 allii-mat,
3381 5188 3519 5228 cum

1949 5245 2162 5313 proprie
2195 5244 2488 5297 Salvatoris
2541 5259 2731 5297 nomen
2778 5245 2850 5298 sit
2895 5242 3134 5300 «Filius:
3164 5261 3183 5294 ι
3239 5243 3521 5311 siquidem

1951 5326 2153 5368 naturae
2197 5317 2546 5374 consortium.
2592 5322 2673 5378 et,
2725 5323 2780 5366 ttt
2830 5314 2903 5382 ita
2956 5314 3163 5376 dicam,
3206 5315 3526 5382 proprietas

1950 5383 2136 5455 [codex
2168 5391 2341 5435 noster
2379 5383 2463 5455 hic
2522 5383 2694 5446 addit,
2731 5381 3257 5455 ipsajpersonarum
3298 5381 3376 5455 ex‘
3405 5383 3524 5436 ista

1948 5448 2081 5508 voce
2129 5455 2388 5522 signatur.
2422 5452 2477 5506 ln
2510 5468 2611 5521 qua
2645 5448 2997 5521 appellatione
3044 5470 3060 5500 ι
3100 5451 3219 5506 Filii
3243 5469 3264 5503 ι
3305 5451 3525 5522 missus

1950 5540 1978 5576 a
2029 5520 2202 5577 Patre
2234 5520 2467 5590 Spiritus
2514 5520 2752 5584 sanctus,
2800 5537 2903 5574 non
2961 5536 3167 5590 servus,
3210 5535 3318 5572 non
3367 5520 3530 5575 alius

1952 5593 2164 5666 [regiius
2193 5588 2587 5666 ςοᾱεαξληοειεν,
2631 5607 2732 5666 non
2771 5588 3530 5666 alienus],-necudisjunctgs

1952 5658 1981 5717 it
2028 5662 2162 5720 Filio
2209 5662 2536 5732 intelligatur
2569 5661 2755 5733 [codex
2791 5658 2996 5729 noster;
3031 5658 3394 5732 intelligitur].
3453 5659 3533 5716 Et
