3676 6320
275 277 378 330 733

1519 276 1754 332 DIDYMI
1790 277 2263 334 ALEXANDRIM

3414 288 3507 344 756

269 397 457 466 Neque
481 409 609 451 vero
641 405 713 450 att
744 413 756 452 :
785 395 840 450 lu
875 395 1075 453 lsracie
1105 398 1248 462 solo;
1283 411 1414 453 «nec
1453 398 1597 454 enim
1633 399 1744 471 (29)
1771 415 1806 456 ε)

1984 419 2048 454 μον
2076 401 2247 471 ονομα.
2297 400 2576 470 δεδομένον
2617 400 2720 453 ὑπὸ
2747 401 2837 454 τὸν
2877 403 3125 474 οὐρανὸν,
3156 407 3210 458 ὲν
3239 423 3284 474 ῳ
3312 405 3389 460 δεῖ
3416 426 3510 464 σω-

271 489 418 543 aliud
457 503 652 542 nomen
693 489 879 544 datum
917 489 1016 545 sub
1047 491 1206 555 caelo,
1251 491 1302 544 in
1344 505 1451 560 quo
1480 492 1847 560 oporteatsal-

273 596 368 635 vos
409 581 547 634 ﬁeri.
615 599 635 631 ι
682 580 974 637 Zacharias
1009 592 1188 638 autem
1248 582 1327 638 sic
1377 581 1617 652 loquitur
1661 602 1673 637 :
1719 602 1738 634 ι
1784 584 1850 638 Ει

275 678 379 728 crit
411 673 522 746 (50)
551 674 812 730 Dominus
865 677 917 730 in
964 691 1142 746 regem
1185 692 1348 746 super
1381 693 1595 731 omnem
1645 689 1845 734 terram

275 766 329 820 in
362 767 448 821 die
503 766 613 822 illa.
667 767 782 821 Erit
846 767 1122 833 Dominus,
1161 769 1418 823 Dominus
1470 769 1758 840 (5|)unus,
1793 782 1849 826 et

277 870 473 909 nomen
497 856 612 924 ejus
654 873 815 909 unum
857 858 1183 912 circumiens
1228 858 1341 927 ('59.)
1397 876 1610 913 onmem
1650 871 1846 915 terram

276 959 334 1004 et
366 952 671 1015 desertum;
713 971 731 1002 ι
762 960 816 1005 ει
848 967 1033 1006 rurS'!S
1086 968 1243 1007 sacer
1275 953 1520 1008 Psaltes:
1587 974 1606 1005 ι
1640 955 1846 1009 Erube-

277 1055 433 1097 srant
471 1045 584 1114 (55)
639 1053 696 1099 ει
735 1044 1134 1098 ιοιιΐιιιιιίιιιιιιιν
1173 1045 1223 1098 in
1253 1046 1530 1112 saeculum,
1556 1057 1609 1101 ct
1649 1062 1848 1115 cogno-

276 1142 454 1197 scant,
483 1135 623 1202 quod
674 1149 868 1188 nomen
907 1134 998 1187 tibi
1034 1134 1320 1200 Dominus;
1356 1145 1410 1189 tu
1439 1150 1496 1190 es
1522 1135 1670 1190 solus
1692 1136 1849 1192 Altis-

275 1225 448 1280 simus
464 1241 624 1296 super
644 1241 855 1280 omnem
883 1235 1102 1281 terram.
1133 1245 1150 1276 ι
1185 1226 1241 1280 Si
1270 1227 1412 1281 enim
1445 1227 1568 1296 quis
1601 1229 1668 1283 ad
1688 1244 1846 1282 unam

277 1331 520 1370 seorsum
556 1317 885 1387 hypostasim
923 1319 1115 1372 referat
1145 1319 1269 1372 illud
1303 1338 1320 1370 ι
1354 1318 1494 1373 Deus
1517 1338 1564 1382 ,ι
1611 1329 1664 1372 et
1717 1319 1847 1374 illud

280 1407 679 1474 «Domintts,iet
699 1409 850 1462 illudr
865 1409 1022 1465 Solus
1041 1410 1369 1473 Altissimus,
1384 1430 1402 1462 ι
1432 1411 1651 1465 alteram
1672 1413 1850 1465 exclu-

277 1501 373 1554 dit.
411 1499 484 1553 Ex
519 1499 889 1555 naturalivero
915 1501 1262 1554 animinostri
1293 1503 1548 1565 motione,
1573 1511 1699 1555 etex
1717 1517 1848 1555 con-

277 1591 562 1645 suetudine
617 1592 953 1645 habemnsut
979 1592 1030 1644 in
1061 1593 1161 1645 hoc
1190 1593 1526 1657 iusistamus,
1563 1602 1620 1645 ut
1657 1607 1848 1660 nempe

275 1697 435 1734 unam
464 1697 748 1750 personam
793 1680 958 1736 Deum
997 1685 1359 1747 nominantes,
1417 1684 1551 1738 alias
1578 1685 1712 1738 duas
1740 1699 1846 1737 non

273 1774 641 1828 cxcludamus.
695 1773 825 1828 Cum
876 1776 1017 1828 enim
1077 1791 1334 1840 oramus,
1392 1777 1503 1832 sive
1529 1777 1842 1841 dixerimus,

280 1883 298 1916 ι
319 1863 501 1933 Kyrie,
529 1864 726 1918 eleison
751 1864 915 1936 (55),»
949 1867 1047 1920 hoc
1073 1877 1155 1921 est
1177 1868 1416 1931 Domine,
1451 1868 1840 1932 miserere,sive

273 1956 592 2022 dixerimus,
632 1976 650 2008 ‹
679 1956 838 2023 Deus,
867 1958 1182 2022 auxiliare,»
1207 1960 1320 2013 sive
1347 1959 1505 2012 ambo
1545 1959 1656 2012 haec
1682 1960 1840 2012 simul

276 2045 710 2114 pronuntiemus,
755 2063 857 2099 non
900 2051 1214 2102 aberramus
1246 2064 1273 2100 a
1309 2047 1694 2118 scopo;289
1715 2063 1835 2100 nam

278 2147 459 2190 mente
513 2146 676 2204 atque
738 2139 1086 2207 intelligentia
1123 2139 1282 2194 simul
1328 2142 1840 2209 comprehendimus

270 2239 508 2284 sanctam
541 2230 593 2284 in
624 2246 725 2284 una
764 2231 964 2286 deitate
997 2231 1351 2288 exsistentem
1375 2231 1840 2287 Trinitatem.Aut

269 2335 398 2388 ergo
453 2319 706 2374 sublimia
763 2336 860 2376 nec
900 2323 1146 2391 ambigua
1189 2320 1589 2390 Scripturarum
1618 2323 1684 2378 de
1715 2324 1841 2394 Spi—

269 2411 374 2463 ritu
416 2410 507 2465 Dei
546 2412 874 2475 testimonia,
915 2427 1034 2482 quae
1069 2413 1231 2466 allata
1268 2423 1412 2478 sunt,
1469 2418 1649 2482 pravis
1678 2424 1840 2483 atque

271 2501 604 2572 cScriptura
651 2519 754 2557 non
807 2505 990 2573 petitis
1036 2504 1382 2574 opinionibus
1440 2519 1702 2559 enervare
1733 2521 1838 2558 non

272 2602 572 2658 eonentur;
602 2603 694 2647 aut
724 2594 930 2658 dicant,
977 2609 1144 2662 quare
1175 2602 1228 2646 et
1268 2592 1366 2662 ipsi
1417 2592 1609 2646 Filium
1645 2602 1840 2646 vocent

268 2686 518 2739 similiter
553 2696 613 2740 ut
636 2701 732 2742 nos
762 2703 884 2741 eum
927 2703 1204 2750 vocamus,
1245 2695 1298 2741 et
1327 2685 1516 2748 Deum,
1541 2695 1594 2739 et
1616 2685 1837 2746 bonum,

1949 492 2160 562 Οῆναι.»
2194 492 2303 544 Καὶ
2320 491 2595 563 Ζαχαρίας
2623 493 2678 546 δὲ
2717 493 2897 560 λέγει’
2935 513 2950 544 ι
2980 494 3088 547 Καὶ
3129 495 3278 549 ἔσται
3321 497 3510 568 Κύριος

1949 587 2028 648 εἰς
2058 584 2281 655 βασιλέα
2313 585 2413 636 ἐπὶι
2437 585 2618 638 πᾶσαν
2651 584 2743 655 τὴν
2780 586 2881 656 γῆν
2917 586 2973 637 ὲν
3003 589 3068 657 τῇ
3103 587 3287 659 ἡμέρᾳ
3318 590 3510 663 ἐκείνῃ.

1953 680 2147 730 Ἔσται
2180 677 2403 748 Κύριος,
2450 676 2650 748 Κύριος
2687 672 2785 740 εἷς,
2818 678 2911 730 καὶ
2945 678 3004 730 τὸ
3035 678 3202 749 ὄνομα
3247 679 3411 732 αὐτοῦ
3439 681 3506 746 ἓν,

1949 766 2179 820 κυκλοῦν
2204 768 2384 819 πᾶσαν
2405 766 2502 836 τὴν
2529 767 2632 836 γῆν
2658 767 2750 818 κα)⁵
2778 765 2874 836 τὴν
2904 766 3106 837 ἔρημον
3125 784 3137 796 ·
3154 788 3170 818 ι
3200 768 3292 820 καὶ
3318 770 3510 825 πάλινὸ

1958 857 2298 928 Ἱεροψάλτης
2316 875 2328 888 ο
2366 857 2847 926 «Αἰσχυνοήτωσαν
2875 858 2969 910 καὶ
2995 859 3414 930 ὲντραπήτωσαν
3442 863 3509 922 εἰς

1953 950 2045 1001 τὸν
2063 947 2252 1007 αἰῶνα,
2275 947 2366 999 καὶ
2384 945 2696 1014 γνώτωσαν,
2717 947 2797 999 ὅτι
2828 947 3000 1016 ὂνομά
3029 965 3107 1000 σοι
3132 948 3335 1020 Κύριος
3354 967 3366 978 ο
3389 950 3447 1002 σὺ
3468 945 3512 1002 εἰ

1953 1036 2114 1107 μόνος
2151 1035 2410 1104 "murto;
2439 1036 2531 1088 ἐπὶ
2559 1037 2734 1088 πᾶσαν
2761 1035 2858 1107 τὴν
2889 1035 3011 1106 γῆν.
3041 1057 3060 1088 ›
3089 1036 3214 1108 [152
3237 1037 3292 1110 b]
3323 1039 3381 1090 Ei
3413 1039 3509 1112 γὰρ

1953 1129 2051 1197 μιᾷ
2073 1145 2155 1190 τις
2179 1127 2413 1199 ἁφορίσῃ
2458 1127 2748 1180 ὑποστάσει
2785 1127 2866 1194 τὺ,
2905 1147 2923 1179 ι
2958 1129 3014 1181 '0
3052 1129 3211 1192 θεὸς,
3243 1149 3261 1180 ι
3312 1131 3402 1183 καὶ
3436 1132 3507 1200 τὸ,

1957 1238 1974 1270 ι
1987 1218 2208 1289 Κύριος,
2225 1239 2238 1271 ι
2260 1219 2354 1272 καὶ
2379 1241 2395 1269 ι
2409 1219 2584 1283 Μόνος
2599 1219 2878 1289 ”Υψιστος,
2893 1238 2911 1271 ι
2934 1219 3182 1273 ἐκϐάλλει
3195 1223 3296 1293 τὴν
3309 1223 3391 1275 ἑτέ
3400 1241 3507 1295 ραν.

1949 1317 2059 1369 Καὶ
2093 1316 2199 1369 ἀπὸ
2248 1317 2347 1387 τῆς
2396 1319 2632 1387 φυσικῆς
2669 1317 2724 1369 δὲ
2767 1317 2922 1388 ἡμῶν
2975 1321 3240 1389 κινήσεως
3293 1321 3383 1372 καὶ
3423 1322 3509 1392 τῆς

1950 1406 2236 1478 συνηθείας
2293 1406 2409 1459 ἔστι
2464 1406 2639 1477 τούτῳ
2687 1407 2998 1478 ἐπιστῆναι.
3051 1409 3351 1480 Εὺχόμενοι
3392 1411 3508 1482 γὰρ,

1948 1497 2056 1550 εἴτε
2102 1499 2365 1568 εἴπωμεν,
2419 1518 2436 1549 ι
2471 1499 2662 1569 Κύριε,
2713 1498 2996 1572 ὲλέησον,ι
3037 1500 3163 1561 εἴτε,
3209 1521 3227 1554 ι
3271 1502 3330 1555 Ὀ
3370 1502 3508 1568 Θεὸς,

1950 1589 2234 1661 βοήθησον,
2261 1610 2279 1640 ι
2316 1591 2424 1643 εἴτε
2453 1593 2522 1644 τὰ
2553 1592 2961 1664 συναμφότερα,
2992 1593 3051 1646 οὐ
3082 1593 3510 1665 διαμαρτάνομεν

1947 1682 2041 1735 τοῦ
2087 1682 2321 1735 σκοποῦ·
2381 1683 2970 1754 συμπεριλαμϐάνομεν
3014 1686 3121 1756 γὰρ
3176 1686 3277 1756 τὴν
3334 1689 3389 1739 ἐν
3425 1690 3512 1760 μιᾷ

1875 1763 1920 1822 Β
1951 1773 2164 1844 Θεότητι
2217 1773 2396 1842 ἁγίαν
2445 1773 2672 1845 Τριάδα.
2713 1775 2782 1827 Ἢ
2835 1771 2928 1828 οὖν
2983 1776 3056 1847 μὴ
3113 1777 3353 1848 ἀγράφῳ
3406 1777 3511 1831 δια-

1953 1864 2193 1932 στροφῇ,
2240 1863 2341 1927 τὰς
2404 1863 2769 1933 προκειμένας
2835 1865 3195 1935 μεγαλοφυεῖς
3252 1868 3380 1937 περὶ
3429 1868 3510 1922 τοῦ

1947 1952 2264 2022 Πνεύματος
2310 1954 2403 2007 τοῦ
2443 1955 2576 2009 Θεοῦ
2626 1958 2952 2030 ἐγγράφους,
2996 1961 3088 2012 καὶ
3121 1960 3511 2029 ἀναμφιϐόλως

1945 2043 2242 2110 ἀποδείξεις
2267 2045 2503 2116 ἀκυροῦν
2556 2047 2948 2117 βιαζέσθωσαν,
3003 2049 3034 2120 ἦ
3087 2049 3395 2118 λεγέτωσαν
3431 2052 3514 2105 καὶ

1947 2136 2137 2200 αὐτοὶ,
2185 2138 2300 2201 πῶς
2348 2137 2437 2190 τὸν
2473 2139 2599 2193 Υἱὸν
2650 2139 3042 2213 παραπλησίως
3089 2141 3250 2212 ἡμῶν
3305 2142 3512 2196 καλοῦσι

1947 2227 2077 2279 Θεὸν
2123 2230 2214 2280 καὶ
2259 2231 2483 2297 ἀγαθὸν,
2531 2231 2637 2284 τῶν
2689 2233 2727 2284 Γ
2732 2233 2919 2303 ραφῶν
2971 2233 3280 2302 λεγουσῶν·
3319 2255 3338 2286 ι
3370 2229 3457 2300 Ε⁷ς
3487 2238 3512 2290 ό

1947 2319 2076 2382 Θεὸς
2101 2336 2114 2349 ·
2141 2338 2158 2370 ι
2199 2321 2320 2374 καὶ.
2371 2341 2387 2371 ι
2414 2322 2602 2386 Οὐδεὶς
2653 2324 2875 2392 ἀγαθὸς,
2921 2327 2967 2377 εἰ
3020 2324 3093 2396 μὴ
3130 2321 3210 2389 εἷς
3245 2328 3275 2380 ὁ
3314 2327 3508 2391 Θεός·;

1947 2410 1978 2479 ἢ
2039 2411 2153 2474 πῶς
2203 2414 2292 2466 τὸν
2347 2415 2564 2486 Πατέρα
2631 2415 2880 2484 λέγουσιν
2931 2416 3082 2485 ἅγιον
3141 2419 3236 2471 καὶ
3301 2419 3510 2488 Κύριον,

1947 2502 2268 2566 ἀκούοντες’
2317 2525 2335 2556 ι
2368 2500 2462 2569 Εἷς
2513 2505 2696 2575 ἅγιος,
2741 2501 2821 2570 εἷς
2872 2506 3076 2577 Κύριος
3119 2507 3332 2578 Ἰησοῦς
3391 2510 3513 2582 Χριρ

1949 2593 2146 2656 στός·ι
2195 2596 2288 2647 καὶ
2355 2596 2551 2650 πάλινο
2609 2615 2627 2649 ι
2665 2598 2721 2652 '0
2774 2598 2832 2652 δὲ
2896 2599 3100 2671 Κύριος
3163 2599 3225 2652 τὸ
3302 2601 3514 2670 Πνεῦμά

1947 2701 2115 2738 εστιν.
2145 2707 2163 2740 1
3433 2719 3454 2744 ι

268 2793 389 2833 cum
419 2778 470 2831 in
497 2779 791 2848 Scripturis
820 2781 1048 2848 legatur,
1091 2799 1109 2832 ι
1142 2779 1291 2835 Unus
1319 2781 1477 2844 Deus,
1515 2797 1534 2829 ι
1568 2787 1621 2831 ει
1652 2794 1664 2830 :
1696 2797 1714 2827 ι
1745 2776 1910 2829 Nemo
1933 2779 2042 2848 (55)
2067 2781 2255 2847 bonus,
2317 2781 2418 2835 nisi
2450 2799 2585 2837 unus
2633 2785 2806 2849 Deus;
2842 2806 2860 2838 ι
2901 2794 2995 2840 aut
3072 2800 3249 2856 quare
3312 2787 3512 2841 Patrem

268 2872 446 2926 diant
484 2889 502 2922 ι
555 2869 833 2933 Sanctum,
891 2882 942 2923 et
1001 2870 1347 2934 Dominum,»
1407 2886 1526 2950 cum
1560 2868 1801 2932 audiant,
1848 2885 1865 2917 ι
1903 2866 2051 2924 Unus
2087 2882 2308 2924 Sanctus
2336 2871 2472 2942 (56),
2531 2889 2668 2929 unus
2734 2874 2989 2929 Dominus
3013 2874 3169 2931 Jesus
3197 2875 3506 2939 Christusp

270 2973 326 3019 et
355 2978 581 3018 rursus:
609 2963 904 3016 (Dominus
932 2962 1043 3033 (57)
1067 2974 1249 3017 autem
1293 2963 1525 3033 Spiritus
1556 2969 1690 3013 εει.»

894 3053 978 3108 (LA
988 3054 1044 3107 Ρ.
1086 3053 1204 3110 XX.

337 3145 629 3215 Apostolus
681 3161 862 3215 porro,
927 3146 1012 3199 cui
1081 3145 1392 3216 praedicatio
1448 3143 1838 3199 lncarnattonis

266 3232 574 3286 v-vncredita
617 3242 718 3296 est,
747 3247 844 3285 nos
875 3231 1158 3302 distinguit
1222 3233 1586 3299 secernitque,
1614 3244 1678 3284 ac
1702 3229 1838 3284 alios

267 3326 482 3395 quidem
510 3325 820 3394 spirituales
851 3334 1027 3388 vocat,
1062 3325 1194 3379 alios
1217 3340 1344 3378 vero
1375 3324 1661 3391 animales,
1704 3324 1837 3378 alios

245 3416 448 3472 autem
482 3417 750 3482 carnales,
779 3427 872 3471 aut
898 3426 1178 3482 terrenos;
1216 3417 1440 3487 singulis
1473 3415 1678 3472 scilicet
1712 3417 1834 3471 has-

273 3690 292 3722 ι
321 3684 482 3738 super
510 3683 689 3724 omne.
716 3688 734 3722 ι
764 3668 820 3722 ln
848 3668 987 3722 libro
1020 3667 1091 3722 De
1120 3666 1321 3733 Spiritu
1355 3676 1534 3721 sancto
1560 3683 1706 3721 num.
1739 3668 1827 3732 ll,

273 3742 484 3794 videtur
516 3739 775 3809 Didymus
814 3741 1043 3794 dictasse
1072 3739 1164 3790 ἐπὶ
1194 3739 1390 3800 πάντα,
1423 3740 1474 3792 id
1513 3746 1596 3793 est
1624 3757 1641 3790 ι
1671 3753 1832 3808 super

267 3812 473 3873 omnia,
495 3831 512 3861 ι
542 3817 598 3862 ιιι
624 3825 688 3863 ex
722 3821 842 3862 nota
872 3811 1111 3878 proxime
1140 3809 1404 3876 sequenti.

340 3881 453 3945 (‘29)
498 3879 606 3933 Nec
633 3882 786 3932 enim.
817 3876 936 3932 Act.
970 3894 1039 3943 tv,
1069 3879 1154 3932 12.
1180 3879 1364 3933 ϐιοιεειι
1396 3877 1560 3932 editio
1585 3877 1740 3931 habet
1773 3876 1834 3930 τὺ

269 3949 650 4020 δεδομένον-ὲν
695 3949 1031 4019 ἀνΟρὼπ-οις,
1078 3950 1128 4001 id
1169 3958 1251 4020 est
1306 3952 1534 4020 «datum
1580 3949 1631 4001 in
1669 3948 1837 4000 homi-

273 4017 449 4074 nibus.
476 4039 493 4070 ι
519 4018 668 4082 Νἰιιε
689 4017 934 4086 superius
966 4037 1132 4087 segni.
1157 4018 1225 4073 87
1255 4036 1308 4071 a.
1341 4017 1395 4071 lu
1440 4018 1576 4072 libro
1619 4033 1834 4086 quoque

272 4090 348 4143 De
381 4090 580 4150 Spiritu
621 4101 801 4142 sancto
854 4107 998 4142 num.
1031 4089 1114 4150 11,
1165 4088 1346 4141 omisit
1389 4103 1481 4141 eas
1515 4102 1695 4152 voces,
1730 4105 1750 4138 ι
1779 4089 1832 4142 in

273 4160 602 4213 hominibus.
630 4177 647 4210 ι
683 4158 756 4211 lbi
788 4160 928 4211 enim
965 4161 1114 4210 valde
1141 4158 1334 4212 similia
1366 4157 1607 4223 dictavit,
1644 4171 1836 4226 nempe

269 4244 388 4296 qua:
435 4241 732 4298 sequuntur
758 4247 770 4282 :
814 4249 831 4278 ι
861 4231 1084 4294 Quando
1135 4236 1313 4281 autem
1340 4267 1355 4280 .
1383 4266 1397 4279 .
1427 4267 1440 4281 .
1480 4226 1749 4298 Salvator_
1780 4230 1833 4281 in

269 4295 578 4353 universam
608 4308 896 4352 terrarum.
917 4299 1156 4352 extendit
1185 4298 1501 4352 vocabulum
1536 4312 1711 4360 suum,
1737 4295 1838 4350 im-

269 4369 414 4436 pleto
445 4384 532 4433 co,
563 4369 701 4437 quod
731 4371 988 4438 scriptum
1022 4379 1126 4431 est,
1161 4386 1179 4418 ι
1203 4367 1720 4438 Quamadmirabile
1750 4376 1836 4422 est

279 4456 297 4489 ι
349 4453 538 4493 nomen
579 4451 722 4491 tuum
759 4443 808 4491 in
842 4437 1089 4492 universa
1139 4449 1322 4506 terra)
1380 4437 1595 4506 (quibus
1639 4452 1833 4491 consc-

2588 3052 2745 3106 ΚΕΦ.
2783 3054 2830 3104 Κ
2851 3091 2868 3105 .

2014 3139 2248 3210 Διορίξει
2276 3139 2340 3212 δὴ
2369 3135 2460 3195 οὖν
2489 3143 2635 3212 ἡμᾶς
2671 3145 2698 3195 ὁ
2738 3144 2834 3214 τὴν
2863 3143 3172 3215 οἰκονομίαν
3211 3144 3512 3209 πιστευθεὶς

1954 3229 2294 3296 Ἀπόστολος,
2331 3233 2424 3284 καὶ
2451 3232 2576 3296 τοὺς
2617 3233 2715 3303 μὲν
2759 3234 3161 3304 πνευματικοὺς
3193 3234 3375 3296 καλεῖ,
3399 3236 3511 3297 τοὺς

1940 3322 1996 3375 δὲ
2023 3322 2305 3393 ψυχικοὺς,
2330 3325 2454 3387 τοὺς
2484 3324 2541 3376 δὲ
2579 3326 2894 3395 σαρκικοὺς.
2924 3325 2956 3395 ἢ
2993 3325 3226 3394 χοῐκοὺς,
3277 3324 3385 3378 ἀπὺ
3425 3322 3511 3378 τοῦ

1941 3413 2180 3478 πλείονος
2240 3413 2334 3467 καὶ
2382 3415 2805 3487 ἐπικρατοῦντος
2858 3415 3112 3478 ἑκάστοις
3159 3415 3265 3480 τὰς
3312 3415 3510 3470 τοιάσδε

1937 3665 2002 3720 ad
2039 3663 2344 3719 Dominum.
2379 3664 2635 3735 Du-ymus
2662 3662 2826 3717 habet
2864 3659 3120 3735 κυκλοῦν,
3152 3661 3205 3735 id
3253 3671 3341 3716 est
3374 3677 3393 3712 ι
3416 3659 3513 3715 cir-

1937 3737 2208 3790 cumiens»
2250 3745 2442 3788 neutro
2481 3733 2702 3802 genere,
2732 3742 2790 3785 ut
2821 3733 3088 3784 referatur
3114 3733 3178 3783 ad
3216 3746 3442 3802 nomen.

2012 3805 2122 3875 (55)
2179 3800 2529 3875 Erubui-ani.
2582 3803 2726 3875 Psal.
2777 3817 2986 3875 nam,
3035 3802 3101 3855 l6
3151 3812 3202 3854 et
3265 3801 3344 3875 li
3393 3800 3511 3875 (seu

1941 3876 2009 3931 18
2047 3871 2112 3929 ει
2136 3873 2243 3942 19).
2281 3874 2544 3927 Nonnulla
2596 3872 2914 3926 intermedia
2950 3875 3121 3942 verba
3151 3872 3373 3942 omittit
3405 3871 3511 3926 Di-

1940 3947 2155 4014 dymus,
2184 3941 2304 4012 quae
2336 3960 2438 3997 non
2479 3943 3040 4014 praetermittitsegm.
3070 3941 3172 3996 198
3193 3958 3253 4014 g.

2013 4015 2123 4084 (54)
2164 4011 2345 4084 Kyrie,
2365 4011 2577 4068 eleison.
2605 4012 2710 4066 Seu
2739 4011 3161 4084 Cyrie,_e.’eeson.
3193 4011 3504 4084 Brc'neshu-

1936 4080 2173 4154 justnodi
2208 4080 2665 4153 precatiunculas.
2709 4080 2848 4154 quas
2882 4099 2899 4131 ι
2925 4080 3282 4154 jaculatorias
3309 4100 3327 4132 ι
3379 4083 3504 4134 dici-

1943 4152 2085 4218 inus,
2121 4152 2394 4209 veteribus
2419 4154 2744 4208 Christianis
2773 4152 3002 4206 usitatas
3030 4153 3194 4206 fuisse
3221 4169 3331 4205 nou
3361 4154 3508 4205 modo

1942 4225 2198 4295 Didymus
2247 4233 2357 4279 tum
2405 4225 2888 4295 hic,_tum_segu_i.
2927 4219 3081 4274 174a
3128 4232 3510 4295 testaturLVe-

1945 4291 2063 4348 run]
2101 4295 2189 4348 alii
2233 4309 2468 4364 quoque.
2510 4293 2796 4364 Quinimo
2840 4293 2891 4345 in
2928 4302 3105 4345 castra
3149 4293 3262 4361 ipsa
3297 4306 3328 4345 ιι
3357 4291 3508 4346 Chri-

1945 4366 2138 4419 stianis
2164 4361 2581 4433 imperatoribus
2621 4361 2737 4429 ejus
2767 4371 2924 4415 aetate
2959 4364 3202 4433 inductas
3233 4376 3357 4416 esse
3387 4376 3509 4433 con-

1942 4444 2070 4488 stat.
2103 4428 2356 4505 Vege'tius
2395 4436 2539 4488 enim
2572 4428 2781 4503 Didymi
2821 4432 3164 4505 :equalislib.
3192 4448 3276 4496 ιιι,
3306 4447 3422 4499 cap.
3453 4428 3506 4492 5,

273 4518 504 4574 quenter
529 4510 818 4576 Apostolus
852 4509 1105 4578 loquitur,
1151 4527 1168 4558 σ
1203 4505 1316 4560 Non
1362 4502 1504 4560 enim
1550 4509 1712 4578 aliud,
1743 4523 1837 4559 no-
1872 4517 1914 4571 ι)
1944 4502 2233 4558 formulae}
2261 4503 2420 4578 Deus
2459 4502 2735 4578 nobiscum
2763 4520 2788 4578 _)
2852 4502 3128 4568 meminit,
3171 4517 3336 4574 quam
3371 4517 3402 4555 e
3427 4516 3510 4578 ca-

277 4597 297 4630 ι
347 4594 466 4633 ιιιειι
499 4579 676 4634 datum
707 4590 789 4632 est
826 4577 931 4634 sab’
953 4580 1109 4640 rmlo,
1143 4580 1194 4632 in
1226 4593 1334 4647 quo
1361 4588 1608 4644 oporteat
1639 4577 1836 4631 salvari

274 4667 297 4702 4
344 4665 504 4710 nos,»
545 4659 598 4703 et
629 4648 912 4703 Psalmista
957 4652 1021 4702 ad
1059 4649 1342 4702 Dominum
1385 4647 1641 4716 loquitur,
1681 4665 1698 4698 ι
1730 4647 1838 4699 Ma-

280 4738 298 4771 ι
345 4719 609 4789 gnilicasti
644 4735 805 4788 super
831 4719 1006 4773 omnia
1038 4734 1232 4789 nomen
1283 4727 1526 4789 sanctum
1575 4726 1744 4788 tuum)
1775 4735 1787 4771 :
1817 4737 1836 4769 ι

271 4787 399 4844 tunc
449 4787 769 4857 completum
817 4800 918 4850 est,
957 4807 973 4840 t
1010 4788 1348 4854 Unguentum
1384 4787 1611 4840 ellusum
1644 4787 1838 4842 nomen

275 4879 294 4910 ι
346 4870 514 4913 ιιιιιιιι.
539 4879 556 4911 ι
594 4860 668 4913 Ita
699 4861 974 4930 Didymus.
1007 4858 1200 4930 Noster
1234 4869 1409 4912 tamen
1446 4861 1612 4910 codex
1643 4859 1840 4924 saepius

273 4945 301 4981 a
354 4946 437 4983 ιιιε
493 4929 942 4985 commeandi-atus
1002 4929 1116 4983 haec
1163 4940 1436 4998 postrema
1490 4930 1567 4980 sic
1617 4931 1776 4982 habet
1821 4947 1835 4982 :

276 5015 296 5048 ι
343 4999 548 5068 Quibus
577 5013 968 5066 coosequeuter
1000 4999 1234 5068 loquitur
1300 4998 1573 5068 apostolus
1637 4999 1837 5066 dicens,

278 5087 296 5117 ι
345 5067 458 5122 Non
504 5071 646 5123 enim
685 5070 828 5122 aliud
875 5067 1079 5122 nmnen
1102 5073 1284 5122 datum
1326 5067 1408 5123 est
1439 5072 1536 5122 sub
1577 5069 1735 5133 caelo,
1787 5070 1838 5122 iu

272 5153 379 5208 quo
418 5147 663 5206 oporteat
706 5140 900 5192 salvari
939 5156 1056 5203 nos,
1085 5160 1102 5191 ι
1149 5157 1167 5190 ι
1193 5151 1246 5192 et
1279 5143 1328 5193 in
1369 5139 1596 5192 Psalmis
1627 5140 1691 5191 ad
1740 5138 1841 5192 Do-

275 5210 479 5262 minum
530 5209 729 5262 dicitur
763 5249 778 5274 ,
837 5226 856 5259 ι
908 5209 1262 5279 Magniticasti
1307 5225 1470 5277 super
1534 5223 1694 5261 oiune
1743 5226 1841 5262 no-

275 5293 298 5329 ι
341 5291 463 5350 men
493 5289 737 5350 sanctum
758 5290 919 5350 tuum
946 5299 958 5333 :
994 5299 1011 5330 ι
1045 5293 1166 5333 tunc
1193 5280 1516 5350 completum
1548 5289 1650 5342 est,
1680 5299 1698 5330 ι
1729 5291 1835 5334 etc.

347 5348 460 5417 ('50)
502 5347 572 5401 Et
605 5351 724 5401 erit.
754 5349 917 5402 Zacb.
944 5365 1051 5414 xw,
1083 5353 1116 5405 9
1141 5363 1192 5403 et
1219 5350 1305 5405 10.

350 5419 465 5491 (51)
509 5419 783 5491 Dominus,
810 5419 1084 5491 Dominus.
1115 5421 1301 5475 Graeca
1339 5422 1503 5476 editio
1535 5419 1700 5477 semel
1722 5430 1838 5491 tan-

277 5489 388 5543 tum
439 5489 606 5545 habet
646 5503 832 5560 vocem
877 5489 1098 5560 Κύριος,
1136 5492 1185 5544 id
1215 5501 1298 5545 est
1335 5511 1352 5543 ι
1382 5494 1655 5547 Dominus.
1682 5510 1698 5543 ι
1741 5489 1836 5544 Vi-

277 5563 448 5634 detur_
469 5571 647 5634 autem
681 5559 1050 5634 Passioneiani
1097 5562 1299 5616 codicis
1348 5565 1584 5634 scriptor
1624 5579 1692 5617 ex
1745 5575 1835 5616 er-

278 5645 401 5686 iore
434 5631 522 5685 hic
554 5645 672 5685 eam
709 5631 954 5686 iterasse.

349 5701 462 5772 (52)
494 5698 843 5772 Circumiens.
879 5703 1065 5756 Grzeca
1110 5702 1274 5757 editio
1313 5703 1472 5758 habet
1518 5705 1749 5768 κυκλῶν,
1784 5705 1834 5758 id

279 5771 368 5829 cst
409 5789 428 5825 ι
457 5771 782 5831 circumiens
809 5793 828 5830 ι
880 5773 1179 5831 masculino
1212 5790 1426 5846 genere,
1469 5789 1525 5832 ιιι
1569 5781 1833 5832 referatur

1927 4787 2182 4850 deretur,

1945 4579 2074 4629 stris
2112 4575 2452 4645 egredientes
2497 4573 2695 4645 milites
2728 4573 2864 4645 elata
2903 4588 3031 4645 voce
3063 4583 3144 4628 ter
3189 4573 3505 4642 pronuntia-

1944 4646 2093 4699 bant.
2122 4643 2200 4701 Kc
2230 4659 2326 4714 pro
2362 4644 2740 4713 superstitioso
2786 4643 3125 4697 ethnicorum
3170 4657 3380 4714 paeane,
3415 4656 3506 4694 an-

1945 4723 2160 4783 tequam
2205 4715 2491 4784 quisquam
2525 4729 2555 4767 e
2587 4715 2783 4784 castris
2830 4716 3090 4767 adversus
3139 4717 3323 4766 hostes
3359 4723 3507 4784 egre-

2253 4781 2523 4838 exe’rcitus
2572 4783 2676 4836 dux
2724 4786 3012 4850 ca-terique
3051 4784 3286 4850 pra'l'ecti
3340 4781 3510 4835 accla-

1945 4857 2162 4909 tnahant
2199 4856 2336 4909 hanc
2371 4856 2538 4924 ipsam
2568 4855 2930 4924 precationem
2964 4873 2981 4903 ι
3009 4852 3195 4924 Kyrie,
3231 4853 3502 4924 eleison.)

1943 4937 2002 4978 ut
2037 4930 2289 4979 observat
2335 4920 2612 4978 blauritins
2641 4924 2695 4976 in
2727 4920 3021 4989 Strntegico
3054 4920 3146 4977 lib.
3173 4939 3235 4986 ιι,
3268 4938 3386 4990 cap.
3422 4921 3500 4990 l7,

1943 5011 2006 5048 ac
2038 4993 2398 5064 Spanbemius
2441 4995 2492 5047 in
2523 4988 3005 5064 Observationibus
3054 4996 3106 5047 in
3150 4988 3381 5064 primam
3411 4988 3503 5043 Juo

1941 5062 2370 5134 lianiiApostatze
2411 5064 2730 5118 orationem.
2775 5062 3078 5117 .lustiniano
3109 5075 3289 5119 autem
3335 5063 3502 5134 impe-

1943 5148 2094 5188 rante
2142 5131 2463 5189 Antiocheui
2505 5142 2810 5187 terraemotu
2864 5136 3238 5202 perterrefacti
3295 5151 3314 5184 ι
3373 5131 3500 5184 Ιειιι·

1941 5207 2085 5275 niam
2126 5205 2392 5259 faciebant
2417 5225 2434 5256 ι
2469 5205 2549 5275 (ut
2585 5207 2658 5257 ait
2704 5207 3024 5262 Anastasius
3058 5203 3501 5275 Bibliothecarius

1943 5275 1992 5328 in
2035 5274 2276 5329 Historia
2315 5270 2672 5329 ecclesiastica
2723 5291 2843 5344 pag.
2872 5276 2962 5339 51,
3015 5278 3102 5330 ed.
3131 5272 3295 5340 Ven.)
3349 5290 3368 5324 ι
3397 5270 3502 5344 cla-

1941 5357 2171 5416 mantes,
2199 5346 2382 5416 Kyrie,
2415 5346 2639 5401 eleison.
2665 5364 2682 5396 ι
2715 5343 2996 5413 Nunquam
3025 5363 3155 5400 vero
3181 5356 3364 5416 postea
3397 5343 3502 5416 sive

1939 5415 1992 5468 in
2026 5411 2375 5481 Graacafsive
2406 5417 2456 5470 in
2508 5416 2698 5470 Latina
2732 5411 2972 5469 Ecclesia
3023 5411 3293 5472 obsolevit
3321 5411 3505 5483 hujus-

1940 5487 2082 5539 tnodi
2116 5486 2536 5556 precatiuncula,
2568 5496 2625 5540 ut
2654 5487 2904 5541 omnibus
2937 5499 3122 5542 notum
3160 5498 3264 5542 cst.

2009 5555 2127 5626 (55)
2165 5555 2353 5612 Nemo.
2383 5556 2551 5612 Mare.
2586 5574 2643 5618 x.
2671 5557 2738 5612 l8
2773 5573 2787 5621 ;
2827 5558 2953 5612 Luc.
2987 5575 3138 5625 xvnt,
3162 5559 3248 5612 l9.

2009 5627 2120 5698 (56)
2163 5627 2307 5684 Unus
2343 5643 2574 5689 sanctus.
2608 5631 2742 5686 Vide
2776 5640 2886 5684 not.
2920 5629 2953 5683 9
2985 5646 3107 5700 pag.
3143 5630 3262 5684 161.

1935 5702 2122 5831 28ι57)
2154 5702 2431 5760 Dominus.
2484 5704 2525 5759 ll
2574 5703 2700 5761 Cor.
2740 5719 2822 5767 tu,
2857 5702 2941 5757 l'l.
2968 5701 3095 5758 Vide
3125 5712 3235 5759 not.
3269 5701 3360 5772 91,
3390 5717 3502 5772 pag.
