3676 6302
207 345 291 402 737
1185 339 1273 394 DE
1313 337 1688 394 TRI‘NITATE
1728 337 1934 394 LIBER
1974 336 2360 395 SECUNDUS.

3321 340 3427 397 758

203 453 534 532 προσηγορίας
572 451 840 523 ἁρμόσας.
887 453 999 505 Kal.
1037 451 1144 522 γὰρ
1182 453 1360 524 ψυχὴν
1389 454 1507 523 μὲν,
1540 453 1608 524 ἣν
1649 452 1725 507 κα¹

1875 467 1910 506 :e
1969 451 2442 506 denominatinnes
2468 464 2532 506 ex
2581 465 2646 504 eo
2689 458 2904 522 aptans,
2936 451 3079 520 quod
3111 451 3165 508 in
3194 452 3424 524 singulis

204 550 392 620 πνεῦμά
424 563 615 617 φαμεν,
653 545 734 598 ἔτι
759 544 816 597 δὲ
845 545 938 598 καὶ
973 545 1034 598 τὸ
1074 544 1162 598 διὰ
1196 545 1288 597 τοῦ
1317 547 1581 616 στόματος
1609 547 1740 600 ἀνα-

200 645 460 714 πνεόμενον
485 639 829 708 ἀνύπαρκτον
859 637 1095 708 πνεῦμα,
1132 639 1160 691 ὃ
1203 639 1294 692 καὶ
1333 636 1516 708 ἆσθμα
1551 639 1746 693 καλοῦ-

203 755 303 808 μενν
355 735 455 794 πᾶς
497 729 780 800 ἄνθρωπος
816 729 963 799 ἔχει’
995 729 1057 782 τὸ
1103 729 1159 782 δὲ
1205 730 1357 799 ἅγιον
1395 731 1616 800 Πνεῦμα
1651 730 1744 784 τοῦ

197 825 310 879 Θεοῦ
340 823 396 876 οὑ
429 823 531 884 πᾶς
556 819 802 874 ὁστισοῦν
835 821 1375 892 καταπεπλούτηκεν.
1402 841 1418 873 ι
1439 823 1744 892 Ηνευματι-

198 920 304 980 κους
316 915 506 968 »τοίνυν
525 913 919 984 προσαγορεύει
942 914 1069 976 τοὺς
1093 914 1433 985 ὲμπρεπέσιν
1454 914 1746 986 ἐνθυμήσε-

195 1029 268 1064 σιν
300 1007 385 1062 καὶ
414 1006 671 1078 πράξεσιν
697 1007 978 1068 οἱονείπως
1007 1006 1476 1077 ἀναθρώσκοντας,
1518 1009 1613 1060 καὶ
1647 1008 1744 1078 τῆς

195 1100 376 1155 ἑαυτῶν
405 1098 613 1168 φύσεως
643 1097 899 1168 ἀνωτέρω
933 1097 1263 1168 χωροῦντας,
1288 1099 1380 1150 καὶ
1407 1098 1507 1161 τὰς
1537 1097 1636 1168 μὲν
1661 1098 1741 1150 aio

197 1191 388 1267 ρετικὰς
437 1188 746 1256 θεοστυγεῖς
789 1191 1002 1259 νοήσεις
1044 1188 1170 1259 [153
1205 1187 1261 1260 τι]
1304 1189 1745 1260 ἀποσκευαζομέ-

194 1301 320 1346 νους,
355 1280 413 1333 τὸ
443 1280 497 1333 δὲ
531 1282 787 1350 ἀνυμνείν
834 1278 894 1332 τὸ
949 1280 1103 1347 ἅγιον
1152 1279 1374 1350 Πνεῦμα
1409 1279 1540 1333 Θεὸν
1590 1297 1745 1350 περι-

195 1370 589 1441 πτυσσομένους,
637 1371 728 1422 καὶ
772 1371 997 1433 ἑαυτοὺς
1040 1370 1128 1423 διά
1172 1371 1378 1422 τούτων
1427 1369 1608 1436 ἀξίους
1643 1370 1743 1440 τῆς

193 1460 556 1530 ἑπιφοιτήσεως
585 1458 751 1511 αὐτοῦ
791 1459 1208 1529 ἀποφαίνοντας.
1248 1454 1406 1512 Οὗτοι
1447 1461 1555 1531 γὰρ
1593 1461 1742 1530 μόνοι

191 1553 377 1622 ἔχουσίν
405 1568 461 1604 τε
493 1552 624 1604 αὐτὸ
653 1553 954 1623 καταμένον
984 1553 1113 1624 παρ’
1145 1554 1348 1618 αὐτοῖς,
1382 1555 1496 1624 ἆμα
1528 1555 1606 1624 τῷ
1629 1556 1742 1607 Πα-

189 1646 264 1715 τρὶ
294 1645 378 1696 καὶ
409 1643 483 1713 τῷ
516 1644 648 1715 Υἰῷ,
675 1646 768 1698 καὶ
797 1645 874 1715 τῷ
907 1644 1036 1716 θείῳ
1079 1646 1244 1700 αὐτοῦ
1289 1649 1427 1716 φωτὶ
1457 1649 1738 1720 καταλάμ-

191 1753 375 1797 πονται,
421 1737 518 1788 καὶ
556 1738 916 1806 πνευματικοὶ
943 1738 1348 1804 ἀποτελοῦνται,
1390 1741 1740 1812 ἐξομοιούμε-

1850 544 1968 612 plus
2011 552 2095 598 est
2158 559 2222 597 ac
2268 542 2596 597 dominatur.
2637 543 2847 598 Etenim
2897 543 3134 598 animam
3183 545 3422 612 quidem,

1847 653 1967 706 qua:
2001 638 2164 690 etiam
2185 637 2408 707 spiritus
2439 651 2467 690 a
2501 637 2657 691 nobis
2685 636 2886 692 dicitur
2920 637 3058 708 ('58),
3091 653 3156 693 ac
3191 649 3422 708 praeter-

1846 745 1908 783 ea
1960 729 2107 781 illum
2157 745 2260 781 non
2292 729 2678 783 subsiSIentem
2727 729 3000 797 Spiritum,
3038 745 3199 798 quem
3229 745 3326 800 per
3358 745 3422 786 os

1847 823 2200 888 respiramus,
2244 835 2402 886 quem
2456 820 2685 874 halitum
2736 819 2848 890 (39)
2893 836 3109 891 quoque
3142 836 3422 886 vocamus,

1846 913 2222 982 unusquisque
2255 914 2412 966 homo
2449 913 2647 966 habet:
2679 924 2870 968 sancto
2903 924 3080 968 autem
3112 913 3200 968 Dei
3241 913 3420 983 Spiri-

1848 1014 1903 1058 tu
1948 1020 2051 1058 non
2099 1020 2287 1059 omnes
2317 1020 2542 1074 prorsus
2583 1005 2827 1060 homines
2860 1005 3012 1060 ditati
3057 1016 3204 1060 sunt.
3243 1024 3264 1058 ι
3310 1005 3428 1076 Spi-

1847 1095 2077 1150 rituales
2111 1114 2130 1147 ›
2163 1112 2291 1166 ergo
2331 1106 2484 1151 vocat
2507 1112 2618 1161 cos,
2655 1100 2746 1166 qui
2793 1098 3238 1153 convenientibus
3277 1100 3425 1169 cogi-

1847 1189 2147 1244 tationibus
2217 1201 2380 1258 atque
2421 1191 2722 1244 actionibus
2753 1190 2917 1245 veluti
2953 1206 3170 1245 sursum
3197 1191 3419 1258 saliunt,

1841 1291 1896 1337 et
1930 1283 2093 1337 altius
2125 1298 2286 1350 supra
2326 1299 2478 1337 suam
2516 1284 2754 1352 ipsorum
2800 1294 3048 1338 naturam
3089 1286 3335 1352 tendunt,
3365 1295 3421 1338 ιιι

1845 1376 2098 1430 Ιιαξνθιίρθ
2145 1375 2362 1443 quidem
2410 1375 2517 1428 Deo
2572 1376 2743 1429 invisa
2782 1386 3087 1430 commenta
3145 1376 3418 1444 rejiciunt,

1841 1483 2028 1522 eorum
2076 1482 2228 1528 vero,
2280 1467 2371 1535 qui
2430 1467 2690 1536 Spiritum
2745 1477 2991 1522 sanctum
3047 1467 3215 1523 Deum
3253 1483 3420 1536 agno-

1840 1569 1996 1612 scunt
2062 1573 2125 1612 ac
2166 1559 2462 1624 celebrant,
2509 1571 2710 1612 rectam
2744 1560 3046 1614 doctrinam
3081 1561 3420 1629 amplectun-

1844 1660 1949 1715 tur,
1983 1661 2035 1704 et
2065 1665 2161 1720 per
2216 1651 2329 1704 haec
2392 1651 2714 1718 semctipsos
2751 1650 2893 1706 illius
2946 1652 3182 1706 adventu
3226 1652 3418 1721 dignos

1839 1743 2148 1796 ostendunt.
2183 1741 2245 1795 lli
2280 1743 2422 1795 enim
2452 1743 2549 1795 soli
2579 1752 2634 1795 et
2665 1759 2789 1796 eum
2839 1743 3041 1797 habent
3087 1745 3227 1813 apud
3277 1745 3422 1814 ipsos

188 1846 255 1882 νοι
291 1828 423 1880 κατὰ
453 1828 684 1899 δύναμιν
712 1832 760 1882 οἱ
793 1831 1149 1902 φωτιζόμενοι
1181 1831 1257 1902 τῷ
1296 1833 1602 1900 φωτίζοντι,
1646 1835 1725 1888 καῖ

1875 1832 1999 1886 imul
2039 1850 2161 1885 cum
2186 1831 2347 1885 Patre
2377 1843 2432 1887 et
2466 1833 2603 1887 Filio
2640 1845 2975 1900 manentem,
3007 1846 3063 1890 et
3101 1836 3278 1890 divina
3301 1836 3418 1904 ejus

190 1921 668 1992 μεταλαμϐάνοντες
723 1923 798 1985 ὼς
834 1923 924 1977 τοῦ
977 1925 1172 1994 φωτὸς,
1209 1924 1349 1978 οὕτω
1381 1927 1474 1978 καὶ
1505 1925 1598 1979 τοῦ
1633 1929 1742 1980 ὀνό-

189 2029 353 2084 ματος,
382 2013 474 2063 καὶ
511 2012 874 2083 εἰσδεχόμενοι
905 2015 963 2067 ἐν
991 2016 1204 2077 ἑαυτοῖς
1239 2015 1467 2085 ῥέουσαν
1497 2017 1740 2086 ἀνεμπο-

183 2107 350 2166 δίστως
380 2103 480 2173 τῆς
521 2103 668 2168 θείας
701 2105 922 2175 χάριτος
967 2105 1066 2177 τὴν
1101 2108 1414 2177 μετάδοσιν
1462 2104 1580 2160 εἶτα
1627 2108 1738 2161 λοι-

185 2198 271 2251 πὸν
304 2199 392 2250 καὶ
427 2198 510 2268 τῷ
546 2199 730 2270 πτερῷ
763 2200 948 2262 αὐτοῦ,
996 2200 1074 2272 τῷ
1105 2201 1412 2255 κατελθόντι
1446 2203 1742 2274 σωματικῷ

183 2290 293 2345 είδει
335 2293 665 2362 περιστερᾶς
724 2293 1048 2346 ἀνίπτανται
1091 2293 1188 2365 τὴν
1233 2295 1479 2366 καρδίαν,
1518 2296 1612 2349 καὶ
1642 2298 1741 2366 τὴν

181 2380 460 2451 διαϐολικην
507 2382 872 2451 ἐκφεύγοντες
915 2383 1138 2451 παγίδα,
1185 2384 1458 2455 ὲρῤῶσθαί
1507 2401 1566 2437 τε
1607 2386 1742 2456 πρὸς

181 2473 237 2524 τὰ
262 2472 454 2525 ἀστατα
484 2475 584 2526 καὶ
616 2475 845 2527 ἀϐέϐαια
879 2475 970 2528 τοῦ
1003 2475 1117 2546 βίου
1151 2476 1468 2547 φράζοντες,
1516 2476 1613 2546 τὴν
1644 2478 1741 2546 μὲν

183 2565 638 2636 μεγαλοπρέπειαν
684 2567 847 2620 αὑτοῦ
887 2567 1183 2639 θεωροῦσιν
1232 2570 1485 2638 ὑπεράνω
1527 2571 1741 2622 πάντων

180 2659 269 2710 τῶν
296 2660 544 2728 οὐρανῶν
571 2661 908 2732 ἐπηρμένην,
941 2665 1033 2715 καὶ
1062 2663 1167 2716 ὑπὸ
1186 2663 1294 2716 τῶν
1321 2665 1433 2717 ἄνω
1460 2665 1741 2732 δυνάμεων

179 2750 518 2819 δοξαζομένην
562 2753 655 2804 καὶ
687 2753 1163 2822 προσκυνουμένην
1194 2754 1289 2806 σὺν
1320 2753 1398 2824 τῷ
1433 2754 1608 2824 Πατρλ⁸
1647 2754 1740 2806 καὶ

181 2842 244 2910 τῷ
264 2843 397 2912 Υίῴο
437 2843 534 2896 καὶ
585 2845 804 2913 ὅσῳπερ
839 2844 902 2896 ἂν
932 2845 1190 2915 ἀγόμενοι
1239 2847 1374 2916 πρὸς
1409 2847 1500 2900 τὸν
1531 2847 1738 2900 ἐκείνου

181 2936 338 2996 πόθον,
378 2939 666 3008 ἐγγυτέρω
709 2935 870 2989 αὑτοῦ
904 2939 970 3007 τῇ
1004 2937 1259 3008 προθέσει
1293 2939 1556 3006 γίνονται,
1597 2938 1738 3010 τόσῳ

179 3027 232 3097 δὴ
265 3027 453 3096 μᾶλλον
485 3027 654 3080 αὑτοῦ
685 3029 745 3079 τὸ
772 3027 1152 3097 ἀκατάληπτον
1186 3028 1283 3098 τῆς
1316 3029 1567 3100 θεότητος
1590 3029 1740 3082 νοοῦ-

181 3133 270 3179 σιν,
297 3118 368 3181 ὡς
401 3119 551 3182 ἅπαξ
603 3119 704 3188 τῆς
741 3119 950 3172 ἔνδοθεν
997 3119 1173 3189 ὅψεως
1215 3120 1276 3172 τὸ
1315 3119 1471 3191 ὄμμα
1503 3121 1738 3193 καθαρὸν

1841 1924 1958 1978 luce
1993 1924 2347 1988 illustrantur,
2381 1935 2434 1980 et
2485 1926 2796 1994 spirituales
2828 1927 2983 1993 ﬁunt,
3023 1936 3074 1980 el
3106 1927 3418 1982 assimilan-

1841 2024 1947 2081 tttr,
1984 2031 2246 2086 quantum
2285 2018 2399 2071 ﬁeri
2433 2028 2631 2086 potest,
2657 2020 2942 2076 illuminati
2981 2019 3331 2086 illuminanti,
3363 2033 3420 2076 et

1841 2109 2169 2179 participant
2209 2111 2349 2164 sicut
2386 2110 2580 2176 lucem,
2615 2111 2686 2166 ita
2719 2122 2772 2167 et
2817 2128 3032 2178 nomen,
3073 2123 3127 2166 et
3159 2113 3414 2168 ﬂuentem

1841 2203 1961 2257 sine
2004 2202 2394 2270 impedimento
2446 2204 2642 2258 divina:
2700 2207 2889 2272 gratiae
2940 2207 3413 2275 participationem

1843 2293 1895 2347 in
1935 2294 2241 2362 semetipsis
2294 2295 2607 2364 recipiunt:
2647 2311 2710 2350 ac
2751 2297 2946 2350 deinde
2995 2298 3095 2350 alis
3135 2299 3296 2351 etiam
3329 2299 3416 2366 ip-

1825 2385 1973 2447 sius,
2007 2385 2094 2453 qni
2127 2383 2255 2437 olim
2286 2386 2555 2453 corporali
2606 2385 2868 2440 columba:
2908 2387 3088 2454 specie
3127 2387 3293 2458 29o
3318 2391 3415 2441 de-

1842 2477 2068 2541 scendit,
2113 2475 2255 2529 volat
2297 2491 2485 2530 eorutn
2543 2491 2655 2540 cor,
2704 2487 2756 2530 et
2801 2477 3130 2531 diabolicum
3182 2480 3418 2532 vitantes

1842 2565 2115 2634 laqueum,
2163 2574 2221 2618 et
2272 2565 2431 2620 [luxis
2482 2574 2644 2634 atque
2701 2566 3042 2620 instabilibus
3090 2567 3248 2637 hujus
3295 2571 3418 2622 vitzc

1844 2659 2003 2710 rebus
2038 2656 2417 2721 valedicentes,
2468 2658 2612 2713 illius
2665 2658 3122 2728 magniﬁcentiam
3167 2669 3414 2715 contem-

1845 2751 2082 2819 plantur,
2106 2765 2224 2818 quae
2254 2766 2414 2818 supra
2433 2766 2622 2804 omnes
2650 2751 2818 2806 caelos
2852 2751 3150 2816 extollitur,
3175 2761 3228 2806 et
3247 2767 3276 2807 a
3304 2765 3416 2807 cc:-

1843 2842 2066 2897 lestibns
2118 2843 2407 2897 virtutibus
2465 2842 2822 2912 gloriﬁcatur,
2887 2852 2942 2899 et
2993 2844 3256 2899 adoratur
3307 2861 3413 2900 una

1841 2948 1962 2986 cum
1995 2932 2154 2988 Patre
2195 2944 2251 2988 et
2277 2933 2446 3000 Filio;
2474 2944 2528 2987 et
2553 2935 2670 3003 ejus
2699 2950 2884 2989 amore
2926 2951 2991 2990 ac
3021 2935 3293 2990 desiderio
3333 2937 3417 2990 in-

1841 3025 1991 3079 censi
2035 3035 2090 3078 et
2132 3025 2415 3088 stimulati,
2465 3035 2668 3094 quanto
2714 3025 2763 3078 ei
2818 3040 2915 3094 per
2965 3027 3299 3095 propositum
3347 3045 3414 3082 ac

1843 3116 2171 3171 voluntatem
2221 3117 2499 3186 propiores
2557 3117 2711 3183 ﬁunt,
2769 3125 2919 3172 tanto
2973 3118 3148 3189 magis
3201 3120 3414 3174 incom-

179 3209 478 3278 κεκτημένοι
510 3210 624 3263 ἀπὸ
648 3210 864 3262 πάντων
890 3209 998 3262 τῶν
1029 3209 1527 3282 ὲπιπροσθούντωνο
1558 3213 1650 3265 καὶ
1683 3213 1725 3266 8η

1875 3206 2256 3261 ιτοιιειιείὺίιρηι
2286 3219 2405 3261 esse
2432 3205 2548 3273 ejus
2571 3207 2822 3262 deitatem
2850 3208 3156 3279 intelligunt
3179 3225 3194 3275 ;
3217 3212 3414 3280 quippe

181 3301 288 3352 ιδείν
314 3301 507 3365 οὕτως,
529 3301 606 3365 ὡς
631 3301 798 3363 ἔστιν,
834 3302 925 3354 καὶ
948 3302 1194 3372 χωρῆσαι
1214 3301 1354 3366 ὅλον,
1393 3301 1482 3354 διὰ
1518 3303 1616 3373 τὴν
1644 3303 1741 3372 τῆς

180 3393 368 3460 φύσεως
408 3394 567 3465 ἡμῶν
623 3394 822 3465 πολλὴν
868 3393 1076 3463 ὕφεσιν,
1117 3395 1176 3446 οὐ
1212 3394 1488 3454 δύνανται,
1529 3395 1738 3461 τοῦτον,

177 3482 239 3546 ὡς
297 3485 574 3556 ἐγχωρεῖ,
632 3484 830 3554 ὁρῶσιν
898 3486 993 3536 καὶ
1071 3485 1420 3554 ὑποδέχονται
1486 3485 1572 3537 διὰ
1640 3486 1739 3555 τὴν

179 3576 358 3644 ἔφεσιν.

233 3853 632 3918 Κατανοοῦντες
657 3853 816 3917 τέως,
845 3848 934 3907 οἷα
959 3853 1003 3905 δ’
1029 3853 1094 3907 ἀν
1118 3869 1203 3916 τις
1236 3853 1445 3924 μεγάλα
1485 3852 1612 3926 εἴπῃ
1643 3872 1738 3907 πε-

178 3947 223 4015 ρὶ
260 3945 437 4011 αὐτοῦ,
488 3946 591 4014 τῆς
645 3943 908 4016 ἀκριϐοῦς
959 3943 1216 4016 ἀληθείας
1266 3945 1595 4015 ἀφέστηκεν,
1639 3947 1738 4016 οὐχ

176 4037 280 4091 ὅσον
323 4039 552 4109 οὐρανός
597 4040 743 4091 ἐστιν
801 4037 909 4090 ἀπὸ
950 4036 1054 4105 γῆς
1091 4038 1268 4106 μόνον,
1296 4037 1411 4090 ἀλλ’
1440 4037 1518 4090 ἔτι
1558 4037 1737 4108 πολλῷ

176 4131 334 4195 πλέον,
390 4132 694 4202 κράξουσιν
757 4131 894 4201 μετὰ
945 4129 1074 4201 [155
1111 4129 1162 4200 ιι]
1227 4129 1322 4182 τοῦ
1361 4129 1731 4201 Ἱεροιιάλτουο

181 4239 196 4273 ι
234 4222 362 4293 Ἐγὼ
400 4218 534 4276 εἶπα
583 4223 642 4276 ὲν
686 4224 750 4293 τῇ
810 4206 1213 4291 ὲκστάσείμου
1240 4237 1252 4251 ·
1296 4222 1410 4284 Πᾶς
1453 4221 1736 4294 ἄνθρωπος

174 4317 407 4388 ψεύστης,
441 4337 460 4369 ι
507 4318 632 4386 οὐχὶ
673 4316 750 4387 τῷ
789 4315 1010 4384 φεύγειν
1062 4313 1161 4384 τὴν
1211 4312 1328 4384 Θεῴ
1382 4313 1542 4383 φίλην
1602 4313 1736 4384 ἀλή-

176 4407 325 4472 θειαν,
350 4409 485 4463 ἀλλά
511 4408 588 4480 τῷ
626 4408 793 4479 μηδὲν
825 4406 972 4471 ἀξιον
996 4405 1253 4458 δύνασθαι
1277 4405 1488 4475 νοῆσαι,
1521 4406 1554 4476 ἢ
1591 4405 1726 4476 φρά-

177 4520 250 4555 σαι
281 4504 404 4575 περί⁵
432 4503 533 4574 τῆς
567 4501 820 4571 θεότητος
851 4499 943 4552 τοῦ
971 4499 1124 4567 ἁγίου
1155 4498 1471 4569 Πνεῦμα-ξος
1490 4514 1504 4528 °
1542 4499 1601 4551 οὐ
1638 4516 1732 4551 πε-

180 4596 222 4666 ρὶ
245 4596 518 4665 μεγέθους,
549 4595 581 4662 ἢ
605 4595 779 4664 φωτός
799 4611 813 4625 ο
842 4593 1018 4647 πάντα
1048 4591 1154 4664 γὰρ
1189 4591 1299 4662 ἔχει
1326 4593 1414 4660 ὑφ’
1438 4591 1616 4653 ἑαυτὸ,
1637 4592 1730 4644 καὶ

178 4687 395 4753 φωτίζει,
449 4687 549 4738 καὶ
597 4685 745 4736 ἔστιν
800 4685 858 4736 ὲν
907 4685 1104 4736 πᾶσιν·
1151 4682 1212 4734 οὐ
1247 4681 1374 4750 περὶ
1413 4679 1726 4750 δυνάμεως·

179 4779 329 4833 πάντα
370 4779 480 4850 γὰρ
525 4780 617 4832 ὑπ’
651 4777 816 4832 αὑτοῦ
855 4778 1173 4847 ἐστήρικται
1221 4775 1315 4827 καὶ
1347 4774 1724 4841 ζωογονεῖταιο

175 4875 225 4926 οὐ
276 4873 393 4944 περὶ
450 4874 754 4942 σχήματος,
796 4872 830 4942 ἢ
873 4870 1186 4937 ποιότητος·
1232 4867 1458 4938 ἀόρατος
1494 4864 1600 4934 γὰρ
1635 4864 1728 4916 καὶ

177 4966 566 5037 ἀκατάληπτος,
613 4963 689 5028 ὡς
745 4962 880 5034 πνοὴ
936 4958 1380 5030 Παντοκράτορος
1423 4957 1492 5026 (εἰ
1538 4954 1646 5025 γὰρ
1698 4956 1728 5008 ὁ

234 5142 603 5207 (38Mnimam,
635 5158 753 5210 qua:
795 5142 977 5213 etiam__
993 5140 1279 5213 spiritus...
1303 5135 1530 5213 dici!_nr,_
1560 5133 1614 5186 In
1659 5133 1715 5184 li-

175 5205 254 5269 bro
292 5213 364 5268 De
406 5214 506 5282 Sp.
535 5205 717 5265 sancto
763 5229 910 5284 nunt.
941 5210 1016 5284 54
1048 5220 1104 5284 et
1138 5224 1316 5276 seqq..
1351 5205 1720 5284 tibi.tli\'cl'51ls

175 5285 388 5338 vocabuli
415 5303 434 5336 ι
450 5280 698 5354 ερίνὶιιιε
727 5301 745 5334 ι
764 5280 1722 5354 signiﬁcationespersequitun,‘spi-

179 5357 313 5407 ritum
346 5356 412 5409 ab
439 5342 620 5408 anima
653 5342 948 5422 distinguit.
986 5351 1054 5422 At
1084 5350 1135 5402 iu
1168 5342 1304 5422 libro
1331 5357 1513 5422 contra
1543 5342 1721 5422 Muni-

177 5425 319 5496 cluzos
343 5441 464 5496 pag.
493 5421 624 5496 A207,
652 5423 728 5496 ita
757 5416 866 5496 [ere
905 5420 1152 5496 Ιοιιιιῇιιιτ⁸
1172 5429 1227 5471 ut
1254 5417 1354 5472 hoc
1382 5416 1584 5495 in'loco
1603 5416 1723 5496 ;_ait

178 5494 296 5546 enim
324 5484 662 5562 ε’Πνεύματι,
701 5491 730 5544 ὅ
760 5492 877 5545 ὲστι
907 5484 1077 5561 ψυχή,
1102 5489 1153 5544 id
1191 5499 1297 5554 est,
1327 5506 1346 5538 ι
1379 5485 1590 5553 spiritu,
1627 5484 1728 5538 hoc

179 5572 243 5616 est
259 5569 445 5621 anima.
487 5587 508 5620 ι

236 5635 334 5705 (39)
375 5635 636 5692 "alitum.
665 5636 869 5697 Codex,
921 5629 1126 5701 ἄσθμα.
1185 5627 1380 5685 Scribo
1421 5622 1627 5697 ἆσθμα,
1665 5632 1725 5678 ut

181 5709 789 5784 [ratttmaticispareatu:
871 5775 922 5784 __
983 5773 995 5784 .
1201 5769 1233 5784 η
1303 5783 1306 5784 ν
1381 5765 1406 5784 ν

237 5775 339 5844 (illi
375 5769 722 5834 Desidérium.
771 5775 929 5832 Ludit
982 5773 1036 5828 in
1096 5769 1318 5828 vocibus
1381 5769 1594 5837 ὕφεσιν,
1667 5773 1722 5820 et

1842 3299 1931 3368 qui
1962 3299 2236 3353 interioris
2267 3299 2490 3352 visionis
2521 3300 2734 3352 oculum
2763 3299 2832 3354 ab
2856 3300 3110 3355 omnibus
3157 3302 3316 3356 rebus
3349 3303 3414 3356 il-

1841 3388 1949 3441 lum
1998 3389 2422 3443 obscurantihns
2473 3389 2700 3442 liberum
2767 3404 2831 3443 ac
2873 3392 3130 3444 ntundum
3170 3392 3412 3448 habent:

1838 3491 1892 3535 et
1918 3497 2076 3550 quem
2106 3483 2307 3548 videre,
2342 3482 2503 3535 sicuti
2543 3492 2649 3544 est,
2677 3490 2730 3536 et
2755 3491 2922 3538 totum
2955 3497 3148 3552 capere
3178 3500 3282 3539 non
3318 3501 3415 3540 va-

1841 3575 1950 3628 lent
1979 3575 2046 3629 ob
2088 3590 2337 3644 magnam
2372 3584 2579 3627 natura:
2608 3585 2808 3628 nostra;
2832 3576 3213 3644 abjectionem,
3245 3579 3409 3643 hunc,

1839 3667 2012 3732 quoad
2042 3668 2157 3736 ejus
2192 3668 2304 3721 ﬁeri
2349 3675 2560 3737 potest,
2606 3668 2946 3737 conspiciunt
3006 3679 3062 3724 et
3111 3670 3413 3740 suscipiunt

1837 3768 2057 3825 propter
2081 3757 2407 3813 desiderium
2433 3759 2567 3831 (40).

1907 3848 2037 3902 lllud
2067 3857 2196 3904 tunc
2227 3853 2652 3922 considerantes,
2695 3854 2858 3924 quod,
2903 3841 3249 3923 quantumvis
3297 3869 3412 3908 ma-

1835 3951 1939 4004 gna
1982 3935 2104 4005 quis
2137 3935 2205 3990 de
2244 3951 2310 3990 eo
2348 3938 2568 4002 dixerit,
2625 3941 2828 3994 distant
2880 3938 2996 3994 haec
3037 3940 3106 3994 ab
3154 3949 3409 3994 accurata

1835 4030 2064 4082 veritate
2095 4043 2198 4083 non
2240 4030 2400 4083 modo
2429 4041 2688 4100 quantum
2731 4032 2898 4085 distat
2942 4032 3138 4086 cmlum
3170 4049 3200 4087 a
3237 4041 3404 4098 terra,

1837 4121 1930 4174 sed
1965 4121 2138 4175 adhuc
2163 4122 2331 4174 multo
2353 4123 2561 4192 magis,
2597 4122 2830 4176 clamant
2855 4139 2980 4177 cum
3006 4140 3162 4178 sacro
3189 4123 3405 4183 Psaitc:

1839 4232 1858 4264 ι
1895 4213 2005 4284 Ego
2033 4213 2143 4267 dixi
2187 4214 2301 4285 (Η)
2349 4215 2398 4268 in
2424 4216 2595 4269 extasi
2640 4231 2798 4271 mea:
2841 4215 3030 4272 Omnis
3066 4218 3226 4272 homo
3257 4236 3409 4275 tuen-

1835 4305 1978 4371 dax;
2019 4323 2039 4357 ι
2072 4321 2178 4359 non
2229 4307 2370 4374 quod
2419 4308 2639 4360 charatn
2677 4309 2786 4361 Deo
2824 4308 2937 4378 (ἀεὶ)
2986 4310 3269 4365 veritatem
3318 4312 3407 4366 fu-

1833 4399 2004 4468 giant,
2042 4400 2134 4452 sed
2165 4399 2306 4467 quod
2353 4399 2484 4453 nihil
2521 4401 2741 4468 dignum
2788 4403 3026 4470 cogitare
3055 4415 3272 4470 queant,
3313 4417 3407 4459 aut

1833 4491 2008 4559 eloqui
2051 4492 2117 4545 de
2147 4492 2347 4546 deitate
2379 4493 2614 4561 Spiritus
2645 4494 2816 4546 sancti
2845 4509 2860 4548 :
2895 4494 3026 4547 nihil
3055 4495 3121 4548 de
3147 4496 3263 4565 ejus
3287 4514 3402 4550 ina-

1837 4583 2138 4651 gnitudine,
2168 4593 2260 4637 ant
2301 4583 2447 4649 luce;
2476 4584 2655 4638 omnia
2684 4585 2828 4638 enim
2874 4585 2973 4639 sub
3004 4600 3063 4640 se
3099 4587 3283 4654 habet,
3323 4599 3407 4642 at-

1834 4691 1938 4745 que
1971 4676 2252 4738 illuminat,
2281 4685 2334 4730 et
2365 4686 2447 4731 est
2476 4677 2527 4730 itt
2553 4676 2802 4730 omnibus
2829 4693 2842 4729 :
2875 4676 3006 4730 nihil
3031 4678 3099 4730 de
3125 4680 3399 4746 potentia;

1833 4768 2011 4822 omnia
2073 4768 2216 4821 enim
2269 4767 2338 4820 ab
2393 4783 2457 4823 eo
2506 4769 2716 4822 ﬁrmata
2789 4783 2850 4822 ac
2901 4767 3136 4822 stabilita
3180 4780 3301 4824 sunt
3348 4782 3406 4827 et

1834 4860 2232 4914 fecundantttr:
2270 4861 2402 4914 nihil
2454 4859 2521 4914 de
2585 4861 2778 4928 ﬁgura,
2831 4869 2923 4913 aut
2973 4860 3268 4929 qualitate;
3318 4875 3404 4919 est

1833 4954 1976 5007 enim
2006 4952 2289 5008 invisibilis
2319 4963 2372 5008 et
2402 4954 2984 5023 incomprehensibilis,
3014 4963 3195 5024 utpote
3229 4956 3403 5026 spira-

1827 5147 1923 5200 εφε
1934 5145 2037 5182 σιν.

1895 5201 2008 5272 (ιι)
2051 5197 2162 5272 Ego
2195 5200 2330 5272 dixi.
2357 5199 2502 5272 ῐδειιῐἒ
2532 5215 2654 5260 cxv.
2689 5201 2724 5253 2
2745 5199 2878 5271 (sive
2904 5199 3014 5272 ll).

1895 5269 2019 5346 (μζ
2046 5269 2277 5346 (Πίστωνι
2307 5271 2431 5326 Deo.
2469 5271 2655 5346 Codex
2678 5269 3275 5346 nientlos:2,_'05wt;~"§qv.
3306 5273 3401 5329 Le-

1821 5338 2030 5410 goGeq)
2056 5339 2231 5416 φίλην.
2261 5339 2334 5393 Ita
2361 5358 2530 5407 segni.
2685 5359 2726 5416 ιιΔ
2746 5345 2822 5416 ait
2847 5360 2860 5396 ι
2889 5343 3021 5396 Φίλα
3047 5338 3402 5416 αῦτῷπρᾲτ-

1825 5427 1925 5488 τει,
1954 5411 2271 5488 _etAin_lil_iro
2299 5417 2545 5488 adversus
2582 5410 2900 5488 Μαηίσίιςιιοε
2937 5430 3054 5484 pag.
3084 5410 3190 5488 {13
3221 5432 3235 5468 :
3264 5410 3394 5488 Φίλη

1821 5481 1878 5554 δε
1911 5480 1988 5550 τῷ
2021 5480 2138 5554 Θεῷ
2177 5482 2209 5551 ὴ
2248 5482 2438 5553 ἀρετή,
2478 5483 2526 5535 id
2567 5491 2672 5546 est,
2714 5501 2731 5533 ι
2777 5485 2868 5538 Est
2897 5480 3075 5538 autem
3109 5485 3214 5539 Dto
3246 5480 3399 5554 grata

1823 5533 2012 5606 virttis.
2038 5533 2069 5602 γι
2102 5533 2372 5607 .itts'tint'ts
2401 5533 2632 5620 quoque,
2658 5533 2671 5546 ’
2691 5562 2748 5605 ttt
2900 5533 3396 5619 Titi

1827 5622 1998 5695 prima
2039 5623 2286 5695 Apologia
2307 5640 2465 5695 num.
2500 5623 2568 5678 68
2595 5623 2784 5695 scribit
2817 5641 2830 5676 :
2869 5625 2934 5695 Ὅ
2966 5622 3115 5692 φίλον
3145 5622 3222 5695 τῷ
3256 5623 3399 5695 Θεῷ,

1825 5691 1983 5745 τοῦτο
2006 5691 2265 5763 γενέσθω,
2303 5693 2355 5750 id
2391 5702 2473 5749 est
2503 5711 2522 5746 ι
2565 5695 2706 5765 quod
2732 5692 2839 5748 Deo
2865 5691 3060 5763 placet,
3089 5695 3140 5749 id
3165 5691 3275 5748 li'at.
3307 5713 3328 5747 ι
