3740 6306
295 326 401 383 739

1527 321 1762 379 DIDYMI
1801 323 2275 383 ALEXANDRINI

3446 328 3556 385 71ιο

295 445 475 501 culum
514 440 631 513 (seu
681 438 862 507 ﬂatus)
905 432 1304 511 Omnipotentis
1347 437 1415 513 (si
1455 439 1599 497 enim
1625 442 1871 521 oninipog

2015 444 2365 516 αντοκράτωρ
2390 450 2393 451 ⁷
2421 442 2610 516 Πατὴρ
2677 422 3086 517 ἀσχημάτιστος
3150 442 3248 497 καὶ
3297 442 3559 515 ἀόρατος,

294 548 415 594 tens
451 536 612 589 Pater
644 532 829 603 ﬁgurae
878 547 1072 602 expers
1116 543 1219 598 est,
1260 542 1314 587 et
1340 530 1675 600 invisibilis,
1723 535 1865 588 sicut

296 640 381 684 est
434 629 594 681 etiam
645 616 854 679 summe
906 625 1293 693 incorporeus,
1342 620 1597 693 et'SUpra
1650 640 1863 680 omnem

294 719 674 788 cogitationem
699 716 997 781 extollitur,
1030 716 1273 785 profecto
1310 717 1434 770 talis
1463 726 1548 771 est
1580 717 1859 772 viviﬁcans

294 823 507 879 quoque
559 808 813 877 Spiritus,
856 807 948 876 qui
998 822 1064 861 ex
1112 808 1229 877 ipso
1258 808 1561 878 procedit):
1618 808 1749 863 nihil
1800 810 1865 864 de

228 954 231 959 ι
292 902 552 965 bonitate,
606 908 698 952 aut
748 899 1068 961 :eternitate,
1126 909 1219 952 aut
1266 900 1445 953 divina
1494 901 1702 969 gloria;
1742 917 1863 955 nam

297 999 530 1068 Spiritus
570 1007 653 1053 est
683 1008 923 1061 sanctus,
959 1007 1013 1051 et
1049 1015 1077 1051 e
1113 1007 1299 1052 saneto
1341 999 1447 1053 Deo
1481 999 1643 1053 Patre
1671 1000 1862 1055 eluxit.

292 1090 598 1152 Alloquitur
646 1104 775 1156 ergo
830 1090 1117 1157 Apostolus
1165 1090 1473 1157 spirituales
1514 1092 1595 1144 his
1638 1092 1861 1145 verbis:

301 1200 321 1232 ι
360 1182 473 1235 Νυιι
502 1182 634 1236 estis
666 1181 778 1253 (45)
814 1183 863 1233 in
893 1196 1058 1235 carne
1081 1222 1095 1243 ,
1147 1183 1240 1235 sed
1276 1183 1327 1234 in
1356 1182 1585 1248 Spiritu,
1611 1182 1653 1235 si
1686 1190 1865 1236 tamen

296 1272 530 1341 Spiritus
560 1272 649 1325 Dei
705 1272 908 1325 habitat
956 1273 1006 1325 in
1044 1273 1230 1338 Vobis;
1264 1290 1281 1322 ι
1332 1281 1385 1326 et
1416 1288 1602 1326 rursus
1634 1292 1646 1326 :
1684 1292 1701 1324 ι
1742 1272 1870 1326 Fra-

297 1376 405 1418 tres
432 1365 564 1437 (M),
594 1374 647 1418 et
691 1364 732 1417 si
764 1375 1167 1434 praeoccupatus
1217 1366 1378 1419 fuerit
1424 1367 1585 1421 homo
1617 1382 1682 1421 ex
1719 1368 1869 1422 vobis

295 1454 350 1507 in
385 1456 564 1524 aliquo
595 1454 813 1517 delicto,
843 1470 961 1518 vos,
986 1456 1077 1523 qui
1112 1455 1422 1523 spirituales
1452 1455 1605 1518 estis,
1632 1456 1869 1525 perﬁcite

296 1545 457 1599 talem
506 1546 559 1599 in
602 1545 793 1615 spiritu
844 1546 1102 1601 lenitatis.
1161 1564 1180 1598 ι
1233 1552 1311 1601 Ac
1338 1552 1403 1601 de
1439 1548 1658 1601 Daniele
1706 1548 1867 1602 etiam

294 1636 556 1705 scriptum
590 1644 668 1689 est
701 1653 715 1690 :
770 1652 788 1685 ι
827 1634 1063 1704 Spiritus
1102 1637 1215 1705 (45)
1256 1637 1504 1706 copiosus
1533 1647 1649 1689 erat
1690 1638 1741 1691 in
1794 1639 1871 1705 ip-

297 1741 359 1780 so
394 1744 407 1779 :
446 1744 467 1777 ι
500 1727 838 1795 amigmatice
868 1737 1047 1781 autem
1077 1728 1479 1796 signiﬁcabatur
1506 1730 1662 1800 291
1704 1731 1873 1801 Spiri-

1969 534 2103 587 καθὸ
2124 522 2223 588 καὶ
2248 534 2679 606 ῦπερασώματος
2718 537 2812 590 καὶ
2839 536 2978 609 ὑπὲρ
3008 538 3188 589 πᾶσαν
3210 536 3398 605 νόησιν
3428 536 3567 589 ἁνα-

1969 624 2237 693 6ε6ηκὼς,
2273 624 2452 694 δῆλον,
2480 627 2560 678 ὅτι
2590 627 2682 680 καὶ
2714 627 2776 679 τὸ
2812 627 2873 691 ἐξ
2905 626 3069 680 αὐτοῦ
3113 626 3566 695 ἐκπορευόμενον

1972 714 2233 783 ζωογονον
2283 716 2550 785 Πνεῦμα.)⁸
2581 718 2640 769 οὐ
2690 719 2817 787 περὶ
2859 718 3212 788 ἁγαθὸτητος,
3256 718 3287 788 ἢ
3322 717 3567 785 ἁῖδιότη-

1969 823 2079 870 τος,
2109 807 2141 877 ἢ
2176 807 2332 876 δόξης
2385 807 2611 877 θεῖκῆς·
2649 809 2870 879 Πνεῦμα
2914 810 3021 881 γάρ
3075 812 3220 862 ἐστιν
3274 808 3456 876 ἅγιον,
3506 810 3563 875 ἐξ

1972 899 2126 967 ἁγίου
2178 898 2313 951 Θεοῦ
2350 900 2558 971 Πατρὸς
2594 901 2877 969 ὲκφανθὲν.
2914 901 3228 970 Διαλέγεται
3280 896 3375 953 οὖν
3423 900 3562 968 πρὸς

1971 992 2096 1054 τοὺς
2142 994 2545 1061 πνευματικοὺς
2593 993 2859 1046 οὑτωσεί·
2894 1012 2912 1044 ι
2960 995 3072 1046 Οὐκ
3118 993 3239 1045 ἐστὲ
3281 994 3341 1044 ὲν
3374 993 3559 1063 σαρκὶ.

1971 1080 2083 1133 ἀλλ’
2133 1082 2192 1133 ὲν
2235 1082 2533 1151 Πνεῦματι,
2591 1084 2750 1155 εἴπερ
2810 1083 3032 1154 Πνεῦμα
3086 1083 3226 1136 Θεοῦ
3289 1085 3434 1135 οἰκεῖ
3502 1085 3559 1134 ὲν

1972 1172 2131 1242 ὑμῖν
2172 1192 2191 1225 ι
2241 1174 2333 1226 καὶ
2378 1175 2571 1227 πάλινο
2606 1194 2623 1226 t
2668 1177 2929 1246 Ἀδελφοὶ.
2974 1176 3068 1229 ἐὰν
3122 1176 3219 1229 καὶ
3266 1174 3555 1246 προληφθῇ

1972 1262 2255 1334 ἅνθρωπος
2298 1264 2357 1329 ἐξ
2395 1265 2548 1336 ὑμῶν
2599 1267 2656 1321 ἓν
2696 1285 2798 1321 τινι
2846 1269 3273 1339 παραπτώματι,
3298 1268 3459 1336 ὑμεῖς
3509 1267 3554 1318 oi

1974 1357 2328 1425 πνευματικοὶ
2380 1359 2737 1429 καταρτίζετε
2781 1359 2873 1412 τὸν
2904 1360 3143 1412 τοιοῦτον
3185 1361 3244 1412 ὲν
3280 1360 3553 1428 πνεύματι

1976 1446 2298 1516 πραότητος.
2338 1463 2355 1495 ι
2403 1445 2648 1517 Ἐγρὰφη
2691 1448 2747 1500 δὲ
2800 1448 2892 1501 καὶ
2927 1448 3051 1518 περὶ
3084 1446 3176 1499 τοῦ
3214 1446 3435 1516 Δανιὴλ,
3476 1446 3553 1497 ὃτι

1980 1554 1998 1587 ι
2031 1537 2254 1608 Πνεῦμα
2293 1540 2550 1609 περισσὸν
2584 1535 2650 1610 ἦν
2689 1541 2747 1591 ὲν
2772 1538 2949 1608 αὐτῷ’
2986 1558 3005 1589 ι
3042 1536 3460 1608 αἰνιγματωδῶς
3500 1535 3553 1588 δὲ

1973 1628 2034 1681 τὸ
2082 1628 2234 1697 ἆγιον
2287 1631 2535 1701 ἐδηλοῦτο
2571 1629 2813 1700 Πνεῦμα.
2874 1632 3149 1700 Ψυχικοὺς
3188 1630 3245 1681 δὲ
3298 1628 3550 1697 ὀνομάζει

1977 1726 2262 1796 Ἕλληνας,
2302 1726 2609 1788 Ἰουδαίους,
2642 1726 2736 1777 καὶ
2765 1727 3094 1796 αἱρετικοὺς,
3140 1724 3332 1793 ἐπειδὴ
3367 1722 3550 1775 συλλοο

302 1827 388 1870 tus
424 1829 661 1872 sanctus.
712 1819 987 1873 Animales
1028 1836 1155 1873 vero
1214 1823 1455 1875 nominat
1496 1822 1734 1887 Graecos,
1777 1821 1871 1877 Ju-

2015 1819 2189 1886 ισμοῖς
2237 1816 2334 1868 καὶ
2395 1816 2765 1886 διαλογισμοῖς
2815 1815 3089 1887 στρεϐλοῖς
3134 1814 3548 1885 ὲναϐρυνόμενοι

301 1908 464 1971 dmos,
498 1917 553 1961 et
584 1907 891 1969 haereticos,
934 1908 1060 1975 quia
1115 1908 1168 1962 in
1200 1910 1459 1963 tortuosis
1507 1910 1744 1979 ipsorum
1785 1927 1871 1966 ra-

302 1997 736 2051 tiocinationibus
762 2005 816 2051 et
858 1996 1313 2065 disputationibus
1338 1998 1652 2068 gloriantes,
1676 2016 1869 2069 quam-

298 2088 382 2141 vis
416 2104 600 2143 earum
637 2089 1056 2143 imbecillitatem
1098 2091 1356 2155 sentiant,
1408 2105 1503 2144 nos
1536 2092 1870 2162 impugnant,

300 2195 401 2235 nec
430 2181 595 2235 Deum
630 2195 751 2235 esse
780 2180 1107 2235 conﬁtentur
1157 2182 1416 2251 Spiritum
1459 2194 1703 2237 sanctum
1752 2185 1867 2241 Dei.

304 2272 502 2327 Scribit
534 2282 713 2326 autem
752 2272 917 2325 etiam
966 2273 1015 2324 in
1049 2287 1145 2327 eos
1180 2272 1377 2326 alicubi
1426 2276 1503 2328 sic
1538 2292 1554 2329 :
1591 2293 1609 2325 ι
1646 2274 1872 2328 Anima-

303 2363 378 2417 les
430 2362 566 2432 (46),
615 2361 878 2431 Spiritum
933 2379 1037 2416 non
1087 2365 1378 2431 habentes;
1452 2384 1470 2417 ι
1536 2376 1591 2419 et
1639 2382 1868 2420 rursus:

307 2470 327 2503 ι
359 2452 622 2507 Animalis
659 2452 770 2523 (47)
820 2462 999 2505 autem
1054 2453 1215 2507 homo
1248 2470 1352 2507 non
1405 2455 1593 2522 recipit
1618 2469 1702 2519 ea,
1754 2471 1873 2525 qua:

301 2554 427 2598 sunt
460 2542 694 2611 Spiritus
728 2543 861 2604 Dei;
915 2544 1141 2597 stultitia
1173 2545 1322 2598 enim
1369 2554 1495 2599 sunt
1532 2546 1632 2614 illi,
1666 2557 1719 2599 et
1765 2564 1870 2601 non

302 2647 478 2706 potest
510 2636 825 2706 intelligere.
854 2634 1162 2705 Spiritualis
1195 2646 1375 2691 autem
1416 2637 1625 2705 judicat
1650 2640 1867 2709 quidem

302 2742 490 2781 omnes
540 2726 674 2796 (48),
707 2728 819 2796 ipse
869 2741 995 2780 vero
1045 2742 1074 2779 a
1134 2730 1349 2782 nemine
1394 2728 1709 2796 judicatur;
1754 2750 1772 2782 ›
1820 2741 1873 2783 et

303 2837 492 2877 rursus
519 2837 861 2876 communem
907 2836 1027 2876 esse
1078 2822 1303 2890 Spiritui
1354 2832 1541 2876 sancto
1580 2825 1872 2880 ostendens

304 2928 467 2967 unam
501 2912 976 2966 clementissimam
1013 2922 1278 2975 naturam,
1320 2917 1437 2966 ait:
1481 2932 1498 2964 ι
1538 2914 1592 2966 Si
1629 2930 1733 2983 qua
1761 2916 1871 2985 (49)

304 3003 727 3059 communicatio
750 3004 1007 3070 Spiritus.
1046 3022 1065 3054 ι
1114 3002 1372 3057 Carnales
1409 3021 1560 3068 vero,
1592 3019 1683 3059 aut
1706 3018 1875 3063 terre-

303 3110 403 3149 nos
435 3102 597 3148 vocat
629 3109 744 3158 eos,
778 3096 868 3161 qui
904 3094 956 3146 in
990 3104 1186 3147 terram
1225 3095 1463 3149 inclinati
1510 3107 1636 3150 sunt
1672 3116 1685 3151 :
1740 3114 1871 3167 quo-

306 3187 449 3241 niam
485 3201 607 3241 cum
637 3185 690 3238 in
731 3185 1202 3253 intemperantiam
1245 3187 1357 3255 (50)
1397 3188 1581 3241 rabide
1614 3166 1872 3255 ferantur,
1902 3166 1943 3220 δ

306 3288 360 3333 et
396 3293 483 3345 ea,
528 3292 648 3345 qua:
699 3276 1051 3345 vituperanda
1106 3287 1253 3342 sunt,
1293 3294 1410 3331 cum
1461 3279 1525 3333 iis
1574 3279 1871 3346 conferant,

306 3385 426 3439 qua:
458 3370 509 3422 in
536 3369 706 3437 pretio
737 3367 923 3421 haberi
951 3367 1167 3433 debent,
1196 3377 1249 3420 et
1290 3370 1660 3425 materialibus
1705 3372 1874 3442 subjio

305 3461 517 3515 ciantur
544 3460 901 3528 passiouibus,
937 3467 991 3510 et
1036 3460 1088 3511 in
1136 3459 1383 3527 turpibus
1416 3461 1737 3525 actionibus,
1771 3462 1876 3516 vel-

304 3553 381 3608 uti
448 3553 499 3605 in
544 3566 722 3615 cceno,
776 3566 990 3619 semper
1040 3551 1366 3612 volutentur.
1418 3553 1516 3620 ipsi
1560 3554 1719 3605 etiam
1756 3555 1875 3608 ani-

307 3643 537 3697 malibus
579 3642 884 3696 hominibus
918 3658 1074 3711 pares
1098 3643 1496 3708 quodammodo
1526 3644 1699 3709 liunt;
1751 3661 1871 3698 nam

305 3736 528 3805 perinde
570 3735 723 3804 quasi
761 3734 813 3787 in
860 3735 1107 3802 utrisque
1139 3734 1333 3788 aninta:
1384 3737 1716 3804 perspicacia
1763 3736 1874 3804 (51)

305 3828 537 3898 quadam
568 3828 887 3896 lippitudine
929 3828 1186 3896 impedita
1244 3845 1307 3883 ac
1338 3828 1509 3882 velata
1560 3830 1653 3895 sit,
1698 3831 1875 3884 neutri

307 3918 597 3971 illuminari
644 3926 870 3986 possunt
920 3935 946 3969 a
988 3933 1203 3986 semper
1240 3920 1357 3971 viva
1429 3928 1483 3972 et
1522 3934 1709 3974 serena
1760 3921 1877 3975 luce

305 4009 539 4076 Spiritus
571 4009 763 4068 sancti,
794 4009 887 4062 sed
914 4008 1237 4062 decrescunt
1271 4009 1325 4062 iu
1358 4010 1471 4063 dies
1501 4026 1564 4063 ae
1594 4012 1876 4078 prolabutv

310 4112 418 4164 tur,
450 4116 514 4154 ac
541 4101 706 4153 Veluti
739 4111 1069 4167 unguentum
1108 4100 1219 4154 luto
1249 4103 1593 4155 commistum
1656 4104 1877 4156 omnino

308 4201 534 4261 pert-unt
562 4210 575 4245 :
609 4206 675 4246 ne
715 4192 845 4244 illud
880 4193 1093 4261 quidem
1141 4193 1372 4246 fortasse
1405 4194 1787 4263 intelligentes,
1818 4212 1876 4251 se

307 4286 398 4335 illo
427 4286 564 4335 bono
596 4283 814 4351 privari,
847 4284 988 4350 quod
1019 4300 1182 4335 umun
1231 4299 1294 4336 ac
1330 4284 1500 4336 solum
1541 4286 1737 4339 bonum
1773 4296 1873 4341 est.

305 4376 576 4439 Quantum
625 4376 765 4427 enim
812 4375 882 4427 sit
914 4376 1185 4438 daumum,
1227 4376 1368 4442 quod
1410 4376 1530 4428 inde
1563 4379 1755 4441 oritur,
1786 4387 1877 4431 aut

308 4466 486 4536 potius
517 4464 822 4518 omnimoda
869 4466 1118 4534 perditio,
1154 4481 1310 4519 nemo
1356 4467 1540 4519 verbis
1573 4468 1876 4535 exprimere

309 4565 520 4627 potest,
574 4556 675 4609 etsi
714 4555 862 4609 Otnni
917 4557 1110 4609 mentis
1137 4567 1333 4609 conatu
1376 4565 1557 4608 utatur
1624 4571 1685 4610 ac
1726 4559 1879 4611 vehe-

309 4650 531 4705 utentia.
580 4649 653 4703 De
679 4650 761 4703 his
802 4664 965 4716 porro
996 4650 1158 4701 etiam
1203 4650 1281 4702 sic
1316 4649 1609 4717 loquuntur
1636 4647 1878 4717 Scriptur-

310 4758 404 4798 ιω.
442 4743 579 4796 Deus
614 4742 831 4811 quidem
871 4742 922 4795 in
950 4741 1144 4795 Genesi
1174 4742 1286 4795 ait:
1322 4759 1340 4791 ι
1370 4738 1719 4809 Nequaquam
1763 4740 1875 4809 (52)

379 4942 489 5012 (45)
534 4938 652 5012 Non
673 4940 1004 5012 estis._Rom.
1040 4954 1157 5004 vm,
1188 4939 1241 5012 ρ.

383 5005 492 5082 (44)
540 5010 771 5064 Fratres.
807 5010 979 5065 Galat.
1006 5027 1079 5082 v_t,
1114 5015 1161 5062 t.
1199 5008 1371 5082 Voces
1400 5006 1460 5070 ἐξ
1484 5005 1660 5077 ὑμῶν,
1690 5005 1741 5059 id
1770 5012 1872 5071 est,

317 5100 338 5134 ι
375 5079 438 5136 ex
462 5085 633 5141 vobis,
664 5100 682 5131 ι
712 5082 901 5133 desunt
929 5084 981 5132 in
1011 5079 1195 5143 Graeca
1226 5080 1476 5132 editione.

383 5151 494 5221 (45)
522 5152 766 5221 Spiritus.
804 5151 933 5202 Dan.
959 5165 1009 5214 ν,
1041 5150 1107 5221 if)
1134 5158 1248 5214 (seu
1296 5149 1378 5205 12)
1406 5164 1435 5221 ;_
1455 5163 1526 5221 ξἰ,
1553 5146 1605 5200 5.

384 5216 495 5290 (46)
537 5220 822 5273 Animulas.
846 5221 1028 5290 _Epist.
1062 5217 1386 5290 Judazpvers.
1417 5216 1503 5290 19_.

384 5283 809 5413 (475)5Anintalts.
844 5283 1015 5343 lCor.
1060 5306 1119 5354 ιι,
1177 5288 1241 5340 14
1276 5328 1291 5353 ,
1326 5288 1411 5341 15.
1480 5285 1609 5340 Vide
1649 5294 1763 5341 not.
1820 5283 1874 5351 1,

384 5377 433 5413 ιι.
535 5398 549 5412 .
1550 5384 1557 5389 -

350 5360 433 5416 ait.
458 5360 549 5413 55.
1550 5384 1557 5389 -

310 5378 740 5497 μδὲἷῦὸηιηει.
782 5427 965 5481 Graeca
993 5427 1155 5481 editio
1197 5437 1251 5481 et
1276 5425 1432 5496 Vulg.
1461 5384 1728 5495 interpres
1774 5422 1872 5477 ha-

309 5498 441 5559 bent
466 5500 661 5563 πάντα,
693 5498 743 5551 id
770 5509 850 5550 est
879 5515 896 5546 ι
936 5498 1136 5550 omnia.
1171 5516 1191 5550 ι

536 5568 737 5650 ξίφη.
770 5567 1000 5650 Philipp.
1034 5582 1096 5632 ιι,
1215 5565 1550 5650 Υἰιιθρεειηη
1567 5563 1635 5618 78

407 5634 494 5707 50)
533 5639 596 5694 In
623 5634 1087 5706 intemperantiam.
1118 5638 1318 5707 Codex,
1350 5634 1643 5706 ἀκρασίαν.
1668 5634 1878 5690 Fortas-

313 5721 371 5767 ιο
394 5706 675 5780 legendum
706 5708 840 5779 πρὸς
887 5706 1173 5779 ἀκρασίαν.

1972 1908 2398 1978 γνωσιμαχοῦσι,
2436 1909 2528 1962 καὶ
2571 1910 2668 1979 οὐχ
2723 1909 3045 1979 ὁμολογοῦσι
3095 1907 3228 1960 Θεὸν
3285 1907 3348 1959 τὸ
3399 1907 3548 1974 ἁγιον

1972 2000 2193 2070 Πνεῦμα
2238 2000 2331 2052 τοῦ
2369 1998 2526 2053 Θεοῦ.
2584 1999 2915 2053 Ἐπιστέλλει
2961 1999 3017 2052 δὲ
3054 1999 3146 2051 καὶ
3191 1998 3329 2069 πρὸς
3359 1998 3550 2060 αὐτοὺς

1971 2091 2112 2145 οὕτω
2149 2110 2249 2144 που
2270 2109 2284 2123 ·
2320 2109 2338 2143 ι
2377 2093 2615 2161 Ψυχικοὶ
2648 2091 2870 2162 Πνεῦμα
2901 2091 2975 2162 μὴ
2997 2090 3208 2160 ἔχοντες
3233 2106 3251 2122 ο
3292 2109 3309 2140 ι
3347 2091 3444 2143 καὶ
3466 2086 3552 2143 αῦ-

1973 2179 2057 2243 θις
2082 2198 2094 2211 ο
2127 2200 2144 2232 ‹
2184 2180 2429 2251 Ψυχικὸς
2461 2180 2586 2252 [156
2616 2180 2670 2251 u]
2699 2181 2754 2233 δὲ
2802 2180 3085 2250 ἄνθρωπος
3127 2180 3187 2232 οὐ
3237 2180 3458 2249 δέχεται
3487 2179 3551 2230 τὰ

1970 2272 2062 2325 τοῦ
2094 2272 2409 2342 Πνεῦματος
2436 2272 2529 2325 τοῦ
2557 2272 2691 2326 Θεοῦ
2714 2289 2727 2301 ·
2758 2272 2936 2343 μωρία
2960 2271 3066 2342 γὰρ
3092 2272 3237 2341 αὐτῷ
3264 2274 3434 2333 ἐστιν,
3463 2274 3551 2323 καὶ

1970 2366 2031 2418 οὐ
2088 2366 2309 2418 δύναται
2360 2365 2583 2433 γνῶναι.
2628 2365 2684 2418 Ὀ
2731 2365 2787 2417 δὲ
2860 2365 3225 2435 πνευματικὸς
3272 2365 3551 2434 ἀνακρίνει

1976 2458 2071 2527 μὲν
2101 2458 2325 2520 πάντας,
2355 2458 2513 2520 αὐτὸς
2538 2458 2593 2510 δὲ
2626 2456 2717 2509 ὑπ’
2751 2457 2961 2519 οὐδενὸς
2987 2456 3359 2528 ἀνακρίνεται.
3396 2476 3415 2507 ι
3447 2457 3552 2509 Καὶ

1975 2547 2157 2610 πάλιν,
2187 2548 2247 2601 τὸ
2282 2548 2413 2619 πρὸς
2434 2548 2531 2618 τὴν
2568 2548 2735 2618 μόνην
2767 2548 3126 2619 ἡμερωτάτην
3155 2548 3316 2617 φῦσιν
3343 2548 3550 2601 ἐπίκοι-

1972 2658 2059 2692 νον
2113 2640 2206 2693 τοῦ
2240 2641 2392 2708 ἁγίου
2428 2640 2742 2710 Πνεῦματος
2768 2639 2963 2709 δηλῶν,
2992 2639 3119 2711 ἔφη’
3162 2660 3179 2691 ι
3223 2640 3293 2692 Εἰ
3325 2657 3410 2703 τις
3444 2656 3552 2692 κοι-

1972 2734 2135 2786 νωνία
2182 2732 2517 2803 Πνεύματος.
2556 2752 2574 2783 ι
2612 2734 2913 2802 Σαρκικοὺς
2946 2733 3023 2796 δὲ,
3064 2733 3095 2803 ἢ
3143 2733 3361 2802 χοῖκοὺς
3406 2733 3553 2785 καλεῖ

1972 2824 2096 2885 τοὺς
2129 2826 2194 2893 τῇ
2227 2825 2295 2893 γῇ
2341 2822 2836 2884 κατανενευκὸταςο
2876 2823 3062 2893 ἐπειδὴ
3106 2824 3379 2894 ἀκρασίαν
3432 2824 3549 2875 λυτ-

1972 2914 2193 2976 τῶντες.
2229 2914 2323 2967 καὶ
2362 2912 2432 2966 τὰ
2461 2912 2858 2982 διαϐεϐλημένα
2898 2918 3009 2977 τοῖς
3054 2916 3254 2983 τιμίοις
3303 2932 3548 2985 παραμε-

1974 3004 2248 3075 τροῦντες,
2299 3006 2393 3058 καὶ
2447 3009 2558 3067 τοῖς
2620 3004 2825 3066 ὑλικοῖς
2860 3006 3265 3077 ὑποκαθήμενοι
3304 3008 3545 3070 πάθεσιν,

1977 3095 2069 3145 καὶ
2094 3093 2293 3145 ὡσανεὶ
2324 3092 2567 3165 βορϐόρῳ
2600 3097 2717 3156 ταῖς
2748 3095 3001 3164 αἰσχραῖς
3028 3095 3113 3148 ἀεὶ
3141 3096 3548 3165 ὲγκυλινδοὺμε-

1976 3202 2056 3237 νοι
2105 3184 2386 3253 πράξεσιν,
2420 3186 2515 3237 καὶ
2547 3185 2699 3237 αὐτοὶ
2734 3186 3068 3256 παράλληλοί
3102 3205 3217 3250 πως
3247 3190 3361 3241 τοῖς
3395 3188 3545 3257 duxi-

1977 3280 2090 3339 κοῖς
2126 3276 2453 3328 καθεστᾶσιν
2518 3275 2605 3338 Ὠς
2630 3274 2739 3346 γὰρ
2770 3276 2873 3327 ὑπό
2902 3294 3043 3340 τινος
3074 3277 3255 3347 λήμης
3290 3279 3351 3330 τὸ
3375 3279 3545 3349 διορα-

1974 3367 2121 3421 τικὸν
2160 3369 2257 3437 τῆς
2294 3367 2468 3436 ψυχῆς
2503 3366 2667 3436 ἄμφω
2704 3369 3142 3439 ὲπισκεπόμενοι,
3199 3371 3261 3422 οὐ
3304 3370 3545 3425 δύνανται

1976 3461 2426 3529 καταλάμπεσθαι
2456 3460 2560 3513 ὑπὸ
2602 3460 2695 3513 τοῦ
2731 3462 2959 3525 ἀειζώου
2998 3463 3091 3515 καὶ
3135 3462 3334 3515 ἀπόνου
3382 3465 3545 3531 φωτὸς

1975 3552 2067 3603 τοῦ
2099 3551 2251 3619 ἁγίου
2308 3551 2618 3621 Πνεῦματος
2641 3570 2656 3584 ο
2701 3553 2813 3605 ἁλλ’
2845 3555 2902 3605 ἐν
2942 3553 3254 3606 ἁποπτὼσει
3288 3556 3536 3622 γίνονται,

1977 3642 2069 3695 καὶ
2092 3644 2386 3713 ἐσκπάμπαν
2416 3644 2762 3708 ἀπόλλυνται,
2802 3645 2877 3708 ὡς
2912 3644 3082 3716 μύρον
3130 3645 3371 3717 βορϐόρῳ
3413 3664 3540 3717 συμ-

1978 3734 2182 3786 πλακέν
2203 3750 2215 3762 ·
2252 3733 2372 3786 οὐδὲ
2401 3734 2670 3796 συνιέντες
2699 3735 2856 3805 τάχα,
2886 3735 2959 3798 ὼς
2992 3737 3085 3787 τοῦ
3116 3737 3232 3798 ἑνὸς
3266 3738 3359 3790 καὶ
3393 3739 3538 3808 μόνον

1978 3824 2294 3895 στεροῦνται
2333 3824 2558 3891 ἀγαθοῦ.
2596 3826 2806 3895 Πηλίκη
2847 3826 2953 3895 γὰρ
2990 3828 3023 3896 ἡ
3073 3827 3323 3881 ἐντεῦθεν
3363 3830 3541 3900 ζημία,

1979 3917 2177 3989 μᾶλλον
2211 3918 2268 3970 δὲ
2301 3916 2565 3986 παντελὴς
2594 3918 2857 3983 ἀπώλεια,
2886 3920 3061 3981 οὐδεὶς
3091 3920 3233 3991 λόγῳ
3267 3924 3539 3993 παραστῆ-

1978 4027 2066 4062 σαι
2096 4008 2335 4071 δύναται,
2380 4008 2481 4061 κᾶν
2513 4009 2660 4081 πάσῃ
2688 4013 2953 4081 χρήσηται
2982 4011 3219 4077 διανοίας
3258 4014 3541 4085 ὑπερϐολῇ.

1976 4102 2287 4173 Διαγορεύει
2313 4101 2367 4154 δὲ
2397 4102 2487 4155 καὶ
2520 4104 2646 4174 περὶ
2674 4105 2874 4157 τούτων
2906 4107 2934 4157 ὁ
2986 4106 3081 4174 μὲν
3109 4105 3239 4169 Θεὸς
3272 4108 3330 4159 ἐν
3357 4111 3420 4178 τῇ
3455 4108 3533 4159 Γεο

1976 4194 2117 4245 νὲσει
2165 4193 2388 4246 τοιῶσδε
2414 4211 2427 4223 ο
2462 4214 2478 4245 ι
2517 4196 2590 4247 Οὐ
2632 4195 2706 4265 μὴ
2747 4195 3049 4268 καταμείνῃ
3086 4198 3145 4249 τὸ
3189 4198 3414 4268 Πνεῦμά
3451 4218 3541 4269 μου

1977 4286 2033 4337 ἐν
2056 4288 2165 4347 τοῖς
2200 4284 2507 4355 ἀνθρώποις
2533 4286 2744 4348 τούτοις
2773 4288 2852 4347 είς
2876 4288 2964 4339 τὸν
2987 4287 3178 4351 αἰῶνα,
3210 4290 3299 4341 διὰ
3332 4291 3391 4342 τὸ
3418 4288 3541 4344 εἶναι

1975 4375 2170 4437 αὐτοὺς
2210 4377 2418 4447 σάρκας
2446 4390 2461 4404 ⁸
2494 4395 2512 4427 ι
2544 4378 2571 4427 ὁ
2611 4376 2666 4429 δὲ
2700 4376 2941 4440 Παῦλοςυ
2978 4395 2995 4427 ι
3029 4374 3152 4441 Οἷος
3195 4380 3223 4431 ὁ
3253 4382 3430 4449 χοῖκὺς
3462 4384 3543 4436 ἁν-

1978 4466 2212 4535 θρωπος,
2258 4467 2486 4520 τοιοῦτοι
2537 4468 2631 4521 καὶ
2665 4470 2711 4520 οἱ
2752 4468 2953 4537 χοῖκοί’
2982 4471 3075 4522 καὶ
3109 4465 3217 4533 οἷος
3254 4474 3281 4524 ὁ
3317 4474 3539 4544 ἐπουρά-

1977 4575 2106 4621 νιος,
2150 4558 2380 4611 τοιοῦτοι
2424 4560 2515 4613 καὶ
2568 4563 2616 4613 oi
2661 4558 3005 4627 ἐπουράνιοι·
3055 4581 3073 4612 ι
3138 4564 3169 4632 ἡ
3235 4563 3291 4616 δὲ
3344 4565 3535 4633 Σοφία*

1984 4669 2002 4701 ι
2035 4650 2245 4703 Σκολιοὶ
2286 4653 2393 4722 γὰρ
2422 4654 2671 4723 λογισμοὶ
2708 4654 3029 4724 χωρίζουσιν
3060 4656 3166 4707 ἀπὸ
3202 4656 3336 4708 Θεοῦ
3362 4674 3376 4687 ο
3415 4659 3539 4711 δοκιε

1981 4740 2259 4810 μαζομὲνη
2302 4740 2359 4793 δὲ
2404 4744 2437 4813 ἡ
2466 4742 2695 4813 δύναμις
2752 4744 2963 4813 ἐλέγχει
2997 4742 3119 4816 [lii-ie
3144 4742 3197 4815 ὁ]
3228 4746 3355 4809 τοὺς
3388 4747 3541 4818 ἀφρο-

2057 4935 2169 5005 (5l)
2206 4933 2568 5011 ⁸Ρενιρίεέιείςι.
2619 4934 2674 4990 In
2711 4936 2918 5002 Graeco,
2946 4940 3266 5011 διορατικόν.
3308 4938 3366 4993 In
3404 4957 3538 4995 com-

1990 5003 2268 5077 mentariis
2317 5007 2375 5077 in?
2408 5003 2645 5077 Paulmos
2689 5010 2753 5059 ad
2784 5024 2919 5062 vers.
2956 5003 3245 5077 17'psalmi
3290 5025 3442 5073 criti,
3488 5011 3538 5063 τὸ

1991 5076 2099 5127 πᾶν
2122 5075 2423 5144 διορατικὸν
2453 5075 2608 5143 γένος
2635 5087 2789 5131 vocat
2823 5094 3010 5135 omnes
3044 5075 3284 5134 homines
3310 5093 3536 5135 eontem-

1984 5146 2201 5213 plationi
2238 5146 2466 5201 deditos.

2058 5213 2576 5284 (52))Vequaquam.
2610 5214 2745 5269 Gen.
2778 5233 2850 5281 νι,
2888 5217 2940 5272 5.
2972 5218 3140 5272 Simili
3173 5221 3335 5272 modo
3373 5222 3437 5273 ad
3465 5237 3538 5273 ca-

1984 5282 2079 5359 put
2110 5301 2146 5338 ιι
2178 5282 2423 5359 Epistolas:
2450 5286 2631 5359 prima:
2656 5285 2795 5341 Petri
2815 5289 2889 5340 ait
2922 5290 3174 5359 Didymus
3206 5306 3218 5340 :
3260 5308 3277 5340 ι
3315 5289 3536 5344 Carneus

1978 5357 2144 5416 enim,
2207 5355 2298 5420 qui
2348 5356 2596 5407 venditus
2627 5366 2709 5409 est
2743 5359 2841 5410 sub
2882 5355 3120 5424 peccato,
3161 5370 3425 5421 vocatur;
3459 5363 3530 5413 sed

1978 5424 2139 5477 etiam
2180 5423 2277 5486 illi,
2307 5426 2395 5489 qui
2422 5427 2765 5479 vehementer
2793 5423 3117 5480 inclinantur
3140 5432 3203 5481 ad
3236 5445 3467 5490 carnem,
3490 5439 3532 5480 et

1979 5504 2167 5547 sancto
2188 5492 2388 5566 Spiritu
2438 5495 2762 5566 desolantur,
2813 5509 3093 5566 prapterea
3132 5512 3317 5552 carnes
3353 5514 3534 5551 nuncu-

1978 5574 2197 5632 patitur.
2226 5563 2438 5636 dicente
2471 5563 2573 5636 illis
2613 5566 2719 5620 Deo
2750 5585 2763 5621 :
2801 5563 2824 5618 ι
2859 5563 2973 5619 Neu
3006 5570 3339 5635 pertttauehit
3383 5571 3531 5636 Spiri-

1982 5644 2280 5758 tus‘meus
2338 5633 2479 5692 inter
2543 5634 2791 5694 homines
2840 5633 3019 5707 istos,‘
3049 5652 3115 5693 eo
3167 5642 3308 5709 quod
3364 5633 3531 5694 carnes

1982 5718 2081 5758 sun
2112 5745 2126 5758 .
2170 5722 2187 5754 ι

1982 5718 2126 5761 sunt.
2170 5722 2187 5754 Ι
