3676 6306
199 353 282 410 τη
1182 347 1271 404 DE
1308 346 1682 405 TRINI'I'ATE
1716 348 1921 406 LIBER
1959 347 2350 406 SECUNDUS.

3297 350 3406 409 τις

191 485 301 526 νας·
350 469 426 522 ὅτι
469 467 546 531 είς
603 467 929 539 κακότεχνον
979 468 1156 539 ψυχὴν
1214 468 1314 522 οὐκ
1367 471 1703 524 είσελεύσετα

1896 470 2162 524 rmanebit
2187 469 2422 538 Spiritus
2458 484 2609 525 meus
2641 469 2693 524 in
2749 471 3060 526 hominibus
3087 471 3171 526 his
3198 472 3252 527 in
3297 489 3403 529 sai-

191 573 346 630 σοφια,
372 558 485 612 οὐδὲ
519 561 833 630 κατοικήσει
876 562 934 614 ὲν
981 560 1192 631 σώματι
1226 561 1510 633 κατάχρεῳ
1545 563 1726 633 ἀμαρ-

183 649 302 712 τίας.

1835 563 2034 626 culum,
2070 565 2416 633 quia‘carnes
2444 573 2588 617 sunt.
2629 581 2648 614 i
2683 560 2883 618 Paulus
2910 575 3089 618 autem
3131 582 3145 619 :
3187 583 3206 616 ι
3245 565 3397 632 Qua-

1837 656 1899 708 lis
1929 655 2040 727 (55)
2079 669 2323 710 terrenus
2353 658 2533 721 lionio,
2567 659 2701 713 tales
2723 659 2887 712 etiam
2924 661 3143 720 terreni,
3185 669 3240 712 et
3267 673 3404 726 qua-

185 740 241 796 lis
281 740 524 804 caelestis,
571 740 705 796 tales
755 751 811 796 et
841 742 1112 798 caelestes.
1149 761 1168 795 i
1209 743 1484 813 Sapientia
1534 759 1704 799 vero:
1753 766 1771 798 ι
1810 733 2089 801 Perversze
2151 748 2266 814 (ει)
2293 750 2436 801 enim
2499 750 2858 818 COgiIuliOlles
2901 760 3153 812 separant
3195 767 3223 802 a
3254 749 3400 802 Deo:

181 832 378 902 probata
416 841 590 886 autem
633 833 796 903 292
862 843 1100 904 potestas
1169 837 1392 904 corripit
1440 838 1789 906 insipientes:
1833 840 2082 908 quoniam
2144 841 2195 894 in
2247 841 2541 896 iiialeiicmn
2585 844 2822 896 animam
2871 859 2977 896 non
3031 841 3273 896 introibit
3318 856 3408 895 sa-

181 924 376 992 pientia,
413 940 511 979 nec
553 925 814 980 habitabit
845 927 897 981 in
934 943 1160 996 corpore
1201 929 1419 984 subdito
1443 928 1555 1000 (55)
1587 939 1829 998 peccato.
1867 950 1886 983 i

785 1026 942 1077 ΚΕΦ.
984 1027 1115 1080 KA’.

235 1112 334 1181 Ούχ
390 1111 464 1175 ὡς
510 1113 805 1184 αἱρετικοῖς
848 1114 1014 1179 δοκεῖ,
1068 1115 1157 1169 διὰ
1202 1115 1262 1168 τὸ
1291 1115 1604 1181 δοξάζεσθαι
1639 1134 1728 1172 τον

175 1203 287 1256 Θεὸν
307 1207 360 1256 ἐν
379 1204 456 1274 τῷ
483 1205 620 1276 ἀγίῳ
651 1205 948 1276 Πνεύματι,
990 1208 1084 1260 καὶ
1112 1209 1168 1261 ὲν
1191 1209 1359 1280 αὐτῷ,
1383 1210 1523 1264 καθὰ
1545 1210 1609 1262 δι’
1639 1211 1730 1281 ὀρ-

172 1296 318 1363 γάνου
359 1295 524 1359 τινος,
567 1299 746 1350 πᾶσαν
795 1298 1050 1370 λατρείαν
1094 1301 1531 1370 ἀναπέμπεσθαι,
1584 1302 1730 1371 λέγει

182 1389 411 1459 Ἰωάννης
446 1389 576 1459 μέν·
619 1408 636 1440 ι
671 1391 808 1453 Τοὺς
829 1391 884 1442 δὲ
915 1391 1350 1462 προσκυνοῦντας
1378 1393 1468 1445 τὸν
1489 1393 1641 1458 Θεὸν,
1673 1395 1729 1446 έν

171 1480 417 1549 πνεύματι
460 1481 554 1533 καὶ
576 1481 801 1553 ἀληθεία
843 1482 921 1534 δεῖ
949 1488 1268 1550 προσκυνεῖν
1289 1503 1303 1515 ·
1339 1505 1357 1537 i
1393 1485 1602 1550 Παῦλος
1633 1487 1727 1540 δέ·

173 1589 189 1622 ι
216 1572 389 1634 Οὐδεὶς
445 1571 665 1626 δύναται
723 1576 896 1627 εἰπεῖν
947 1575 1149 1647 Κύριον
1184 1578 1412 1648 Ἰησοῦν,
1459 1581 1508 1632 εί
1554 1579 1627 1650 μὴ
1672 1582 1730 1633 ἐν

168 1661 422 1731 Πνεύματι
447 1663 604 1733 ἁγίῳ,
650 1684 667 1715 i
701 1666 794 1717 καὶ
822 1666 921 1718 ὅσα
946 1667 1190 1722 τοιαῦτα.
1221 1667 1470 1721 Μάλιστα
1500 1669 1596 1740 μὲν
1621 1669 1727 1742 γὰρ

2444 1027 2596 1085 CAP.
2634 1027 2782 1085 XXI.

1905 1121 2088 1192 Neque
2116 1137 2266 1182 vero.
2304 1130 2360 1174 ut
2389 1121 2659 1175 haereticis
2692 1121 2925 1185 videtur,
2979 1135 3043 1175 eo
3091 1119 3234 1192 quod
3263 1119 3404 1174 Deus

1834 1215 2164 1286 gloriﬁcctur
2200 1214 2250 1266 in
2289 1213 2496 1282 Spiritu
2521 1223 2735 1277 sancto,
2789 1222 2844 1266 et
2893 1212 2945 1265 in
2981 1228 3065 1277 eo,
3108 1213 3259 1280 quasi
3307 1227 3406 1281 per

1835 1323 2094 1377 organum
2142 1306 2438 1376 quoddam,
2497 1306 2676 1358 omnis
2734 1305 2907 1358 cultus
2958 1305 3064 1358 Deo
3119 1304 3404 1368 oll‘eratur,

1837 1400 1955 1454 ideo
1984 1399 2109 1452 dicit
2137 1397 2371 1452 Joannes
2421 1399 2677 1466 quidem:
2727 1415 2745 1449 ι
2784 1399 2886 1452 Eos
2926 1406 3102 1452 autem
3135 1396 3270 1466 (56),
3312 1397 3407 1465 qui

1836 1493 2064 1546 adorant
2101 1493 2289 1555 Deum,
2321 1492 2372 1544 iii
2417 1492 2606 1559 spiritu
2641 1501 2693 1544 et
2734 1492 2964 1545 veritate
3028 1499 3242 1559 Oportet
3311 1491 3407 1542 ad-

1836 1598 2020 1643 orare;
2076 1600 2094 1632 i
2143 1580 2340 1635 Paulus
2373 1596 2543 1634 vero:
2579 1600 2596 1631 ι
2640 1579 2807 1634 Nemo
2851 1580 2961 1650 (57)
2997 1589 3173 1648 potest
3223 1579 3407 1632 dicere

1840 1673 2125 1726 Dominum
2155 1670 2335 1724 Jesuni
2364 1711 2378 1735 ,
2409 1669 2510 1722 nisi
2549 1671 2599 1722 in
2635 1668 2835 1738 Spiritu
2864 1683 3083 1732 sancio;
3119 1687 3137 1718 i
3166 1677 3220 1721 et
3252 1668 3406 1722 simi-

162 1753 232 1817 τὸ,
273 1771 291 1805 ι
338 1754 422 1806 Ἐν
463 1755 731 1826 πνεύματι
790 1757 883 1810 καὶ⁴
942 1757 1168 1829 ἀληθεία
1209 1758 1290 1812 δεῖ
1325 1763 1666 1830 προσκυνεῖν,

1896 1797 1921 1819 ι.
1975 1765 2104 1818 Illud
2136 1765 2299 1830 enim,
2348 1782 2366 1814 ι
2396 1763 2452 1816 In
2481 1763 2673 1832 spiiitu
2704 1773 2756 1816 et
2784 1765 3011 1816 veritate
3042 1771 3257 1828 oportet
3312 1759 3406 1811 ad-

163 1846 268 1897 ἀντὶ
298 1845 410 1908 τοῦ,
447 1847 510 1910 ἐξ
549 1847 676 1918 ὅλης
705 1848 882 1921 ψυχῆς
907 1851 1000 1902 καὶ
1031 1853 1428 1923 ἁνυποκρίτως,
1475 1849 1626 1906 εἶπεν
1656 1856 1723 1925 τῇ

162 1936 493 2008 Σαμαρείτιδι
541 1939 568 1990 ὁ
596 1941 806 2012 Σωτὴρ,
842 1942 1135 2014 νομιζούσῃ
1175 1946 1232 1996 ὲν
1262 1944 1410 2015 τόπῳ
1438 1945 1725 2016 ὡρισμένῳ

160 2027 237 2080 τὸν
279 2029 406 2081 Θεὸν
457 2033 903 2101 προσκυνεῖσθαι,
953 2036 1045 2088 καὶ
1094 2036 1325 2108 λεγούσῃ
1384 2037 1566 2108 αὐτῷ·
1608 2057 1626 2088 ι
1662 2037 1724 2090 Οἱ

161 2121 373 2192 πατέρες
401 2123 458 2174 ἐν
489 2122 569 2193 τῷ
600 2124 714 2195 ὸρει
746 2126 918 2197 τούτῳ
945 2128 1035 2181 τὸν
1067 2128 1199 2181 Θεὸν
1239 2129 1669 2200 προσεκύνησαν.
1701 2149 1720 2180 i

161 2210 266 2263 Ὅτι
300 2213 406 2284 γὰρ
436 2213 522 2284 τῷ
555 2215 696 2285 ἁγίῳ
734 2217 1034 2288 Πνεῦματι,
1071 2219 1145 2282 ὼς
1179 2220 1318 2290 θεῷ,
1359 2221 1726 2291 προσκύνησις

160 2305 239 2356 καὶ
287 2305 514 2376 λατρεία
563 2310 953 2380 προσφέρεται,
1016 2311 1226 2374 Παῦλος
1275 2312 1547 2383 ἔγραψεν·
1593 2332 1610 2363 ι
1663 2315 1725 2366 υἱ

159 2395 416 2465 Πνεύματι
444 2397 585 2451 Θεοῦ
610 2398 1014 2472 λατρεύοντες.»
1040 2402 1170 2455 Εἰδὲ
1197 2403 1270 2474 μὴ
1302 2404 1613 2458 καταϐαίνει
1637 2405 1727 2457 αὺο

157 2491 252 2550 τοῖς
293 2489 523 2557 ἡὸντως
545 2490 791 2562 ἀλήθεια,
829 2495 1194 2559 ἀκουέτωσαν,
1228 2497 1309 2548 ὅτι
1365 2497 1580 2562 οὔκουν,
1639 2498 1725 2550 Ἐν

158 2581 411 2650 Πνεύματι
438 2585 539 2635 καὶ
614 2584 750 2656 Υἱῷ,
788 2582 958 2640 εἶπεν.
989 2588 1160 2651 Αὐτὸς
1196 2588 1302 2660 γὰρ
1342 2591 1470 2659 παρ’
1508 2589 1724 2660 Ἰωάννῃ

156 2676 311 2745 λέγει·
345 2695 362 2727 ι
411 2677 560 2745 Ἐγώ
593 2679 763 2749 είμιή
795 2677 1038 2750 ἀλήθεια.
1071 2698 1089 2729 i
1123 2680 1232 2732 Καὶ
1253 2679 1310 2730 ὃν
1340 2681 1538 2750 τρόπον
1566 2681 1623 2731 ἐν
1649 2678 1726 2749 τῷ

157 2770 256 2840 Υἱῷ
300 2769 738 2840 προσκυνοῦντες
788 2772 879 2824 τὸν
915 2771 1151 2842 Πατέρα,
1189 2771 1600 2842 προσκυνοῦμεν
1633 2773 1726 2825 καὶ

155 2863 230 2915 τὸν
266 2863 390 2916 Υἱὸν
417 2905 432 2925 ,
483 2863 579 2916 τὸν
637 2865 750 2917 ῐσον
803 2865 1002 2935 τρόπον
1053 2867 1111 2918 ὲν
1158 2864 1236 2935 τῷ
1280 2865 1419 2935 ἁγίῳ
1450 2865 1725 2934 Πνεύματι

156 2955 592 3026 προσκυνοῦντες,
639 2956 1163 3028 συμπροσκυνοῦμεν
1205 2959 1300 3010 καὶ
1355 2958 1504 3012 αὐτό,
1534 2958 1607 3009 Τὸ
1646 2956 1720 3021 δὲ,

158 3063 175 3096 ι
202 3046 376 3109 Οὐδεὶς
408 3046 637 3101 δύναται
676 3049 848 3100 εἰπεῖν
907 3047 1109 3118 Κύριον
1156 3047 1379 3119 Ἰησοῦν,
1443 3050 1492 3100 εί
1537 3048 1610 3119 μὴ
1667 3049 1724 3100 έν

1831 1869 2008 1918 orare,
2040 1872 2059 1904 ›
2093 1855 2191 1906 boc
2219 1853 2558 1921 potissimum
2603 1866 2763 1905 sensu
2804 1852 2974 1918 accipi
3018 1850 3198 1914 debet,
3234 1861 3292 1900 ut
3326 1848 3406 1900 si-

1833 1945 2048 2015 gniticet
2074 1961 2088 1997 :
2119 1943 2196 1996 Ex
2225 1953 2334 1997 tota
2369 1945 2571 2008 anima,
2605 1952 2657 1996 et
2686 1944 2803 1996 sine
2833 1943 3214 2005 snnulatione;
3241 1941 3404 2009 idque

1834 2037 2189 2093 Samaritana:
2235 2036 2445 2090 mulieri
2484 2037 2617 2089 dixit
2646 2035 2918 2099 Salvator,
2951 2049 3070 2104 qua:
3103 2035 3269 2086 Deum
3305 2034 3403 2088 de-

1834 2129 1984 2183 ﬁnito
2013 2129 2064 2181 iii
2097 2127 2217 2182 loco
2245 2125 2580 2180 adorandum
2609 2140 2727 2178 csse
2761 2125 3002 2193 putabat,
3041 2135 3094 2177 et
3119 2125 3216 2191 ipsi
3245 2122 3402 2177 Cbri-

1833 2231 1916 2276 sto
1944 2220 2154 2274 dixerat
2183 2237 2195 2272 :
2238 2237 2256 2270 i
2290 2219 2476 2271 Patres
2501 2218 2612 2287 (58)
2641 2220 2691 2270 ιιι
2741 2228 2922 2270 monte
2955 2216 3056 2269 lioc
3105 2216 3269 2267 Deum
3305 2215 3403 2267 ad-

1832 2321 2142 2367 oraverunl.
2166 2330 2183 2362 i
2202 2309 2335 2364 Nam
2357 2311 2497 2379 quod
2521 2320 2707 2364 sancto
2731 2308 2972 2377 Spiritui,
3000 2320 3252 2374 tanquam
3273 2306 3401 2370 Deo,

1834 2405 2080 2458 adoratio
2147 2413 2201 2458 et
2291 2404 2450 2457 latria
2507 2401 2786 2466 olieratur,
2849 2399 3046 2454 Paulus
3117 2399 3400 2468 scripsit:

1837 2512 1857 2545 ι
1891 2494 1992 2560 Qui
2023 2493 2246 2563 Spiritui
2287 2494 2399 2565 (59)
2431 2492 2525 2548 Dei
2553 2497 2841 2558 servimus,
2882 2511 2901 2544 i
2940 2508 3032 2547 seu
3064 2491 3280 2545 latriam
3303 2506 3402 2545 ex-

1833 2587 2099 2640 Iiiiieiiius.
2133 2585 2245 2639 Nisi
2283 2597 2462 2640 autem
2494 2587 2538 2640 is
2574 2586 2756 2647 etiam,
2786 2585 2880 2654 qui
2919 2599 3041 2638 vere
3068 2593 3150 2638 est
3180 2584 3397 2644 veritas,

1833 2677 1982 2747 parvi
2009 2678 2074 2731 ab
2101 2678 2230 2747 ipsis
2257 2678 2314 2730 lit
2333 2677 2464 2747 (60),
2492 2691 2553 2733 ea
2585 2678 2768 2742 verba,
2810 2695 2829 2727 ι
2858 2677 2910 2729 In
2941 2674 3144 2744 Spiritu
3171 2683 3225 2728 et
3251 2671 3402 2727 Veri-

1834 2779 1964 2833 tate,
1999 2788 2016 2821 i
2052 2771 2130 2824 sic
2179 2769 2500 2838 intelligant,
2535 2779 2592 2823 ut
2621 2769 2951 2837 signiﬁcent,
2993 2769 3048 2822 in
3090 2767 3317 2836 Spiritu,
3348 2775 3403 2818 et

1833 2861 2002 2924 Filio;
2055 2877 2176 2914 nam
2215 2862 2328 2931 ipse
2379 2860 2546 2916 Filius
2584 2862 2723 2929 apud
2771 2858 3031 2915 Joannem
3060 2860 3173 2913 ait:
3215 2878 3234 2911 i
3293 2859 3404 2928 Ego

1831 2967 1949 3006 sum
1991 2951 2102 3022 (61)
2136 2950 2363 3006 Veritas.
2394 2971 2412 3004 ι
2442 2953 2506 3006 Et
2536 2953 2988 3022 quemadmodum
3019 2953 3069 3005 in
3103 2951 3240 3005 Filio
3269 2952 3401 3005 ado-

1835 3052 2019 3096 rantes
2072 3041 2311 3108 Patrem,
2370 3044 2655 3098 adoramus
2721 3045 2883 3097 etiam
2933 3041 3150 3107 Filium,
3209 3042 3400 3097 eodem

153 3137 410 3208 Ilvsopzet
449 3139 618 3208 ἁγίῳ,
657 3159 677 3192 ›
711 3139 869 3193 τοῦτο
908 3141 1056 3211 δηλοῖ
1092 3143 1211 3194 ἀντὶ
1246 3139 1360 3205 τοῦ,
1396 3142 1703 3212 Λίρεσιομά·

1896 3135 1987 3189 udo
2027 3135 2078 3188 in
2133 3134 2336 3204 Spiritu
2381 3146 2570 3191 sancto
2611 3136 2921 3201 adorantes,
2981 3139 3268 3188 adoramus
3325 3134 3404 3188 si-

153 3247 224 3298 χοι
259 3232 318 3282 ού
353 3233 647 3301 μετέχουσι
694 3231 788 3285 τοῦ
839 3231 1016 3286 θεῖκοῦ
1060 3234 1404 3303 Πνεῦματος·
1456 3235 1504 3284 οἱ
1560 3231 1723 3303 δὲμὴ

154 3319 450 3389 μετέχοντες
479 3321 766 3392 ἡνωμένον.)
801 3321 967 3376 αὐτοῦ
993 3322 1072 3393 τῷ
1112 3323 1224 3392 Υἱῴ
1245 3325 1309 3393 τῇ
1344 3322 1522 3391 φύσει,
1551 3322 1610 3374 οὐ
1632 3323 1725 3374 δύ-

152 3427 316 3463 νανται
377 3413 478 3483 τὴν
541 3412 1005 3483 μνημονευθεῖσαν
1071 3413 1237 3477 ἀξίως
1302 3412 1463 3482 ῥῆξαι
1516 3413 1720 3484 φωνήν.

175 3503 535 3576 Ομοιότροπον
562 3507 670 3576 γὰρ
699 3508 828 3578 περὶ
861 3507 960 3576 μὲν
993 3505 1088 3559 τοῦ
1124 3505 1362 3577 Πατρὸς.
1409 3547 1422 3560 .
1469 3546 1482 3559 .
1529 3546 1544 3560 .
1587 3545 1602 3560 .
1649 3547 1662 3560 .
1707 3543 1721 3556 .

151 3607 256 3648 cuiu
293 3595 428 3650 Filio
467 3614 577 3651 non
625 3599 975 3668 participant,

152 3692 345 3760 quidem
386 3688 528 3761 (62).
607 3727 624 3743 .
704 3730 717 3742 .
797 3726 812 3743 .
891 3729 906 3743 .
987 3728 1002 3743 .
1081 3727 1098 3744 .
1180 3727 1194 3742 .
1272 3727 1288 3743 .
1382 3729 1396 3743 .

643 3780 772 3852 [iss
816 3780 872 3854 α]
906 3781 1063 3836 imo.
1099 3778 1221 3834 Kl".

220 3867 563 3935 Ὀφείλεσθαι
604 3867 661 3920 δὲ
701 3867 846 3938 αὑτῷ
899 3868 1056 3933 δόξαν
1096 3869 1194 3922 οὐκ
1238 3870 1302 3923 ὲκ
1349 3869 1446 3940 τῆς
1497 3887 1709 3942 μνημο-

152 3957 412 4031 νευθείσης
455 3963 520 4013 ὲν
558 3962 669 4023 τοῖς
699 3961 998 4032 προάγουσι
1043 3962 1200 4032 μόνον
1238 3961 1331 4015 τοῦ
1388 3963 1593 4034 Κυρίου
1624 3964 1714 4016 δε-

151 4049 431 4122 διδάγμεθα
479 4053 862 4122 παραδόσεως,
907 4055 1042 4108 ἀλλά
1111 4055 1401 4127 διαφόρως·
1456 4056 1530 4118 ὼς
1587 4057 1715 4110 ὅταν

151 4141 335 4215 Πέτρος
378 4145 594 4218 γράφῃ·
633 4163 651 4196 ι
699 4147 760 4197 Εἰ
782 4146 1100 4210 ὀνειδίζεσθε
1130 4147 1188 4199 ὲν
1216 4147 1716 4218 ὀνόματιΧριστοῦ,

153 4235 393 4307 μακάριοί
419 4239 570 4289 ἐστε·
612 4237 693 4290 ὅτι
717 4237 777 4290 τὸ
819 4237 915 4308 τῆς
936 4229 1104 4307 ¹δόξης
1137 4236 1525 4306 καὶδυνάμεως
1550 4237 1719 4291 Πνεῦο

153 4344 220 4397 μα
244 4331 324 4398 ἐφ’
343 4330 493 4400 ὑμᾶς
510 4331 916 4384 ἀναπέπαυται·
956 4349 973 4382 i
991 4330 1084 4382 καὶ
1111 4329 1186 4393 ὡς
1217 4329 1379 4400 ἡνίκα
1414 4329 1504 4381 τὸν
1527 4329 1717 4398 ὀφθέν-

1832 3227 1943 3280 titul
1975 3235 2030 3280 et
2079 3226 2250 3295 ipsum
2290 3226 2576 3297 Spiritum.
2634 3228 2766 3282 Illud
2791 3242 2940 3291 vero,
2984 3245 3002 3279 ι
3037 3227 3204 3281 Nemo
3227 3236 3404 3296 potest

1830 3317 2009 3372 dicere
2051 3317 2333 3371 Dominum
2375 3316 2580 3380 Iesum,
2616 3319 2717 3372 nisi
2765 3317 2817 3370 in
2874 3317 3079 3387 Spiritu
3126 3326 3339 3384 sancto,
3372 3337 3393 3370 ι

1833 3411 1935 3464 lioc
1968 3410 2235 3478 signiﬁcat
2263 3428 2276 3463 ε
2303 3407 2580 3464 Ilieresum
2614 3409 2929 3464 defensores
2975 3411 3264 3479 participes
3288 3426 3395 3465 non

1830 3513 1964 3558 sunt
1991 3504 2156 3556 divini
2203 3502 2475 3573 Spiritus:
2511 3504 2602 3572 qui
2630 3518 2761 3557 vero
2794 3503 2965 3571 ipsum
3006 3520 3168 3556 unum
3203 3513 3391 3557 natura

1053 3609 1532 3652 comiueiiioraiani
1597 3611 1783 3650 voccin
1825 3594 1985 3666 digne
2031 3595 2274 3663 proferre
2333 3606 2661 3662 nequeunt:
2725 3612 2849 3648 nam
2903 3595 3078 3650 simile
3138 3596 3202 3649 de
3243 3594 3403 3654 Patre

2317 3775 2477 3848 293
2517 3775 2668 3832 car.
2705 3775 2891 3832 xxm.

1893 3865 2130 3922 Gloriam
2150 3882 2278 3922 vero
2303 3868 2522 3936 Spiritui
2551 3871 2649 3939 ipsi
2675 3863 2880 3936 deberi,
2903 3887 3007 3926 non
3038 3873 3194 3928 modo
3217 3888 3280 3928 ex
3309 3889 3396 3942 ea,

1823 3975 1982 4030 quam
2031 3971 2188 4014 antea
2246 3963 2806 4028 commemoravimus,
2851 3963 3059 4018 Domini
3111 3967 3400 4022 traditione

1825 4055 2102 4118 docemur,
2145 4054 2237 4107 sed
2276 4052 2395 4108 aliis
2445 4053 2607 4108 etiam
2669 4055 2895 4109 diversis
2934 4056 3126 4113 modis.
3158 4056 3228 4113 Ut
3273 4073 3394 4112 cuni

1824 4145 2014 4200 Petrus
2067 4146 2255 4202 scribit
2303 4163 2318 4202 ;
2373 4165 2392 4197 ι
2431 4146 2486 4200 Si
2527 4147 3052 4219 exprobramini(65)
3091 4150 3142 4201 in
3178 4152 3398 4204 nomine

1823 4238 2048 4302 Christi,
2106 4238 2244 4294 beati
2316 4240 2470 4306 estis,
2504 4241 2754 4308 quoniam
2789 4240 2970 4309 gloria:
3043 4252 3097 4295 et
3145 4242 3398 4309 potentia:

1781 4371 1785 4404 Z
1823 4330 2058 4400 Spiritus
2088 4347 2250 4400 super
2287 4349 2378 4386 vos
2421 4333 2712 4401 requievit;
2751 4351 2770 4383 i
2812 4343 2866 4388 et
2897 4350 3016 4386 cum
3047 4350 3192 4400 eum,
3235 4352 3392 4404 queui

149 4395 210 4470 τα
254 4395 331 4490 τῷ
379 4395 584 4494 Ἧσαῖᾳ
635 4423 728 4475 ἐπὶ
763 4421 953 4492 Θρόνου
1013 4419 1194 4474 θεῖκοῦ
1238 4395 1581 4492 έπηρμένον-
1624 4422 1703 4474 κα)

1896 4423 1986 4478 iias
2014 4422 2146 4477 vidit
2175 4439 2338 4492 super
2358 4425 2542 4478 divino
2573 4425 2764 4478 tlirono
2794 4423 3060 4478 elevatutii
3121 4437 3175 4479 et
3226 4395 3397 4493 glori-

212 4600 317 4672 (53)
357 4601 573 4667 Qualis.
624 4599 804 4672 ICnr.
855 4614 944 4672 κν,
997 4596 1087 4652 48.
1140 4595 1255 4652 Vox
1311 4597 1615 4670 ἄνθρωπος,
1666 4599 1703 4652 it

1896 4597 1934 4672 Il
1962 4598 2306 4672 Culleolionis
2330 4614 2479 4672 novae
2507 4596 3109 4672 PatruiniGrzccorum),
3140 4597 3236 4670 τὴν
3259 4600 3393 4652 ὑπο·

149 4680 222 4726 est
252 4691 269 4721 ι
299 4670 490 4737 bonio,
528 4691 546 4723 ι
575 4671 788 4724 additur
813 4686 843 4724 a
879 4670 1102 4740 Didynio
1139 4683 1206 4723 cx
1243 4673 1705 4732 antecedentibus,

151 4743 512 4810 explicationis
541 4757 724 4796 causa.

212 4807 315 4880 (54)
361 4811 655 4866 Perversw.
679 4811 803 4879 Sap.
834 4825 873 4874 i,
896 4810 930 4863 5
960 4850 974 4870 ,
1009 4807 1063 4862 ι.

207 4884 308 4951 (55‘
357 4881 607 4938 Subdiio.
639 4881 840 4951 Codex,
876 4881 1177 4951 xataxpétp,
1213 4895 1309 4948 pro
1335 4880 1641 4950 κατάχρεῳ.

212 4947 318 5020 (56)
361 4954 470 5006 Eos
503 4950 875 5005 autent..luau.
913 4967 984 5016 iv,
1008 4947 1094 5006 ᾖ.
1133 4947 1264 5005 Vide
1296 4963 1408 5008 not.
1464 4947 1602 5006 ("et
1655 4947 1713 5017 2,

213 5094 319 5160 (57)
363 5092 559 5146 Nemo.
596 5091 770 5146 ICor.
805 5108 899 5148 xu.
936 5093 990 5145 5.

214 5159 317 5234 (εκ)
360 5162 573 5234 Patres.
632 5162 786 5234 J_oaii.
833 5179 908 5226 tv,
951 5163 1038 5214 ‘20.
1071 5161 1267 5234 _Biblia
1326 5183 1338 5217 :
1380 5164 1442 5216 0i
1486 5159 1719 5234 πατέρες

154 5230 388 5304 ήμῶνέκ
399 5233 582 5302 τούτῳ
604 5232 817 5304 τῴίὸρει
848 5230 1281 5304 προσεκύνησαν.

156 5304 317 5424 “gilii
355 5302 605 5370 Spiritui.
677 5302 908 5373 Philipp.
959 5318 1055 5368 ιιι,
1087 5303 1140 5357 ὃ.
1184 5303 1311 5356 Vide
1351 5313 1463 5356 not.
1497 5302 1550 5368 l,
1589 5319 1710 5372 pag.

216 5442 319 5510 (60)
356 5440 530 5496 Parvi
558 5443 622 5495 ab
651 5443 774 5508 ipsis
809 5441 890 5512 ﬁt.
920 5441 974 5496 In
1006 5441 1216 5507 Grmco,
1257 5442 1576 5497 καταϐαίνει
1611 5444 1708 5496 αὐ-

156 5512 286 5583 τοῖςζ
321 5528 442 5580 qua
486 5513 684 5566 locutio
713 5529 818 5567 non
849 5514 982 5567 satis
1016 5516 1292 5583 perspicua
1328 5517 1556 5568 videtur.
1594 5513 1711 5580 Ipse

160 5593 216 5653 eo
265 5579 377 5637 lere
423 5597 592 5637 sensu
650 5583 794 5636 illam
845 5579 1074 5653 accipio,
1120 5579 1227 5653 quo
1259 5583 1462 5653 Julius
1529 5579 1717 5637 Pollux

159 5647 240 5725 lib.
261 5667 303 5725 ι,
330 5667 505 5725 segni.
537 5653 627 5718 II,
659 5654 736 5725 ait
770 5671 783 5707 :
826 5652 922 5723 τῆς
964 5647 1154 5725 τιμῆς
1174 5651 1268 5707 τοῦ
1299 5654 1446 5706 σίτου
1488 5655 1717 5706 καταϐε-

161 5716 474 5794 ὃηιιυίας,’ίι1
503 5716 629 5794 esti
658 5716 910 5777 frumenti
937 5716 1415 5794 pre'tioimniiiiuto
1449 5741 1462 5778 :
1503 5743 1522 5776 i
1555 5726 1720 5794 Atlia-

163 5791 326 5848 milia
370 5801 553 5850 autem
592 5793 646 5849 in
688 5791 1171 5864 sermoue‘majore
1209 5794 1282 5850 De
1305 5795 1411 5865 ﬁde
1440 5797 1583 5867 (pag.
1625 5793 1716 5850 12.

1815 4670 2108 4742 ϐεϐηκυῖαν
2140 4669 2234 4742 τοῦ
2266 4670 2530 4742 ἀργυρίου
2553 4671 2738 4740 τιμήν.

1887 4739 2001 4810 (lii)
2042 4740 2173 4807 Ego.
2209 4739 2362 4794 δοκι..
2397 4739 2508 4802 xiv,
2544 4746 2597 4794 6.

1890 4809 2001 4880 (62)
2043 4811 2115 4864 De
2163 4810 2322 4862 Putre
2356 4811 2586 4881 quidem.
2621 4809 2892 4881 Integrum
2922 4817 3256 4881 segmentum
3303 4809 3391 4864 hic

1819 4881 1968 4936 deest
1990 4884 2072 4950 (ιιι
2097 4883 2274 4933 monui
2329 4879 2395 4934 ad
2442 4895 2559 4946 pag.
2611 4879 2760 4947 285),
2815 4879 3067 4932 nimirum
3117 4889 3389 4946 postrema

1820 4967 1945 5020 pars
1975 4951 2164 5020 capitis
2197 4966 2310 5012 XXI,
2344 4967 2406 5003 ac
2435 4959 2600 5002 totum
2623 4963 2780 5018 caput
2808 4964 2947 5020 uti.
2977 4950 3122 5020 Quid
3154 4964 3280 5002 vero
3314 4951 3388 5005 ibi

1824 5018 2074 5090 probaret
2104 5018 2377 5090 Didymus,
2411 5022 2747 5090 iioviiiiuse;
2772 5035 2895 5089 pag.
2929 5019 3054 5073 Ill.

1896 5090 2133 5162 (05)_Si
2195 5087 2599 5162 expi‘obrontiiii.
2656 5087 2869 5162 II’etr.
2933 5105 3006 5153 tv,
3072 5088 3155 5142 Μ.
3218 5087 3387 5162 Paulo

1822 5158 1978 5214 aliter
2035 5160 2225 5228 legitur
2259 5177 2378 5214 cuin
2418 5160 2470 5211 iii
2511 5158 2697 5212 Graeca
2733 5161 2990 5224 editione,
3037 5170 3148 5214 tilin
3183 5162 3236 5212 in
3265 5159 3388 5212 Vul-

1820 5243 1941 5299 gata
1974 5230 2343 5284 translatione.
2385 5230 2476 5282 Illa
2516 5231 2730 5299 quidem
2762 5231 2842 5283 sic
2875 5233 3073 5283 liabet:
3107 5229 3170 5281 Εἰ
3191 5229 3385 5282 ὀνειδί-

1818 5298 1975 5383 ςεσοε
2004 5304 2061 5383 sv
2088 5299 2333 5383 ὀνόματᾷ
2350 5298 2606 5383 Χριστοῦ,
2643 5300 2900 5383 μακάριρι
2925 5301 3050 5383 ζὸτι
3079 5299 3141 5351 τὸ
3169 5299 3266 5383 τῆς
3296 5300 3384 5351 δό-

1817 5371 1911 5443 ξης
1956 5373 2048 5423 καὶ
2085 5371 2145 5443 τὸ
2171 5369 2265 5422 τοῦ
2295 5369 2427 5422 Θεοῦ
2463 5369 2686 5443 Πνεῦμα
2726 5369 2986 5443 saepe;
3022 5369 3380 5443 ἀναπαὸεται,

1817 5441 2006 5495 idest:
2046 5461 2062 5491 ι
2089 5442 2146 5494 Si
2169 5441 2571 5508 exprobramini
2602 5442 2656 5494 in
2690 5442 2906 5495 nomine
2939 5441 3164 5503 Christi,
3197 5441 3336 5493 beati
3365 5455 3380 5490 :

1819 5516 2073 5581 quoniam
2139 5511 2321 5579 gloriae
2392 5521 2446 5564 et
2508 5511 2598 5565 Dei
2657 5510 2893 5580 Spiritus
2941 5524 3106 5581 super
3153 5524 3246 5563 vos
3299 5524 3386 5581 re-

1819 5578 2069 5651 quiescit.
2101 5599 2118 5631 i
2147 5578 2281 5635 llaec
2307 5597 2433 5636 vero
2464 5596 2476 5631 :
2513 5600 2530 5631 ι
2561 5581 2615 5635 Si
2665 5578 3062 5650 eitprobramiiii
3091 5579 3148 5651 in_
3168 5578 3385 5651 nomine

1819 5648 2043 5716 Cliristi,
2098 5653 2239 5706 beati
2291 5653 2483 5705 eritis:
2515 5648 2770 5722 quoniam
2829 5653 3093 5722 quodest
3124 5648 3380 5722 liquoris,

1817 5724 2000 5792 gloria:
2055 5732 2110 5775 et
2155 5724 2369 5776 virtutis
2409 5722 2501 5776 Dei
2521 5717 2546 5788 ,’
2585 5732 2640 5778 et
2690 5721 2781 5792 qui
2830 5717 2912 5778 est
2953 5720 3070 5791 ejus
3119 5717 3380 5793 Spiritus,

1817 5807 1978 5849 suber
2007 5807 2100 5848 vos
2135 5794 2441 5849 reuuiescit.
2466 5811 2484 5843 i
3411 5803 3414 5806 ’
