3676 6322
291 325 400 380 743

1535 322 1771 378 DIDYMI
1809 323 2284 384 ALEXANDRINI
2546 290 2558 303 '
3433 332 3514 392 ιιι

290 439 511 496 ﬁcatum
554 452 736 510 regem
791 447 844 491 et
893 435 1176 492 Dominum
1227 435 1510 502 virtutum,
1587 438 1874 506 Apostolus

2060 437 2330 512 ἰαζὸμενον
2374 399 2735 511 βασιλέαχκαὶ
2768 436 2973 510 Κύριον
3005 437 3301 508 δυνάμεων,
3337 441 3516 502 enim.

289 531 528 587 ostendit
571 545 694 586 esse
747 530 1005 600 Spiritum
1045 538 1331 596 sanctum;
1363 537 1418 582 et
1463 543 1583 582 cum
1637 529 1774 582 idem
1819 529 1873 583 in

291 623 528 692 Epistola
569 621 1110 676 communicationem
1148 635 1267 674 esse
1303 619 1431 674 dicit
1474 617 1694 688 Spiritui
1749 633 1872 672 cum

291 713 476 781 Patre,
503 723 558 768 et
590 713 728 768 Filio
760 731 775 768 :
811 713 1246 768 communionem
1293 711 1501 765 scilicet
1536 711 1774 771 «Ιυίιιιιὶε,
1819 719 1876 763 ιιι

292 816 460 877 patet,
494 815 550 860 et
589 805 738 876 regni
785 817 836 860 et
869 804 1077 875 glorite,
1105 804 1242 857 sicut
1278 812 1434 856 antea
1471 804 1672 856 dictum
1695 811 1799 868 est,
1823 812 1878 857 et

293 913 486 953 rursus
534 899 745 952 dicetur
790 897 841 950 in
883 897 1026 949 hunc
1058 896 1294 948 modum.
1347 894 1644 948 Corinthiis
1694 895 1745 947 in
1787 908 1874 948 se-

291 993 464 1044 Cttttda
504 989 738 1058 Epistola
769 987 1002 1042 scribit:
1044 1005 1062 1036 ι
1099 985 1285 1040 Gratia
1314 985 1425 1057 (64)
1466 987 1673 1039 Domini
1707 986 1873 1040 tt05lri

288 1080 415 1138 Jesu
446 1079 670 1144 Christi,
721 1091 776 1132 et
809 1079 1050 1131 charitas
1091 1077 1182 1130 υιςί
1211 1088 1266 1130 et
1307 1078 1503 1143 Patris,
1541 1087 1595 1130 et
1631 1093 1876 1131 commu-

289 1174 495 1228 nicatio
527 1171 700 1225 sancti
731 1171 986 1240 Spiritus.
1021 1188 1038 1220 ι
1078 1169 1144 1222 Ει
1177 1170 1300 1222 alibi
1327 1171 1403 1224 ait
1433 1191 1444 1224 :
1481 1188 1499 1220 ι
1534 1169 1588 1223 Si
1633 1187 1735 1238 qua
1758 1169 1869 1239 (65)

291 1262 711 1318 conititutticatio
761 1263 1034 1330 Spiritus;
1076 1279 1094 1312 ι
1150 1261 1398 1328 Ephesiis
1451 1277 1580 1316 vero
1639 1263 1870 1316 scribit:

294 1372 312 1404 ι
346 1356 612 1408 Curantes
641 1351 750 1424 (66)
770 1367 989 1405 servare
1017 1353 1276 1405 unitatem
1307 1350 1542 1421 Spiritus
1572 1354 1624 1407 itt
1662 1353 1874 1407 vinculo

288 1449 456 1516 pacis.
498 1465 516 1497 ι
547 1446 810 1510 Observa,
845 1446 1106 1498 unitatem
1153 1446 1239 1498 ltic
1263 1446 1551 1509 nominari,
1595 1457 1874 1514 propterea

289 1541 430 1609 quod
467 1538 699 1608 Spiritus
735 1555 896 1592 unam
930 1538 1125 1592 haheat
1158 1549 1405 1592 naturam
1435 1556 1556 1591 cum
1585 1539 1764 1594 Patre.
1807 1539 1876 1593 Et

289 1648 476 1686 rursus
508 1631 803 1684 Corinthiis
837 1649 849 1684 :
901 1648 918 1681 ι
952 1631 1032 1683 An
1066 1631 1284 1683 nescitis
1309 1630 1443 1700 (67),
1471 1633 1612 1700 quod
1645 1646 1872 1701 corpora

289 1730 469 1777 vestra
495 1722 751 1791 templum
791 1731 916 1775 sunt
961 1721 1196 1790 Spiritus
1220 1723 1413 1786 sancti,
1456 1723 1546 1790 qui
1578 1733 1660 1776 est
1687 1723 1738 1776 in
1774 1739 1869 1776 vo-

1979 535 2161 597 στολος
2192 533 2253 587 τὸ
2301 533 2454 602 ἅγιον
2485 529 2622 585 εἶναι
2653 531 2892 585 δείκνυσι
2923 530 3166 602 Πνεῦμα·
3201 532 3293 586 καὶ
3324 534 3392 599 ὡς
3415 539 3516 595 ὅταν

1975 627 2002 678 6
2055 624 2216 688 αὐτὸς
2274 625 2603 697 ἐπιστέλλῃ,
2669 623 2951 676 κοινωνίαν
3019 619 3157 678 εἶναι
3209 625 3411 692 φάσκων
3459 633 3519 701 τῷ

1978 716 2262 788 Πνεύματι
2310 718 2449 789 πρὸς
2501 719 2592 771 τὸν
2633 718 2851 789 Πατέρα
2891 717 2984 771 καὶ
3016 718 3107 772 τὸν
3145 716 3293 780 Υἱὸν,
3320 719 3453 790 δῆλον
3476 725 3518 778 δὲ

1975 809 2353 881 ὅτιθεότητος,
2395 811 2489 864 καὶ
2517 810 2812 881 βασιλείας,
2852 811 2942 863 καὶ
2986 809 3166 881 δόξης,
3203 809 3278 874 ὠς
3306 816 3522 886 προείρη-

1975 921 2064 957 ται
2113 904 2206 956 κα)⁸
2239 900 2394 966 αὖθις
2446 903 2764 975 ῥηθήσεται·
2817 902 2987 966 οὕτως
3035 903 3338 973 Κορινθίοις
3378 909 3426 958 ἐν
3467 913 3517 978 τῇ

1974 995 2204 1066 δευτέρα
2272 995 2584 1065 Ἐπιστολῇ·
2648 1013 2665 1045 ι
2727 995 2790 1046 ’Π
2836 996 2994 1065 χάρις
3019 993 3112 1046 τοῦ
3155 995 3354 1064 Κυρίου
3397 997 3520 1066 ἡμῶν

1987 1084 2162 1153 Ἰησοῦ
2211 1083 2472 1154 Χριστοῦ,
2510 1083 2604 1136 καὶ
2634 1085 2665 1153 ἡ
2700 1083 2884 1153 ἀγάπη
2919 1083 3010 1136 τοῦ
3041 1081 3176 1135 Θεοῦ
3205 1085 3298 1135 καί
3326 1086 3518 1156 Πατρὸς,

1977 1179 2126 1247 καὶὴ
2164 1177 2420 1230 κοινωνία
2463 1176 2555 1229 τοῦ
2584 1177 2741 1244 ἁγίου
2785 1175 3117 1247 Πνεύματος·
3160 1194 3177 1226 ι
3213 1177 3305 1228 καὶ
3333 1177 3519 1248 ἑτέρωθί

1979 1286 2169 1340 φησιν·
2207 1289 2224 1320 t
2262 1270 2330 1322 Εἴ
2350 1287 2433 1332 τις
2460 1269 2717 1322 κοινωνία
2746 1267 3080 1338 Πνεύματος.
3119 1287 3138 1319 ι
3186 1267 3434 1336 Ἐφεσίοις

1983 1381 2002 1413 ι
2034 1361 2434 1426 Σπουδάζοντες
2478 1363 2666 1431 τηρεῖν
2715 1359 2812 1432 τὴν
2861 1360 3087 1430 ἑνότητα
3128 1359 3220 1412 τοῦ
3251 1360 3520 1431 Πνεύματος

1975 1453 2033 1505 ἐν
2059 1452 2136 1523 τῷ
2180 1452 2457 1523 συνδέσμῳ
2480 1453 2580 1520 τῆς
2608 1453 2850 1524 εἰρήνης.
2890 1470 2908 1504 t
2949 1451 3320 1522 Κατανόησον,
3346 1452 3411 1515 ὡς
3430 1454 3522 1506 ἐνὸ-

1973 1561 2111 1614 τητα
2168 1540 2318 1597 εἶπεν
2362 1544 2450 1598 διὰ
2482 1544 2580 1617 τὴν
2642 1545 2777 1616 πρὸς
2811 1543 2905 1597 τὸν
2959 1543 3182 1615 Πατέρα
3219 1544 3316 1613 τῆς
3345 1544 3522 1612 φύσεως

1975 1634 2191 1690 ἕνωσιν.
2225 1637 2336 1689 Καὶ
2367 1637 2528 1691 πάλιν
2579 1636 2906 1707 Κορινθίοις·
2964 1654 2983 1686 ι
3025 1638 3096 1689 ’Ἡ
3127 1637 3228 1689 οὐκ
3253 1637 3438 1702 οἴδατε,
3461 1641 3522 1692 ὅτι

1983 1728 2052 1782 τά
2077 1727 2303 1801 σώματα
2327 1731 2355 1782 ὑ
2365 1730 2479 1801 μῶν
2499 1730 2626 1793 ναὸς
2649 1729 2741 1782 τοῦ
2787 1730 2844 1783 ὲν
2877 1730 3006 1798 ὑμῖν
3033 1729 3190 1797 ἁγίου
3248 1729 3522 1801 Πνεύματὸς

289 1813 395 1877 his,
419 1829 580 1882 quem
603 1814 812 1868 habetis
844 1830 874 1867 a
919 1816 1065 1880 Deo;
1101 1825 1155 1867 et
1189 1829 1292 1868 non
1314 1814 1443 1868 estis
1470 1816 1673 1868 vestri?
1704 1815 1880 1883 Etnpti

2060 1841 2153 1886 τιν,
2182 1817 2242 1876 οὗ
2267 1823 2418 1894 ἔχετε
2460 1824 2566 1877 ἀπὸ
2591 1824 2684 1876 τοῦ
2716 1823 2872 1888 Θεοῦ,
2900 1825 2992 1876 καὶ
3025 1825 3125 1877 οὐκ
3164 1824 3288 1875 ὲστὲ
3313 1825 3522 1889 ἐαυτῶν;

292 1905 439 1959 enim
478 1905 610 1958 estis
638 1907 833 1973 pretio.
863 1904 1174 1961 Gloriticate
1208 1905 1398 1971 Deum,
1431 1907 1522 1976 qui
1551 1917 1636 1960 est
1670 1907 1725 1961 iit
1760 1924 1876 1961 cor-

290 1997 516 2066 poribus
565 1999 850 2052 vestris»:
892 1998 946 2052 id
998 2009 1100 2065 est,
1149 1998 1412 2067 Spiritum
1470 2007 1738 2054 sanctum.
1805 2000 1871 2052 Et

291 2100 480 2140 rursus
524 2101 647 2140 cum
699 2087 850 2157 prius
889 2087 1200 2152 clamasset,
1230 2107 1246 2138 ι
1271 2089 1529 2143 Dominus
1553 2087 1661 2158 (68)
1695 2099 1871 2144 autem

291 2178 528 2246 Spiritus
565 2186 667 2245 est,
706 2197 723 2230 ι
768 2180 989 2233 subdit:
1029 2197 1046 2230 ι
1081 2179 1185 2234 Nos
1212 2178 1462 2250 vero(69)
1493 2195 1682 2236 omnes
1720 2197 1873 2236 rere-

290 2271 398 2327 iata
429 2272 567 2326 facie
597 2270 822 2340 gloriam
869 2273 1082 2326 Domini
1116 2272 1480 2340 speculantes,
1523 2273 1576 2326 in
1624 2276 1870 2327 eamdem

291 2364 577 2433 imaginem
603 2361 1053 2417 transformamur
1084 2380 1113 2417 a
1158 2365 1328 2432 gloria
1365 2364 1417 2418 in
1445 2364 1694 2434 gloriam,
1731 2366 1874 2419 sicut

290 2475 319 2511 a
355 2456 565 2511 Domini
602 2455 846 2525 Spiritu;
874 2475 892 2506 ι
926 2467 981 2510 et
1008 2472 1234 2512 rursus:
1272 2476 1290 2508 ι
1331 2457 1385 2512 Si
1427 2467 1604 2513 autem
1627 2458 1740 2530 (76)
1776 2464 1874 2514 ini-

291 2549 539 2604 nistratio
581 2549 770 2603 mortis
792 2549 844 2602 itt
877 2548 1068 2602 litteris
1092 2549 1351 2618 impressa
1383 2551 1434 2604 iit
1469 2551 1734 2618 lapidibus
1758 2553 1871 2624 (71)

292 2641 396 2696 fuit
422 2643 471 2695 in
504 2641 695 2711 gloria,
727 2643 860 2696 adeo
894 2651 950 2694 ut
991 2657 1096 2695 non
1127 2653 1346 2711 possent
1374 2643 1560 2698 oculos
1585 2645 1747 2713 ﬁgere
1782 2647 1872 2700 lilii

291 2733 456 2788 Israel
503 2735 553 2786 in
595 2731 732 2788 facie
781 2732 949 2804 Moysi
997 2747 1220 2803 propter
1255 2735 1480 2804 gloriam
1515 2737 1693 2791 vultus
1735 2738 1871 2806 ejus,

291 2839 412 2896 qua:
457 2834 789 2888 evacuatur;
833 2824 1105 2892 quomodo
1162 2840 1264 2876 non
1322 2827 1491 2890 magis
1546 2827 1874 2883 ministratio

293 2914 528 2982 Spiritus
559 2914 663 2968 erit
689 2915 741 2968 in
773 2915 981 2983 gloria?
1007 2933 1026 2966 ι
1063 2912 1227 2984 294
1259 2914 1379 2968 llaec
1411 2915 1477 2968 iis
1501 2915 1696 2970 similia
1726 2929 1872 2981 sunt,

290 3021 413 3076 qnze
463 3021 493 3058 a
539 3004 746 3058 Joanne
801 3006 1105 3060 dicuntur:
1147 3025 1164 3056 ι
1224 3006 1464 3059 Vidimus
1484 3006 1597 3076 (72)
1647 3007 1872 3078 gloriam

292 3099 429 3168 ejus,
463 3098 684 3168 gloriam
733 3098 888 3166 quasi
924 3096 1194 3167 Unigeniti
1227 3113 1256 3150 a
1287 3096 1444 3152 Patre
1478 3115 1491 3150 :
1526 3098 1716 3166 plenus
1746 3117 1874 3170 gra-

295 3192 382 3246 iis:
417 3200 474 3245 et
510 3189 786 3254 veritatis;
818 3207 836 3242 ι
865 3200 919 3244 et
945 3191 1157 3258 sapiens
1174 3191 1470 3247 Zorobabel
1491 3193 1568 3247 ait
1596 3210 1609 3246 :
1639 3211 1658 3244 ι
1687 3191 1874 3249 Omnis

297 3293 437 3338 terra
461 3283 574 3354 (75)
623 3283 905 3339 veritatem
935 3298 1111 3350 vocat,
1157 3297 1212 3340 et
1255 3286 1451 3341 coelum
1492 3287 1777 3350 benedicit,
1817 3297 1874 3342 et

293 3376 477 3431 omnia
515 3390 678 3444 opera
711 3375 1092 3430 concutiuntur
1137 3387 1192 3432 et
1240 3388 1492 3433 tremunt.
1527 3396 1546 3428 ι
1578 3377 1872 3432 Veritatem

295 3478 476 3522 autem
529 3469 660 3523 dicit
700 3466 962 3536 Spiritum
993 3479 1262 3533 sanctum,
1297 3478 1355 3522 ut
1395 3484 1462 3523 ex
1500 3471 1873 3524 antecedenti-

297 3562 395 3615 bus
419 3560 742 3614 testimoniis
765 3569 930 3628 patet.
967 3561 1028 3614 Et
1057 3560 1170 3629 ipse
1206 3560 1297 3614 Dei
1323 3560 1558 3629 Spiritus
1593 3576 1686 3628 per
1716 3560 1873 3616 Psal-

296 3659 406 3706 tem
444 3652 614 3717 inquit
657 3669 670 3706 :
715 3670 734 3704 ι
764 3653 866 3706 Eos
885 3653 1020 3722 (74),
1066 3652 1156 3721 qui
1214 3651 1517 3722 glorificant
1559 3668 1664 3715 me,
1705 3651 1870 3722 glori-

297 3742 489 3806 ﬁcabo,
527 3753 580 3798 et
607 3750 922 3811 spernentes
950 3758 1035 3796 me
1063 3751 1409 3809 spernentur.
1446 3760 1465 3793 ι
1505 3742 1656 3808 Quod
1689 3754 1868 3798 autent

296 3834 460 3887 etiam
487 3834 646 3889 simul
682 3836 938 3889 adoretur
980 3834 1096 3903 ipse
1128 3850 1250 3888 cum
1294 3833 1452 3889 Patre
1494 3845 1547 3886 et
1587 3833 1742 3897 Filio,
1779 3851 1873 3904 pa-

299 3924 531 3978 triarcha
562 3925 765 3992 docuit,
783 3941 902 3980 cum
922 3925 988 3979 ad
1012 3939 1268 3993 quercum
1300 3923 1537 3978 Manthre
1554 3925 1665 3996 (Ἱὸ)
1683 3925 1874 3994 :equali

299 4016 506 4071 honore
555 4029 799 4072 sanctam
862 4015 1182 4071 Trinitatem
1237 4017 1454 4086 excepit
1510 4025 1565 4070 et
1611 4019 1875 4085 adoravit,

372 4195 484 4265 (64)
526 4194 731 4265 Gratia.
770 4193 813 4249 ll
851 4195 978 4251 Cor.
1008 4213 1126 4265 mi,
1155 4199 1244 4254 t5.

373 4263 487 4335 (65)
523 4263 580 4319 Si
615 4281 738 4333 qua.
773 4267 1005 4334 Philipp.
1035 4263 1179 4332 ιι,⁷1.

377 4337 489 4406 (66)
522 4335 798 4408 Curantes.
831 4337 1029 4408 _Eph_es.
1063 4354 1139 4401 tv,
1185 4339 1257 4408 τε
1278 4335 1638 4407 Hieronymus
1666 4353 1879 4408 quoque

305 4406 359 4462 in
390 4405 797 4476 commentariis
823 4405 876 4457 in
909 4405 1080 4472 Epist.
1111 4409 1178 4461 ad
1215 4406 1402 4476 Ephes.
1434 4405 1499 4459 ad
1543 4405 1884 4462 hunc’loc'um

308 4478 466 4550 (tom.
498 4473 610 4538 νη,
646 4490 766 4543 pag.
807 4477 934 4544 608)
969 4479 1186 4533 nomine
1233 4473 1268 4528 (⁷
1299 4476 1531 4545 Spiritus
1559 4496 1578 4530 ι
1635 4479 1884 4550 intelligit

311 4545 571 4615 Spiritum
601 4553 865 4598 sanctum.

378 4614 489 4686 (67)
518 4616 600 4686 ᾼη
633 4615 862 4669 nescitis.
899 4614 916 4667 l
968 4615 1093 4673 Cor.
1127 4632 1199 4682 γι,
1226 4615 1310 4684 l9,
1334 4616 1424 4672 90.

378 4685 491 4755 (68)
518 4685 796 4738 Dominus.
825 4686 866 4739 ll
911 4687 1035 4740 Cor.
1070 4704 1152 4750 tit,
1192 4688 1277 4742 l7.

380 4754 489 4826 (69)
527 4755 798 4808 Nos‘vero.
825 4754 866 4810 ll
890 4756 1014 4810 Cor.
1045 4773 1123 4821 ιιι,
1163 4759 1247 4811 l8.

379 4825 492 4897 (7U)
531 4826 590 4897 βξ
612 4838 804 4897 autem.
840 4825 878 4879 ll
931 4827 1054 4897 (ζον.
1086 4844 1166 4891 ιιι,
1203 4828 1254 4890 7.
1291 4827 1344 4883 8.

381 4894 492 4966 (7t)
523 4894 589 4948 In
625 4895 917 4969 _lapidibus.
958 4895 1142 4952 Graeca
1176 4901 1363 4965 editio,
1400 4899 1456 4951 ὲν
1486 4897 1678 4962 λίθοις.
1714 4898 1882 4969 Didy-

312 4982 435 5021 mus
463 4967 665 5019 ontittit
705 4970 943 5019 voculam
977 4969 1056 5021 ἐν.

386 5035 498 5106 (72)
543 5033 799 5106 Vidimus.
829 5036 986 5091 Joan.
1031 5055 1068 5101 t,
1106 5039 1190 5093 Μ.
1237 5037 1532 5092 Bibliorum
1580 5039 1746 5092 editio
1787 5054 1884 5106 pro

316 5104 500 5175 ἴδομεν
533 5105 693 5158 habet
738 5104 1120 5178 ἐθεασάμεθα,
1177 5125 1339 5178 quam
1383 5109 1667 5163 lectionem
1715 5104 1885 5179 Didy-

317 5184 686 5246 tttnsiset-‘utusr
715 5187 794 5228 est
819 5194 992 5246 segni.
1021 5179 1091 5232 4⁸2.
1119 5179 1169 5234 b.

389 5245 501 5314 (75)
533 5242 718 5297 Omnis
781 5242 939 5300 terra.
996 5248 1124 5302 llaec
1169 5265 1272 5303 non
1323 5264 1388 5303 ex
1441 5249 1576 5302 libro
1611 5249 1884 5303 Canonico

315 5326 529 5386 sumpta
565 5326 708 5376 sunt.
739 5318 834 5368 sed
874 5331 938 5369 ex
985 5317 1075 5371 lib.
1119 5335 1173 5372 ιιι
1229 5319 1428 5382 Esdrze,
1478 5335 1597 5386 cap.
1631 5334 1703 5381 tv,
1742 5335 1880 5373 vers.

317 5384 407 5440 56.
437 5385 630 5454 Graeca
649 5394 826 5454 autem
855 5385 1019 5440 editio
1039 5388 1156 5454 ejus
1183 5389 1303 5441 libri
1328 5391 1486 5442 habet
1510 5405 1522 5440 :
1544 5384 1765 5443 Πᾶσα...
1789 5390 1885 5442 κα)⁸

318 5454 545 5526 οὐρανὸς
575 5453 744 5524 αὐτὴν
799 5454 1026 5523 εὑλογεῖ,
1074 5453 1133 5512 et
1187 5469 1406 5512 cwtera.
1467 5457 1658 5512 Latina
1717 5475 1880 5513 vero:

325 5530 558 5598 90mins
577 5533 720 5579 terra
754 5526 1031 5598 veritatem
1055 5527 1287 5591 invocat,
1316 5529 1510 5582 cretum
1529 5530 1689 5581 etiam
1717 5531 1884 5598 ipsam

323 5596 609 5657 benedicit,
643 5607 695 5648 et
744 5596 924 5649 munia
980 5610 1143 5664 opera
1200 5609 1500 5664 moventur,
1533 5609 1588 5652 et
1647 5596 1886 5655 tremunt

322 5680 461 5738 eam.
493 5683 512 5716 ι
545 5665 686 5720 Idem
710 5665 871 5738 locus
913 5667 1113 5738 citatu_r
1164 5667 1326 5738 etiam
1356 5684 1384 5738 a
1410 5667 1598 5738 Flavio
1649 5668 1885 5738 Joscplto

323 5731 415 5789 lib.
458 5749 533 5803 ιιι,
560 5749 679 5806 Cap.
707 5736 762 5803 5,
801 5747 856 5793 et
883 5737 1024 5808 apud
1067 5735 1327 5795 Basilium
1366 5736 1460 5795 lib.
1493 5753 1546 5806 ν,
1591 5739 1647 5795 in
1696 5731 1882 5794 Euno-

1987 1915 2362 1986 Ἠγοράσθητε
2387 1915 2494 1986 γὰρ
2514 1916 2703 1986 τιμῆς.
2740 1915 3008 1981 Δοξάσατε
3063 1915 3127 1986 δὴ
3154 1915 3248 1968 τὸν
3287 1915 3407 1967 Θεὸν
3453 1915 3524 1968 τὸν

1973 2011 2031 2062 ὲν
2060 2010 2171 2070 τοῖς
2195 2006 2438 2078 σώμασιν
2464 2007 2670 2078 ὑμῶν’»
2692 2005 2835 2061 τοῦτ’
2859 2006 3024 2073 ἐστιν,
3055 2008 3115 2060 τὸ
3147 2008 3302 2075 ἅγιον
3317 2006 3522 2078 Πνεῦμα.

1975 2099 2084 2152 Καὶ
2104 2098 2263 2153 πάλιν
2289 2100 2776 2170 προαναφωνήσας,
2809 2117 2827 2150 t
2853 2099 2910 2152 Ὁ
2925 2101 2981 2152 δὲ
3012 2101 3215 2168 Κύριος
3247 2099 3308 2152 τὸ
3339 2098 3527 2166 Πνεῦμά

1975 2192 2143 2252 ἐστιν,
2182 2210 2199 2241 ι
2236 2191 2450 2257 ἐπάγει·
2475 2209 2494 2241 ‹
2516 2191 2704 2262 Ἡμεῖς
2729 2189 2785 2243 δὲ
2823 2190 3023 2254 πάντες
3056 2188 3526 2259 ἀνακεκαλυμμὲιψ

1974 2281 2251 2352 προσώπῳ
2264 2280 2360 2352 τὴν
2373 2279 2526 2344 δόξαν
2542 2280 2747 2350 Κυρίου
2765 2297 2965 2332 κατοπτ
2975 2277 3089 2350 ριξὸ
3096 2296 3270 2348 μενοι,
3283 2277 3374 2348 τὴν
3389 2279 3526 2348 αὐτὴν

1979 2375 2167 2428 εἰκόνα
2221 2372 2717 2443 μεταμορφούμεθα
2749 2373 2856 2425 ἀπὸ
2889 2373 3045 2442 δόξης
3088 2373 3170 2434 εἰς
3201 2371 3379 2438 δόξαν,
3421 2369 3528 2422 καθ-

1975 2469 2120 2539 άπερ
2150 2466 2258 2519 ἀπὸ
2291 2466 2494 2536 Κυρίου
2533 2464 2867 2536 Πνεύματος·
2899 2482 2919 2518 ι
2959 2465 3052 2518 καὶ
3078 2465 3264 2519 πάλιν·
3306 2483 3324 2516 t
3355 2465 3412 2516 Ei
3435 2464 3527 2534 δὲή

1973 2558 2216 2613 διακονία
2261 2558 2354 2610 τοῦ
2407 2557 2637 2611 θανάτου
2671 2559 2726 2609 ὲν
2756 2557 3078 2628 γράμμασιν
3139 2555 3528 2625 ἐντετυπωμένη

1975 2651 2142 2714 λίθοις
2333 2648 2384 2721 b]
2449 2649 2682 2721 ἐγενήθη
2731 2649 2787 2700 ὲν
2825 2648 2970 2720 δόξῃ,
3005 2648 3146 2702 ὥστε
3185 2647 3262 2718 μὴ
3305 2645 3529 2700 δύνασθαι

1977 2745 2223 2797 ἀτενίσαι
2257 2743 2382 2806 τοὺς
2407 2744 2556 2807 υἱοὺς
2603 2741 2817 2812 Ἰσραὴλ
2847 2743 2926 2804 είς
2957 2739 3018 2794 τὸ
3065 2742 3356 2810 πρόσωπον
3395 2741 3532 2793 Minit-

1978 2836 2135 2898 σέως,
2167 2833 2255 2887 διὰ
2279 2833 2375 2904 τὴν
2396 2833 2552 2898 δόξαν
2603 2832 2696 2885 τοῦ
2723 2832 3014 2904 προσώπου
3040 2831 3204 2886 αὑτοῦ
3233 2832 3333 2902 τὴν
3360 2847 3533 2902 καταρ-

1976 2927 2268 2996 γουμένην·
2304 2927 2419 2988 πῶς
2456 2925 2576 2996 οὐχ).
2622 2924 2873 2996 μᾶλλονὴ
2919 2924 3166 2979 διακονία
3195 2925 3294 2977 τοῦ
3321 2923 3534 2994 Πνεύμι·

1974 3037 2066 3083 τος
2120 3017 2272 3071 ἔσται
2297 3019 2355 3071 ὲν
2383 3017 2549 3087 δόξῃ;
2597 3035 2616 3068 ι
2673 3017 3026 3087 παραπλησία
3057 3017 3137 3088 τῷ
3174 3019 3284 3071 ὑπὸ
3320 3016 3533 3070 Ἰωάννιυ

1978 3110 2274 3182 είρημένῳ·
2306 3127 2324 3159 ‹
2362 3109 2571 3177 Ἴδομεν
2604 3108 2703 3178 τὴν
2731 3107 2888 3172 δόξαν
2922 3107 3110 3170 αὑτοῦ,
3153 3107 3314 3172 δόξαν
3341 3107 3411 3169 ὡς
3440 3106 3533 3158 Μο-

1903 3173 1944 3232 C
1979 3173 2237 3268 νογενοῦς
2283 3198 2433 3269 παρὰ
2470 3173 2708 3269 Πατρός·
2765 3198 2977 3269 πλήρης
3009 3197 3234 3268 χάριτος
3283 3199 3372 3251 καὶ
3421 3197 3536 3266 άληα

1980 3291 2148 3354 θείας.
2187 3309 2206 3342 ι
2237 3293 2348 3344 Kal.
2374 3293 2403 3344 6
2448 3291 2608 3360 σοφὸς
2657 3289 2962 3362 Ζοροϐάϐελ
3009 3291 3195 3359 φησίν·
3245 3310 3263 3341 ι
3324 3291 3470 3343 Πᾶσα
3507 3291 3535 3358 ἡ

1978 3383 2052 3454 γῆ
2075 3383 2172 3455 τὴν
2205 3382 2462 3448 ἀλήθειαν
2505 3382 2679 3444 καλεῖ,
2724 3383 2818 3435 καὶ
2846 3382 2874 3433 6
2920 3381 3147 3452 οὐρανὸς
3186 3381 3417 3448 εὐλογεῖ,
3462 3381 3542 3432 καὶ

1980 3475 2156 3529 πάντα
2201 3475 2268 3528 τὰ
2321 3474 2458 3546 ἔργα
2493 3474 2696 3526 σείεται
2733 3474 2827 3526 καὶ
2863 3473 3074 3544 τρέμει·
3124 3493 3143 3526 ι
3204 3474 3456 3544 ἀλήθειαν
3495 3470 3540 3522 δὲ

1982 3565 2044 3617 τὸ
2076 3565 2228 3632 ἅγιον
2261 3564 2487 3635 Πνεῦμα
2517 3563 2687 3632 λέγει,
2721 3563 2797 3627 ὼς
2824 3564 3082 3636 ἀνωτέρω
3117 3563 3538 3636 μεμαρτύρηται.

1979 3657 2090 3709 Καὶ
2139 3656 2270 3710 αὐτὸ
2292 3656 2348 3709 δὲ
2383 3655 2444 3708 το
2477 3655 2702 3725 Πνεῦμα
2731 3653 2827 3707 τοῦ
2857 3653 2991 3707 Θεοῦ
3013 3654 3101 3708 διά
3131 3654 3230 3708 τοῦ
3258 3649 3539 3723 Ψαλμῳδυῦ

1977 3745 2144 3815 λέγει·
2188 3768 2205 3798 ι
2242 3747 2380 3810 Τοὺς
2408 3744 2728 3811 δοξάζοντάς
2758 3764 2824 3817 με
2852 3746 3079 3813 δοξάσω,
3103 3749 3197 3800 καὶ
3239 3749 3290 3800 οἱ
3352 3745 3543 3812 ἐξουθε-

1977 3837 2194 3900 νοῦντές
2218 3857 2284 3909 με
2315 3838 2842 3910 ὲξουθενηθήσονται.
2877 3858 2894 3889 t
2925 3841 3046 3893 Ὅτι
3067 3839 3123 3892 δὲ
3153 3841 3252 3893 καὶ
3280 3853 3541 3910 συμπροσ-

1981 3933 2222 3983 κυνεῐται
2250 3929 2329 4000 τῷ
2356 3932 2532 4002 Πατρὶ
2577 3932 2672 3986 καὶ
2705 3931 2782 4002 τῷ
2830 3931 2964 4001 Υἰῷ,
2999 3935 3026 3986 ὁ
3057 3934 3366 4004 προπάτωρ
3391 3929 3544 3984 ἐδίδα-

1985 4019 2073 4086 ξεν
2100 4021 2157 4073 ὲν
2180 4022 2245 4092 τῇ
2294 4020 2414 4092 δρυῒ
2440 4023 2508 4094 τῇ
2537 4021 2803 4095 Μαμδρῇ,
2831 4023 2929 4095 τὴν
2975 4022 3135 4092 ἁγίαν
3157 4024 3439 4094 ὁμοτίμως
3476 4019 3538 4073 δεμ

1985 4215 2175 4268 ιηειιηι,
2217 4215 2338 4270 pag.
2373 4203 2498 4265 510,
2530 4217 2618 4256 um
2653 4221 2672 4254 ι
2706 4211 2987 4257 Veritatis»
3023 4203 3434 4256 nommet‘tlius
3462 4214 3541 4252 ve-

1988 4273 2105 4344 nire
2135 4274 2352 4326 dicitur.
2385 4273 2545 4344 Quin
2585 4274 2818 4344 Cyrillus
2869 4273 3274 4344 Alexandrinus
3317 4273 3411 4326 lib.
3448 4286 3466 4344 t_
3495 4270 3541 4344 in

1985 4339 2285 4411 ⁸ίιιίίαηιιηι,
2317 4357 2439 4411 pag.
2479 4341 2550 4406 26
2591 4339 2838 4397 eumdem
2880 4342 3034 4396 aﬂ'crt
3081 4343 3240 4409 quasi
3288 4359 3320 4397 e
3366 4341 3545 4395 divinis

1993 4408 2286 4478 Scriptnris
2312 4408 2717 4479 depromptum:
2755 4415 2834 4467 sic
2863 4413 3005 4464 enim
3049 4408 3244 4465 seribit
3274 4431 3291 4467 :
3336 4413 3423 4475 Ὡς
3451 4411 3546 4478 γάρ

1991 4495 2158 4550 φησιν
2183 4481 2594 4553 ήθεόπνευστος
2620 4483 2807 4553 Γραφή
2831 4499 2846 4514 ·
2871 4483 3025 4535 Πᾶσα
3051 4483 3084 4551 ἡ
3115 4483 3208 4552 γῆ,
3241 4499 3299 4538 κ.
3326 4499 3377 4536 τ.
3399 4483 3473 4542 λ..
3503 4481 3546 4533 id

1988 4561 2087 4622 est,
2124 4569 2136 4604 :
2179 4569 2196 4601 ι
2228 4552 2293 4606 Ut
2319 4555 2460 4605 enim
2487 4553 2559 4605 ait
2591 4552 2869 4622 Scriptura
2931 4553 3190 4605 divinitus
3249 4553 3505 4622 inspirata
3533 4565 3546 4580 ·

1991 4616 2247 4691 Universa
2274 4633 2441 4687 terra,
2468 4640 2486 4673 ›
2513 4631 2567 4676 et
2590 4616 2811 4691 reliqua.
2847 4621 3022 4675 Simili
3053 4624 3211 4674 modo
3241 4620 3301 4676 S.
3334 4616 3550 4691 Athana-

1986 4690 2100 4744 sius
2133 4693 2184 4742 in
2217 4707 2465 4745 sermone
2505 4690 2801 4759 tnajori’De
2837 4692 2960 4760 ﬁde,
2991 4707 3139 4743 ttttnt.
3174 4693 3269 4756 55,
3306 4709 3426 4760 pag.
3469 4690 3548 4751 18,

1985 4774 2051 4812 ex
2085 4763 2274 4814 eodem
2298 4763 2608 4832 apocrypho
2643 4763 2780 4815 libro
2805 4762 3230 4832 verbaprol‘ert.
3269 4764 3552 4832 itiiletmute

1985 4837 2229 4884 vetustus
2281 4829 2888 4896 auctoernwstionum
2950 4829 3152 4884 veteris
3185 4843 3232 4884 et
3281 4829 3418 4884 Novi
3470 4829 3556 4882 Te-

1985 4901 2270 4971 stamenlt',
2335 4901 2541 4970 Didymi
2599 4902 2829 4956 fortasse
2875 4902 3139 4971 aqualis,
3193 4905 3392 4954 eodem
3458 4918 3556 4968 quo

1989 4967 2246 5042 Didymus
2281 4967 2450 5024 modo
2478 4973 2704 5042 loquens
2754 4971 2918 5042 (part.
2942 4967 3024 5034 'tt,
3056 4981 3186 5023 toni.
3221 4971 3286 5024 III
3323 4967 3546 5038 Opernnt

1985 5039 2271 5108 Augustini
2322 5043 2405 5093 ed.
2456 5039 2734 5107 Mauritne,
2765 5039 2908 5110 'pag.
2952 5043 3052 5096 108
3098 5043 3454 5108 Appendicis)
3487 5043 3555 5092 sit.

1985 5112 2231 5162 euntdettt
2287 5111 2459 5166 citat:
2497 5130 2516 5163 ι
2544 5111 2609 5164 Ει
2656 5112 2781 5164 audi
2835 5110 3132 5165 Zorobabel
3175 5113 3307 5178 quia
3370 5124 3556 5177 «super

1995 5195 2014 5228 ι
2043 5180 2252 5244 οιιιιιίθ,
2282 5200 2300 5231 ι
2329 5183 2423 5249 ait,
2454 5200 2472 5232 ι
2501 5182 2664 5234 vincit
2702 5183 2922 5235 veritas.
2955 5199 2973 5232 ι
3008 5184 3138 5246 Quae
3165 5181 3336 5233 verba
3355 5189 3556 5233 exstant

1986 5263 2104 5321 cap.
2141 5265 2223 5314 ιιι,
2256 5266 2399 5306 vers.
2447 5253 2515 5305 1‘2
2557 5253 2675 5321 ejus
2710 5252 2850 5321 libri.
2881 5254 3101 5305 Dentttm
3133 5251 3557 5321 Ambrosinssitt

1988 5320 2122 5389 alios
2159 5332 2387 5387 taceant,
2430 5324 2521 5376 lib.
2570 5320 2605 5376 tt
2650 5321 2726 5374 De
2775 5320 2978 5388 Spiritu
3026 5333 3233 5385 sancto,
3272 5337 3396 5389 cap.
3432 5321 3464 5373 6
3495 5320 3555 5372 ii-

1987 5388 2142 5442 brnm
2174 5404 2421 5459 quartum
2458 5393 2640 5447 Esdrai
2677 5392 2890 5459 allegat.

2060 5459 2171 5531 (74)
2213 5461 2358 5533 Eos.
2417 5462 2436 5516 Ι
2493 5463 2624 5533 Reg.
2679 5477 2738 5524 tt,
2795 5461 2866 5516 52
2908 5476 3037 5533 ⁸(εειιι
3102 5459 3366 5533 50),_nbi
3407 5462 3559 5517 Com-

1991 5528 2446 5601 plutensiseuitio
2475 5535 2555 5587 sic
2576 5528 2787 5594 'habet,
2820 5543 2876 5584 ut
2905 5528 3181 5601 Didymus.
3215 5530 3430 5586 Tamen
3466 5546 3555 5598 pro

1987 5597 2500 5675 εξουθενηθήσονται
2560 5605 2615 5658 in
2649 5618 2711 5658 ea
2766 5603 2961 5673 legitur
3005 5597 3556 5675 ἒξουθενωθήσονται.

1985 5671 2115 5722 Aliae
2149 5671 2306 5736 paulo
2329 5674 2502 5727 aliter.

2059 5739 2171 5808 (ῖῦ)
2208 5740 2463 5800 Mambre.
2498 5743 2626 5800 Vide
2650 5742 2786 5800 Gen.
2826 5757 2980 5811 svnt,
3008 5742 3058 5813 Ι,
3083 5743 3120 5798 2
3140 5757 3267 5813 sqq.
