3676 6336
110 343 193 399 745
1089 337 1176 392 DE
1216 335 1589 392 TRINITATE
1629 337 1834 394 LIBER
1876 337 2262 400 SECUNDUS.

3197 333 3299 393 7M

107 454 396 525 ξιωσάμενος
452 451 547 506 καὶ
613 453 993 525 προσκυνήσας
1046 452 1270 523 Τριάδα,
1324 451 1399 515 ὡς
1451 454 1508 505 ὲν
1559 454 1617 524 τίς

1809 463 1875 508 :ut
1897 455 1947 508 in
1972 456 2145 524 primo
2174 457 2314 529 λόγῳ
2341 443 2678 528 (76)ἰ1ἰοιιιῐιι
2710 467 2810 512 est.
2845 454 3040 510 Paulus
3068 471 3302 526 quoque,

107 546 499 618 πρώτῳιεῐρηται
533 543 692 614 λόγῳ.
725 544 835 597 Καὶ
882 546 910 597 ὀ
938 543 1148 606 Παῦλος
1197 544 1254 596 δὲ
1283 543 1540 614 ἔγραψεν,
1563 545 1637 608 ὡς

107 636 318 706 ἀνωτέρω
366 637 442 698 εἰς
472 635 570 697 τὰς
601 634 870 703 θεολογίας
897 634 993 687 τοῦ
1022 634 1342 704 Πνεύματος
1402 633 1636 705 ἐδείχθη,

105 733 167 782 ὁτι
197 748 213 778 ι
253 729 433 780 Πεσὼν
469 728 564 780 ἐπὶ
608 727 898 798 πρόσωπον
945 727 1330 796 προσκυνήσει.
1371 744 1389 776 ι
1424 726 1640 795 Λὶρετι-

106 824 171 874 χοὶ
199 821 263 884 δὲ,
287 818 361 888 τῷ
396 819 524 889 περὶ
553 818 613 871 τὸ
649 819 933 889 βάπτισμα
971 817 1272 888 δεσποτικῷ
1311 816 1640 887 θεσπίσματι

106 912 177 965 καὶ
228 908 298 979 τῷ
363 909 668 978 Ἀποστόλῳ
734 907 1300 978 ἀντινομοθετοῦντες,
1368 908 1461 959 καὶ
1512 906 1639 978 περὶ

106 1003 306 1064 πλείονος
347 999 680 1070 ποιούμενοι,
730 999 937 1070 μήποτε
966 999 1265 1069 φωραθεῖεν
1299 999 1508 1068 ἀπηχὲς
1564 997 1637 1069 μὴ

104 1094 350 1166 προέμενοι
410 1092 550 1144 κατὰ
579 1091 674 1144 τοῦ
709 1089 836 1143 Υἱοῦ
867 1091 960 1144 καὶ
986 1090 1078 1142 τοῦ
1112 1089 1265 1158 ἁγίου
1298 1090 1636 1159 Πνεύματος,

105 1182 197 1234 κατ’
223 1180 412 1232 οἰκείαν
438 1179 627 1249 ὥσπερ
654 1177 899 1232 σύνθεσιν
928 1177 1024 1249 τὴν
1062 1177 1367 1245 δοξολογίαν
1392 1179 1563 1231 άναπέ
1573 1197 1637 1249 μ-

84 1288 254 1324 mouet.
1547 1270 1555 1276 ’

691 1358 848 1409 ΚΕΦ.
890 1358 1014 1410 ΚΔ’.

155 1447 274 1511 Τρὺς
299 1445 350 1498 δὲ
379 1446 951 1516 άντιδιαταττομένους
973 1447 1066 1498 καὶ
1092 1446 1246 1510 ἰδίαις
1276 1448 1636 1518 παραδόσεσιν

98 1538 446 1608 ἐναμείόοντας
496 1540 595 1608 τὴν
645 1538 862 1608 ἐντολὴν
893 1537 982 1590 τοῦ
1015 1539 1171 1602 Θεοῦ,
1204 1540 1378 1610 μάτην
1399 1540 1636 1605 ἐλπίζειν

95 1632 174 1699 τῆς
223 1629 485 1698 βασιλείας
516 1628 678 1683 αὐτοῦ
707 1632 886 1700 τυχεῖν
919 1633 946 1683 ὁ
971 1631 1159 1701 Σωτὴρ
1186 1631 1447 1684 διδάσκων
1477 1635 1534 1684 ὲν
1559 1632 1634 1702 τῷ

97 1721 212 1774 κατὰ
255 1721 475 1792 Μάρκον
526 1721 860 1792 Εὑαγγελίῳ,
908 1724 1019 1784 τοῖς
1072 1721 1200 1792 [156
1233 1722 1288 1794 a]
1323 1723 1633 1793 Φαρισαίοις

1738 555 1797 599 ιιι
1826 548 2068 617 superius
2087 549 2199 620 (77)
2238 552 2288 605 in
2333 549 2645 619 theologicis
2691 549 2755 601 de
2799 547 3001 614 Spiritu
3055 548 3303 602 testimo-

1738 637 1842 691 niis
1877 650 2147 693 ostcnsum
2174 650 2276 705 est,
2311 641 2525 710 scripsit
2561 659 2574 694 :
2614 658 2632 689 ι
2673 638 3095 708 Procidens(78)
3128 638 3177 690 in
3219 637 3300 690 fa-

1738 728 1872 780 ciem
1908 729 2200 784 adorabit.)
2230 731 2334 784 Sed
2369 729 2606 784 hmretici
2640 746 2699 784 ea
2737 730 3163 794 edicentes,qnze
3190 734 3300 778 tum

1740 816 1948 872 Domini
1989 831 2277 890 pra-cepto,
2328 838 2434 892 quo
2474 822 2798 890 baptismum
2847 819 3075 873 ronferri
3117 817 3298 887 jussit,

1745 916 1853 961 tum
1911 910 2164 979 Apostolo
2222 915 2596 976 adversantur,
2657 923 2710 967 et
2763 911 2888 964 illud
2941 910 3170 962 maxime
3214 924 3300 961 ca-

1738 1008 1944 1061 ventes,
1979 1016 2044 1054 ne
2080 1001 2220 1056 forte
2273 1005 2453 1058 odium
2489 1014 2675 1057 contra
2721 1003 2909 1056 Filium
2952 1013 3004 1055 et
3041 999 3299 1069 Spiritum

1738 1099 1982 1143 sanctmn
2013 1093 2321 1160 deposuisse
2349 1095 2836 1163 depreliemlantur,
2863 1091 3154 1146 secundum
3179 1103 3304 1158 pro-

1738 1179 1910 1246 priam
1955 1181 2188 1248 ipsorum
2225 1182 2385 1235 veluti
2420 1183 2880 1251 compositionem,
2929 1181 3034 1232 Deo
3082 1177 3303 1231 domin-

1741 1271 1903 1339 giam,
1935 1271 1984 1325 id
2019 1282 2123 1338 est,
2166 1272 2630 1340 gloriﬁcationem.
2677 1272 2902 1326 reddunt
2950 1285 3013 1322 ac
3049 1267 3300 1321 olfet'unt.

2335 1362 2483 1418 CAP.
2523 1361 2712 1417 XXIV.

1806 1447 1912 1501 Eos
1940 1460 2142 1513 autem,
2173 1451 2262 1520 qui
2305 1451 2417 1505 huic
2451 1452 2782 1520 impngnant,
2815 1451 3009 1518 quique
3056 1449 3302 1517 proprias

1737 1537 2049 1593 traditiones
2087 1550 2352 1609 praecepto
2388 1541 2682 1608 subrogant
2714 1538 2830 1599 Dei,
2857 1537 3052 1590 frustra
3083 1549 3301 1603 sperare

1736 1646 1794 1684 se
1823 1647 2042 1700 regnum
2094 1631 2208 1696 ejus
2253 1641 2659 1694 consecuturos,
2704 1630 2903 1683 docens
2955 1627 3201 1683 Salvator
3245 1626 3298 1676 in

1736 1723 2026 1790 Evangelio
2055 1724 2345 1777 secundum
2366 1724 2629 1786 Marcum,
2654 1719 2935 1774 Pltarismis
2957 1717 3046 1786 qui
3079 1715 3299 1775 similia,

97 1812 420 1882 παραπλήσια
450 1814 752 1883 αἱρετικοῖς
798 1814 1130 1884 φρονήσασιν
1183 1809 1334 1866 εἷπε·
1377 1834 1395 1866 ι
1434 1817 1530 1870 Διά
1582 1836 1611 1869 τ

1853 1812 2112 1875 haeretici,
2154 1812 2474 1876 sentiebant,
2524 1813 2641 1865 ait:
2682 1828 2700 1860 ι
2731 1811 2906 1875 Quare
2931 1808 3041 1879 (79)
3089 1806 3299 1860 irritum

95 1904 301 1955 ἀθετεῖτε
339 1902 438 1971 τὴν
487 1902 705 1972 ἐντολὴν
732 1901 827 1954 τοῦ
870 1903 1024 1968 Θεοῦ,
1077 1904 1161 1955 ἵνα
1190 1903 1287 1974 τὴν
1337 1906 1635 1976 παράδοσιν

97 1994 221 2062 ὑμῶν
247 1994 553 2064 τηρήσητε;
605 1995 847 2062 Μωῦσῆς
873 1993 980 2064 γάρ
1028 1989 1200 2047 εἶπεν·
1235 1995 1380 2066 Τίμα
1417 1996 1506 2050 τὸν
1537 2016 1636 2051 πα-

94 2082 203 2152 τέρα
238 2099 326 2134 σου
387 2082 482 2134 καὶ
510 2081 605 2150 τὴν
641 2081 852 2152 μητέρα
904 2097 1018 2134 σου·
1065 2083 1179 2144 καὶ,
1216 2081 1272 2134 '0
1327 2083 1637 2146 κακολογῶν

97 2170 296 2241 πατέρα,
335 2171 368 2241 ἢ
421 2172 652 2242 μητέρα,
701 2170 916 2242 θανάτῳ
957 2170 1282 2224 τελευτάτω.
1351 2173 1540 2243 Ὑμεῖς
1583 2173 1639 2226 δὲ

94 2261 268 2328 λέγετε·
320 2262 446 2313 Ἐὰν
476 2261 603 2331 εἴπῃ
644 2261 927 2332 ἄνθρωπος
955 2261 1033 2332 τῷ
1059 2262 1254 2333 πατρὶ,
1452 2263 1637 2334 μητρὶ,

97 2352 301 2422 Κορϐάν,
323 2352 350 2403 ὃ
375 2351 470 2404 ἐὰν
504 2352 562 2418 ἐξ
593 2352 725 2422 ἐμοῦ
762 2353 1046 2424 ὠφελήθης
1067 2372 1079 2384 °
1113 2355 1208 2408 καὶ
1233 2355 1332 2407 οὐκ
1357 2355 1434 2407 ἔτι
1457 2355 1639 2425 ἀφίετε

96 2442 228 2494 αὐτὸν
241 2443 386 2494 οὐδὲν
402 2443 624 2512 ποιῆσαι
642 2443 716 2513 τῷ
731 2446 897 2514 πατρὶ
917 2445 1102 2509 αὐτοῦ,
1125 2445 1156 2516 ἢ
1178 2449 1243 2516 τῇ
1268 2447 1434 2517 μητρὶ
1454 2446 1639 2507 αὐτοῦ,

96 2533 388 2603 ἀκυροῦντες
401 2533 490 2586 τὸν
500 2534 654 2602 λόγον
665 2534 757 2588 τοῦ
771 2534 903 2587 Θεοῦ
915 2539 977 2604 τῇ
993 2554 1066 2588 πα
1072 2537 1197 2607 ραδό
1203 2554 1280 2589 σει
1294 2539 1322 2590 ὑ
1330 2537 1444 2607 μῶν
1452 2582 1463 2593 .
1477 2557 1495 2589 ι
1511 2539 1574 2590 Ὃ
1585 2539 1640 2590 δὲ

95 2625 235 2692 λέγει,
255 2625 491 2678 τοιοῦτόν
515 2628 683 2680 ἐστιν·
713 2626 771 2678 Ὀ
789 2625 880 2678 τοῦ
899 2626 1194 2695 φιλοψύχου
1213 2627 1345 2680 Θεοῦ
1359 2628 1521 2698 νόμος
1539 2645 1642 2679 παι

98 2719 415 2788 ρακελεύεται
443 2718 516 2789 μὴ
535 2717 862 2779 ἀθετεῖσθαι,
888 2719 1021 2788 μήτε
1041 2719 1466 2788 κακηγορεῖσθαι
1486 2719 1644 2770 πατέ-

98 2825 194 2878 ρας,
223 2808 356 2862 καθὰ
391 2807 828 2879 προγέγραπται’
858 2808 932 2870 ὡς
961 2807 1005 2860 δ’
1035 2803 1102 2861 αὖ
1125 2809 1302 2885 ,πάλιν
1329 2809 1641 2878 ἀγαπᾶσθαι

95 2901 199 2962 τοὺς
222 2899 405 2962 παῖδας
434 2899 526 2952 ὑπ’
562 2896 763 2964 αὐτῶν,
793 2899 888 2952 καὶ
920 2898 993 2970 μὴ
1016 2899 1441 2971 παροργίζεσθαι
1472 2917 1641 2971 προσ-

94 2995 271 3045 τάττει.
313 2994 354 3044 Τ
358 2993 385 3045 ὸ
406 2991 463 3044 δὲ
497 2990 844 3062 Ἰσραηλιτῶν
881 2990 999 3056 ἔθος
1027 2992 1276 3046 ἐϐούλετο
1296 2994 1522 3046 ἕκαστον
1549 2991 1640 3045 τοῦ

94 3083 200 3136 λαοῦ
211 3125 226 3147 ,
243 3086 359 3152 ἁφιε
370 3081 564 3152 ροῦντα
580 3081 766 3135 ἑαυτὸν
777 3081 855 3152 τῷ
867 3082 995 3152 ναῷ,
1017 3101 1147 3152 φανε
1155 3085 1222 3155 ρὰ
1236 3084 1368 3154 πρὸς
1378 3084 1474 3154 τὴν
1486 3083 1644 3136 δύνα-

1739 1904 1916 1957 facitis
1949 1911 2272 1972 praeceptum
2304 1903 2418 1962 Dei.
2454 1912 2512 1955 ut
2543 1903 2883 1956 traditionem
2919 1909 3152 1953 ve9tram
3185 1911 3300 1949 ser-

1737 1995 1910 2049 vctis?
1943 1994 2151 2066 Moyses
2210 1995 2354 2049 enim
2409 1993 2568 2063 295
2609 1991 2784 2047 dixit:
2827 1989 3039 2043 Honora
3095 1995 3300 2056 patrem

1738 2097 1908 2153 tuum,
1940 2099 1994 2143 et
2022 2099 2249 2142 matrem
2280 2097 2420 2140 tuam
2448 2103 2462 2151 ;
2496 2096 2587 2141 et:
2631 2085 2730 2151 Qui
2763 2081 3094 2138 maledixerit
3135 2079 3296 2148 patri,

1737 2179 1818 2233 vel
1853 2181 2030 2244 matri,
2070 2188 2241 2232 morte
2302 2183 2580 2233 moriatur.
2610 2175 2714 2230 Vos
2757 2183 2933 2228 autem
2979 2171 3202 2230 dicitis:
3242 2168 3298 2225 Si

1738 2271 1932 2325 dixerit
1955 2271 2112 2325 homo
2137 2271 2295 2340 patri,
2315 2278 2407 2322 aut
2438 2268 2614 2332 matri,
2633 2267 2841 2322 Corban
2859 2263 2992 2334 (80),
3023 2262 3304 2334 quodcun-

1739 2377 1841 2430 que
1868 2377 1934 2415 ex
1980 2377 2065 2415 me
2111 2360 2204 2414 tibi
2235 2359 2558 2430 profuit(8l)
2587 2377 2600 2412 :
2625 2368 2677 2414 et
2711 2357 2938 2425 amplius
2974 2371 3078 2410 non
3113 2354 3298 2408 dimit-

1743 2453 1853 2507 titis
1905 2467 2026 2506 eum
2076 2453 2368 2520 quidquam
2429 2451 2604 2505 facere
2651 2449 2787 2519 patri
2847 2462 2963 2511 suo,
3001 2453 3092 2500 aut
3138 2445 3298 2499 matri

1743 2557 1877 2605 sum,
1911 2543 2275 2596 rescindentes
2313 2543 2537 2596 verbum
2576 2540 2666 2594 Dei
2703 2554 2798 2609 per
2831 2536 3172 2592 traditionem
3208 2549 3300 2588 ve-

1741 2643 1930 2686 stram.
1971 2650 1989 2683 )
2030 2631 2179 2698 Quod
2223 2642 2400 2686 autem
2436 2631 2536 2685 sibi
2568 2630 2702 2692 vult,
2734 2627 3031 2695 huiusmodi
3070 2636 3171 2681 est.
3204 2624 3297 2678 Dei

1743 2724 2042 2776 animarum
2091 2724 2320 2776 amantis
2351 2723 2435 2777 lex
2469 2732 2646 2792 patres
2679 2721 2883 2791 sperni,
2912 2720 3096 2788 eisque
3131 2718 3301 2773 male—

1743 2813 1846 2868 dici
1879 2821 2044 2879 vetat,
2073 2823 2130 2867 ut
2159 2817 2212 2868 in
2243 2813 2680 2868 antecedentibus
2703 2812 2879 2866 verbis
2903 2811 3158 2879 scriptmn
3185 2819 3296 2871 est;

1742 2904 1884 2959 sicut
1912 2904 2150 2958 vicissim
2185 2903 2321 2957 filios
2347 2903 2414 2956 ab
2440 2903 2570 2967 ipsis
2598 2902 2840 2972 diligi,et
2867 2901 2934 2956 ad
2967 2900 3298 2955 iracundiam

1743 3012 1847 3051 non
1902 2980 2303 3064 provecari(8'2)
2346 2994 2515 3063 jubet.
2577 2994 2943 3048 lsraelitarum
2991 3006 3116 3047 vero
3173 3006 3302 3044 con-

1744 3088 1974 3143 suetudo
2003 3102 2438 3156 unumquemque
2459 3102 2488 3142 e
2515 3086 2708 3156 populo
2739 3085 2934 3155 templo
2971 3099 3089 3138 sese
3115 3101 3302 3141 conse-

96 3191 171 3240 ειιν
199 3148 526 3243 προσφέρειν
573 3172 652 3242 τῷ
697 3148 848 3242 ἱερῷ,
903 3148 1058 3225 ἀτινά
1089 3148 1302 3242 ἐλέγετο
1331 3148 1567 3244 Κορϐάν,
1613 3177 1617 3221 ἐ

1809 3192 1984 3234 antem
2033 3178 2254 3246 iubebat
2303 3176 2495 3232 all'erre
2531 3194 2628 3247 pro
2671 3177 2876 3232 viribus
2927 3178 3210 3233 manifesto
3245 3181 3301 3234 in

95 3263 432 3331 ἑρμηνεύεται
494 3261 710 3329 δῶρον,
756 3261 832 3325 ὡς
884 3262 947 3332 δὴ
988 3262 1066 3331 τῷ
1119 3263 1236 3334 Θεῷ
1268 3264 1635 3333 ἀνακείμενα⁶

95 3361 260 3432 κέρδος
289 3361 345 3414 δὲ
374 3361 583 3429 ἐγίνετο
606 3362 713 3414 τῶν
751 3362 958 3431 ἱερέων.
993 3358 1265 3430 Ὀκνηρῶς
1299 3352 1391 3409 οὖν
1410 3356 1640 3424 ἐχόντων

96 3456 304 3522 μάλιστα
329 3457 438 3508 τῶν
473 3456 712 3528 πατράσι
740 3457 806 3509 τὰ
826 3456 1093 3522 ἀναγκαῖα
1125 3453 1377 3522 χορηγεῖν
1403 3449 1639 3517 ὀφειλόν-

92 3563 182 3597 των
206 3549 336 3618 πρὸς
363 3547 520 3600 τοῦτο
547 3548 607 3600 τὸ
638 3546 830 3617 δῶρον,
893 3547 987 3599 καὶ
1026 3543 1205 3606 καλῶς
1240 3542 1525 3609 λεγόντων,
1557 3541 1637 3593 ὅτι

92 3637 140 3687 οὐ
163 3637 371 3706 θεμιτὸν
402 3638 491 3691 τὸν
519 3637 798 3707 ὀφείλοντα
838 3638 909 3708 μὴ
940 3637 1215 3697 ἀποτῖσαι,
1255 3633 1485 3704 μάλιστα
1525 3635 1636 3696 τοῖς

92 3729 396 3797 γενομένοις·
424 3731 474 3781 οἱ
529 3729 690 3799 ἱερεῖς
723 3727 1100 3795 νεαλογοῦντες
1153 3725 1448 3788 ἐδίδασκον,
1499 3724 1635 3776 ὥστε

93 3820 198 3881 τοὺς
226 3819 546 3889 γενομένους
595 3819 790 3890 μᾶλλον
821 3819 852 3888 ἢ
884 3817 944 3870 τὸ
971 3815 1302 3887 προσφέρειν
1340 3815 1509 3886 δῶρον
1533 3832 1637 3866 πα-

95 3909 380 3976 ριελέπειν,
431 3910 526 3964 καὶ
551 3909 756 3971 τέκνοις
787 3907 1097 3961 ὑπετίθεντο
1126 3907 1306 3975 λέγειν
1366 3907 1634 3965 τοκεῦσιν,

90 4001 158 4051 ὅτι
183 4000 263 4052 Τὰ
287 4000 556 4070 προσόντα
599 4002 752 4070 ἡμῖν,
805 3999 976 4070 δῶρόν
1036 4001 1200 4059 ἐστιν,
1239 3999 1332 4050 καὶ
1363 3999 1499 4066 ὅπερ
1542 3998 1637 4050 ἐὰν

92 4091 302 4158 λήψεσθε
357 4094 486 4163 παρ’
518 4091 698 4162 ἡμῶν,
724 4090 882 4143 τοῦτο
923 4089 1030 4143 ἀπὸ
1060 4089 1151 4142 τοῦ
1191 4087 1360 4159 δώρου
1389 4087 1482 4140 τοῦ
1536 4089 1636 4158 ἤδη

92 4181 479 4251 ὑποσχεθέντος,
531 4183 565 4252 ἦ
601 4181 968 4245 ἀνατεθέντος,
1006 4181 1192 4253 ὥσπερ
1216 4180 1294 4251 τῷ
1334 4180 1452 4251 Θεῷ
1485 4182 1637 4249 ἀφαι-

95 4273 278 4339 Ρεῖσθε’
303 4274 645 4344 κατεχόμεθα
669 4273 798 4345 γὰρ,
827 4274 1009 4343 φησὶνν
1037 4272 1114 4341 τῷ
1142 4273 1267 4344 περὶ
1288 4273 1449 4341 εὐχῆς
1471 4272 1633 4342 Mm)’

91 4362 155 4430 τῷ
183 4363 472 4428 κελεύοντι,
531 4364 828 4435 εὐξάμενον
875 4363 1200 4417 ἀποδιδόναι.
1245 4363 1441 4417 Ἐλθὼν
1465 4357 1555 4416 οῦν
1608 4363 1636 4414 ὁ

1743 3272 1997 3341 templum
2029 3286 2113 3336 ea,
2149 3285 2267 3340 quae
2318 3270 2634 3324 dicebantur
2670 3269 2904 3334 Corban,
2946 3272 3085 3340 quod
3135 3271 3302 3324 inter-

1741 3373 2019 3431 pretamur
2055 3364 2271 3426 donum,
2313 3370 2495 3428 utpote
2536 3362 2790 3415 nimirum
2841 3361 2950 3416 Deo
2971 3363 3174 3428 dicata;
3218 3363 3300 3416 lu-

1739 3470 1887 3507 crum
1929 3468 2058 3507 vero
2089 3452 2455 3507 sacerdotibus
2481 3451 2811 3522 obtingebat.
2847 3451 2978 3506 Cum
3020 3467 3149 3518 ergo
3206 3468 3299 3506 eos

1739 3544 2202 3613 potissimum,qui
2229 3544 2525 3597 necessaria
2556 3543 2860 3611 parentibus
2890 3545 3299 3599 subministrare

1738 3637 2020 3695 debebant,
2051 3637 2250 3690 donum
2281 3633 2382 3687 hoc
2411 3631 2602 3686 afferre
2628 3633 2850 3702 pigeret,
2879 3649 2942 3687 ac
2981 3644 3125 3689 recte
3155 3634 3298 3689 dice-

1739 3736 1876 3792 rent,
1913 3726 2062 3781 nefas
2108 3740 2226 3780 esse
2249 3726 2345 3779 cui
2380 3724 2597 3789 debeas,
2635 3739 2740 3777 non
2788 3724 3030 3790 reddere,
3067 3739 3296 3793 prmser-
3341 3759 3352 3770 ι

1741 3821 1831 3872 tim
1875 3818 2206 3887 genitoribus
2231 3816 2363 3886 (85),
2421 3831 2586 3870 novas
2634 3815 2940 3869 sacerdotes
2986 3815 3296 3870 invehentes

1737 3909 2028 3970 doctrinas,
2061 3907 2334 3975 genitores
2381 3906 2558 3976 potius
2607 3907 2947 3976 negligendos
2989 3922 3107 3962 esse
3139 3908 3298 3962 doce-

1737 3997 1886 4059 bant,
1917 4011 2075 4064 quam
2121 3996 2245 4050 doni
2289 3996 2612 4050 oblationem
2663 3998 3034 4062 omittendam,
3073 4009 3127 4052 et
3162 3998 3297 4053 ﬁlios

1737 4088 1850 4140 haec
1878 4100 2061 4140 eorum
2105 4088 2414 4155 parentibus
2444 4088 2620 4141 dicere
2647 4086 2934 4153 iubebant:
2971 4087 3098 4153 Quae
3133 4089 3298 4142 habe~

1737 4193 1876 4239 Inus,
1904 4179 2098 4232 donum
2121 4188 2270 4240 sunt,
2297 4187 2350 4231 et
2378 4179 2729 4246 quodcunque
2753 4194 2781 4231 a
2816 4179 2966 4232 nobis
2998 4181 3292 4248 accipit-tis,

1737 4268 1789 4322 id
1814 4267 1975 4322 veluti
2009 4268 2118 4323 Deo
2149 4268 2404 4335 aufertis;
2432 4284 2498 4322 ex
2530 4270 2668 4324 dono
2701 4272 2891 4339 quippe
2916 4271 2968 4325 id
2993 4271 3293 4336 detrahitis,

1735 4361 1876 4429 quod
1919 4361 2030 4427 iam
2085 4362 2429 4428 promissum,
2484 4371 2578 4416 aut
2613 4373 2984 4418 consecratum
3031 4375 3165 4421 est:
3205 4368 3295 4421 illo

93 4451 201 4516 Θεὸς
221 4456 389 4524 Λόγος
425 4455 554 4527 [156
595 4455 650 4528 b]
698 4457 726 4507 ὁ
758 4454 832 4527 μὴ
865 4455 922 4522 ἐξ
969 4454 1174 4518 ἐνδείας
1237 4454 1436 4522 γονέων
1473 4453 1617 4516 αὐτὸς

1809 4449 1877 4501 im
1928 4449 2061 4519 legis
2113 4452 2436 4514 testimonio,
2487 4466 2550 4507 ac
2601 4465 2865 4522 praecepto
2906 4457 3295 4526 obstringimur

92 4546 331 4612 τιμᾶσθαι
363 4547 705 4617 βουλόμενος,
765 4546 902 4616 μήτε
942 4544 1178 4615 πατέρας
1209 4543 1336 4596 υἱῶν
1378 4543 1631 4625 ἀτιμοτέ-

95 4650 199 4698 ρους
228 4638 512 4707 ὑπάρχειν,
546 4636 680 4690 ἀλλά
710 4637 844 4707 μήτε
876 4636 1095 4698 τούτους
1132 4627 1380 4697 ἐκείνων,
1412 4635 1506 4686 καὶ
1537 4633 1634 4704 τὴν

94 4726 457 4798 προλεχθεῖσαν
491 4729 668 4799 εὑρὼν
715 4727 884 4798 ἀσεϐῆ
932 4727 1037 4780 τῶν
1081 4727 1270 4796 ἱερέων
1315 4727 1631 4797 παράδοσιν,

149 4923 252 4996 (76)
279 4923 348 4977 In
372 4924 538 4996 primo
570 4924 733 4996 λόγῳ.
751 4923 1024 4996 Quisnam
1055 4932 1163 4996 est”
1173 4922 1379 4996 primus
1412 4922 1511 4996 iste
1539 4922 1626 4976 λό-

92 5010 198 5058 γος
228 4995 282 5047 In
309 4995 484 5060 primo
510 4993 724 5061 quidem
751 4993 908 5056 hujus
933 4994 1109 5059 operis
1135 4993 1288 5056 libro,
1317 5003 1408 5047 aut
1433 4993 1624 5061 saltem

95 5050 136 5112 in
151 5050 246 5127 viis,
280 5050 403 5132 qua:
433 5050 748 5129 sup-emunt,
778 5050 1041 5129 capitibus
1073 5063 1213 5116 nulla
1250 5050 1309 5116 lit
1354 5050 1513 5130 huius
1545 5063 1620 5115 rei

97 5136 296 5188 mentio.
333 5131 662 5186 Memoratur
687 5131 830 5185 enim
866 5131 1124 5185 duntaxat
1155 5132 1328 5185 obiter
1357 5132 1409 5184 in
1432 5147 1620 5186 secun-

99 5174 440 5270 théE'ubro
469 5174 641 5270 ἕὲειιῖ.
681 5201 783 5254 ιοε
829 5217 880 5254 α.
913 5201 1094 5268 Itaque
1127 5200 1254 5254 hinc
1301 5174 1460 5254 etiam
1492 5174 1631 5255 ἰοει-

100 5268 884 5395 tinuit-avidumconiectura,
934 5286 1094 5335 quam
1147 5270 1378 5326 iudicavi
1415 5280 1526 5326 not.
1577 5271 1631 5336 2,

100 5354 198 5395 ωε.
325 5379 342 5393 .

100 5354 198 5406 pag.
223 5354 342 5395 ιον.

154 5355 571 5476 ῗῆἦῡὲιιριτὶιισ.
612 5409 812 5479 Nempe
837 5423 1008 5479 scgm.
1045 5407 1148 5479 106
1174 5427 1226 5463 a.

154 5479 255 5550 (78)
291 5481 598 5550 Procidens.
631 5478 739 5533 lad
767 5478 1036 5550 Cor.xtv,
1070 5478 1161 5550 25.

149 5547 250 5618 ('79)
281 5551 478 5615 Quare.
535 5548 700 5602 Marc.
733 5563 832 5610 vlt,
877 5549 1026 5601 9-15.
1075 5547 1258 5602 Grarca
1316 5547 1481 5603 editio
1535 5561 1634 5618 pro

97 5632 115 5667 ι
134 5617 301 5683 quare,
323 5638 343 5671 ι
381 5621 541 5673 habet
571 5617 770 5682 καλῶς,
793 5618 844 5670 id
871 5628 972 5674 est.
1001 5635 1019 5666 ι
1047 5619 1200 5671 bene.
1232 5635 1249 5668 ι

152 5686 252 5757 (80)
287 5687 517 5743 Carban.
571 5687 626 5740 In
675 5687 879 5742 Graecis
911 5686 1093 5742 Bibliis
1138 5688 1224 5742 llic
1266 5688 1479 5745 additur
1531 5689 1632 5745 ista

390 5805 660 5866 ΡΑτιιοι..
707 5803 824 5864 Gn.
869 5803 1170 5868 XXXIX.

1739 4541 1996 4612 (aiebant)
2030 4544 2170 4611 quod
2203 4542 2266 4597 de
2299 4551 2424 4596 voto
2469 4543 2631 4597 latum
2665 4553 2768 4607 est,
2811 4561 2934 4600 cum
2976 4546 3040 4611 is,
3080 4551 3167 4618 qui
3198 4567 3289 4604 vo-

1739 4634 1894 4696 verit,
1941 4634 2162 4688 reddere
2217 4633 2468 4702 iubeatur
2503 4635 2638 4706 (84).
2671 4635 2900 4691 Veniens
2953 4638 3113 4708 igitur
3153 4641 3295 4696 Dens

1740 4725 1994 4790 Verbum,
2019 4727 2110 4794 qui
2147 4739 2212 4779 ex
2244 4736 2524 4796 parentum
2563 4727 2850 4797 indigentia
2893 4729 3148 4785 honorari
3183 4731 3294 4801 ipse

1734 4925 2107 4994 interpretatio
2152 4945 2167 4981 :

1733 4997 1948 5050 donum.
1982 5015 1999 5046 ι

1734 5062 2064 5205 ὠ
2108 5066 2324 5136 profuit.
2373 5066 2556 5122 Graeca
2603 5069 2790 5134 editio,
2836 5070 3144 5144 ὠφεληθῇς,
3199 5089 3297 5145 pro

1813 5205 1922 5282 (ξε)
1961 5207 2041 5257 Ad
2071 5205 2422 5272 iracundiam,
2452 5216 2556 5262 etc.
2593 5207 2723 5262 Vide
2763 5208 2931 5279 Epist.
2980 5213 3046 5266 ad
3095 5211 3294 5282 Epltes.

1740 5275 2294 5420 Ἰἶ,’(έίέλ(ίῖειιέιοιρίιῃιε.
2331 5344 2531 5420 Codex.
2580 5349 2712 5420 τοῖςΔ
2727 5350 3060 5420 γενομένοις.
3100 5350 3302 5420 Legen-

1741 5413 1866 5466 dnm
1888 5415 2116 5489 videtur,
2139 5417 2256 5489 τοῖς
2275 5416 2656 5489 γεννωμένοις.
2681 5413 2961 5489 Similique
2990 5413 3146 5476 modo
3175 5413 3298 5476 mox

2231 4929 2299 4980 Ὅ
2353 4929 2469 4982 ἐστι
2520 4927 2711 5000 δῶρον,
2748 4929 2801 4984 id
2847 4939 2948 4996 est,
2997 4935 3180 5002 «quod
3216 4948 3297 4992 est

1695 5535 1698 5538 ,
1738 5482 2204 5556 μιᾳ-γενομένους,
2245 5485 2362 5556 [ego
2386 5482 2772 5556 γεννωμένους.

1809 5551 1920 5623 (Si)
1953 5551 2226 5626 labentur.
2263 5551 2776 5626 VideLe’vitgixxvti,
2801 5559 2873 5625 2;
2908 5559 3067 5614 Num.
3098 5573 3176 5626 Vl,
3201 5558 3294 5626 2η

1739 5633 1794 5677 et
1830 5637 1957 5689 xxx,
1991 5622 2056 5687 5;
2089 5633 2142 5677 et
2173 5624 2328 5680 Deut.
2362 5639 2518 5692 χχιιι,
2544 5624 2633 5681 22.

2907 5808 2983 5867 at
