3740 6306
320 298 420 354 7η

1550 276 1708 333 DIDY
1718 272 1787 332 Ml
1827 270 2303 330 ALEXANDRINI

3450 258 3562 324 748

322 408 558 473 nolebat,
588 415 763 473 neque
799 405 982 472 patres
1018 395 1160 461 llliis,
1199 405 1299 448 nec
1331 389 1568 448 vicissim
1616 391 1753 446 ﬁlios
1785 403 1878 458 pa-
1906 418 1917 450 λ

2061 386 2235 450 ιντίως
2257 385 2484 455 ἔχουσαν
2514 380 2647 452 πρὸς
2671 378 2769 450 τὴν
2810 377 2962 432 ὁσίαν
2991 374 3156 431 αὐτοῦ
3192 374 3431 446 ἐντολὴν,
3466 376 3565 442 ἐτ’

321 501 563 556 rentihus
590 490 1025 550 inhonoratiores
1054 500 1170 541 esse
1201 484 1433 547 volebat,
1466 496 1530 536 ac
1568 478 1875 549 praedictam

1984 478 2134 530 καλεί
2158 477 2226 529 τὰ
2258 493 2365 548 μνη
2373 491 2497 546 μονε
2506 472 2720 525 υθέντα.

321 592 602 649 inveniens
663 586 882 657 impiam
933 578 1273 635 sacerdotum
1325 574 1702 637 traditionem,
1758 585 1876 641 quae
1914 580 2102 625 sancto
2142 568 2259 637 ejus
2330 574 2596 636 praecepto
2642 559 3049 624 adversabatur,
3125 557 3217 613 illa
3263 556 3567 627 exprobrat

320 682 628 744 νίκη-ἱερὴ,
659 691 778 747 qua:
808 677 1225 729 commemorata
1253 675 1401 720 sunt.

925 758 1076 815 CAP.
1116 755 1285 813 XXV.

386 869 523 922 Cum
591 875 719 932 ergo
792 854 1101 913 sublimium
1172 849 1579 913 divinorumque
1650 849 1887 897 textuum

325 954 634 1014 testimonio
662 949 937 1021 probetur,
966 944 1223 1013 Spiritum
1258 947 1503 993 sanctqu
1537 942 1800 990 cozeterne
1822 946 1888 986 ex

326 1067 453 1117 una,
487 1057 541 1105 et
596 1057 844 1116 suprema
895 1039 1074 1094 divina
1118 1044 1308 1089 natura
1355 1029 1625 1092 eluxisse,
1661 1040 1889 1090 eumque

327 1114 619 1197 secundum
650 1114 938 1188 essentiam
964 1136 1017 1181 et
1045 1123 1361 1194 potentiam,
1388 1133 1539 1188 aeque
1576 1130 1638 1170 ac
1678 1114 1888 1169 Patrem

329 1230 496 1303 296
541 1235 595 1281 et
627 1222 843 1285 Filium,
895 1219 1011 1273 sine
1062 1213 1164 1269 ulla
1220 1208 1577 1279 discrepantia
1624 1205 1889 1260 inﬁnitum

330 1302 474 1384 esse,
512 1323 566 1371 et
607 1308 1085 1380 incorruptibilem,
1117 1313 1169 1360 et
1205 1302 1421 1373 propria
1457 1305 1717 1369 potestate
1757 1310 1891 1365 pra:-

332 1410 527 1472 ditum,
551 1413 605 1459 et
629 1404 851 1459 bonum.
879 1407 931 1452 et
953 1404 1219 1459 sanctum,
1244 1403 1299 1446 et
1324 1389 1501 1442 omnia
1530 1388 1746 1448 habere,
1776 1399 1895 1455 qua:

335 1509 492 1554 antea
537 1496 680 1550 dicta
738 1500 885 1554 sunt,
918 1488 1051 1541 adeo
1104 1494 1161 1538 ut
1214 1498 1279 1537 ex
1326 1482 1443 1551 ipso
1488 1489 1893 1548 cognoscamus,

322 1589 504 1643 ‘Deum
539 1584 593 1637 in
627 1580 782 1635 nobis
805 1576 1085 1639 habitare;
1122 1584 1349 1640 cumque
1386 1569 1563 1633 Pater,
1589 1566 1712 1619 dum
1748 1563 1893 1617 illum

333 1677 576 1734 declarat
612 1686 731 1727 esse
780 1667 946 1738 ipsius
995 1662 1253 1734 Spiritum
1278 1700 1294 1727 ,
1355 1657 1637 1713 manifesto
1671 1662 1898 1707 testetur
1930 1696 1971 1752 Β

337 1770 524 1836 etiam,
584 1778 705 1821 eum
741 1761 841 1831 ipsi
888 1751 1404 1814 consubstantialem
1450 1763 1587 1813 esse,
1637 1756 1691 1801 et
1731 1744 1897 1798 Deum

341 1868 681 1925 increatum;
732 1867 961 1921 cumque
1002 1864 1067 1905 ne
1106 1848 1272 1903 Filius
1319 1844 1531 1916 quidem
1585 1841 1902 1911 dedignatus

341 1955 434 2019 sit,
472 1950 541 2007 ob
577 1944 1030 2006 communionem,
1057 1953 1215 2009 quam
1240 1951 1359 1991 cum
1392 1934 1508 2004 ipso
1529 1931 1707 1993 habet,
1740 1928 1906 1982 deita-

342 2045 433 2101 tis.
472 2050 527 2095 et
552 2036 726 2109 regni,
753 2043 807 2089 et
827 2031 1029 2105 gloriae,
1066 2038 1119 2085 et
1153 2028 1205 2082 in
1242 2028 1358 2096 ipso
1388 2023 1533 2093 ungi,
1569 2030 1625 2074 et
1648 2035 1771 2075 eum
1796 2031 1906 2071 ma-

342 2144 558 2190 nentem
587 2107 725 2199 apud
756 2126 928 2195 ipsum
948 2122 1239 2182 habere,et
1271 2131 1365 2182 per
1398 2111 1740 2181 semetipsum
1766 2107 1907 2161 illius

344 2228 628 2282 adventum
667 2216 1049 2289 prtenuntiare,
1091 2219 1146 2265 et
1186 2206 1546 2277 aequalitatem
1598 2200 1821 2256 honoris
1856 2199 1905 2253 ei

345 2317 603 2377 tribuere,
631 2325 791 2383 quam
822 2304 1110 2377 Apostolus
1149 2301 1308 2357 etiam
1336 2295 1589 2358 servavit,
1632 2291 1724 2362 qui
1754 2305 1905 2346 com-

346 2405 760 2464 municationem
814 2410 1029 2469 quoque
1067 2401 1121 2449 et
1154 2392 1427 2457 unitatem
1466 2386 1633 2455 ipsius
1674 2395 1908 2438 comme-

346 2499 603 2563 moravit;
654 2503 710 2550 et
748 2506 868 2548 cum
914 2485 1158 2543 similiter
1209 2495 1396 2538 omnes
1443 2478 1561 2532 aliae
1613 2475 1907 2543 Scriptura:

346 2606 507 2647 unam
566 2599 686 2643 esse
729 2581 961 2638 divinam
1009 2588 1253 2632 naturam
1298 2570 1599 2630 ostendant,
1650 2575 1703 2619 et
1746 2578 1907 2618 unum

346 2695 539 2739 nomen
573 2691 692 2734 esse
739 2674 920 2729 dicant
951 2680 1159 2724 summe
1190 2660 1513 2717 honorandae
1545 2655 1826 2718 Trinitati,
1857 2662 1911 2707 et

348 2774 495 2828 illum
529 2770 582 2822 in
619 2764 804 2830 tantis,
831 2769 886 2816 et
914 2757 1112 2813 talibus
1139 2753 1313 2818 donis,
1351 2759 1443 2805 aut
1475 2747 1632 2804 simul
1677 2761 1795 2801 cum
1825 2743 1913 2797 Fi-

348 2860 423 2915 lio
461 2855 748 2915 collucent,
788 2857 882 2904 aut
924 2848 1087 2902 etiam
1132 2856 1372 2898 seorsum
1414 2840 1585 2907 ipsum
1614 2838 1680 2890 de
1717 2834 1912 2889 divinis

350 2948 604 3019 operibus
642 2953 696 2998 et
722 2940 1009 2995 virtutibus
1038 2937 1317 3005 loquentes
1355 2937 1676 2990 memorent,
1712 2935 1764 2981 et
1787 2940 1911 2981 eum

2614 741 2772 797 ΚΕΦ.
2808 740 2916 793 KE'
2928 780 2941 793 .

2069 829 2396 903 ‘Ynspzpuii'w
2422 830 2596 884 τοίνυν
2615 830 2941 896 ἀποδείξεων
2972 822 3389 898 μαρτυρουσῶν,
3405 824 3488 876 ὅτι
3506 822 3572 875 ἐκ

1992 930 2092 999 τῆς
2112 928 2241 997 μιᾶς
2263 926 2355 978 καὶ
2376 922 2634 977 ἀνωτάτω
2659 922 2846 992 θεῖκῆς
2863 920 3073 991 φύσεως
3112 917 3348 986 ἐξεφάνη
3385 916 3574 967 συναῖ-

1993 1019 2120 1080 δίως
2138 1017 2198 1069 τὸ
2226 1018 2379 1084 ἅγιον
2399 1014 2638 1083 Πνεῦμα,
2661 1013 2752 1065 καὶ
2769 1011 2881 1082 ἔχει
2902 1009 3044 1063 κατά
3062 1026 3122 1061 τε
3142 1008 3241 1076 τὴν
3261 1005 3452 1058 οὐσίαν
3476 1003 3575 1056 καὶ

1994 1110 2093 1179 τὴν
2112 1106 2339 1177 δύναμιν
2356 1107 2415 1159 τὸ
2433 1105 2559 1160 ἄπει
2567 1122 2679 1176 ρον,
2696 1105 2789 1157 καὶ
2808 1103 2867 1156 τὸ
2880 1102 3176 1174 ἄφθαρτον,
3190 1098 3285 1151 καὶ
3301 1097 3366 1150 τὸ
3379 1095 3575 1160 αὐτεξ-

1995 1199 2196 1263 ούσιον,
2225 1197 2392 1251 καὶτὸ
2420 1196 2642 1266 ἀγαθὸν,
2671 1196 2767 1249 καὶ
2793 1195 2852 1248 τὸ
2889 1196 3062 1262 ἆγιον,
3090 1191 3184 1247 καὶ
3214 1189 3283 1243 τά
3309 1206 3577 1260 προειρηο

1999 1288 2137 1359 μένα
2166 1288 2343 1341 πάντα
2374 1286 2806 1357 ἀπαραλλάκτως
2836 1284 2970 1356 πρὸς
2995 1283 3086 1336 τὸν
3115 1280 3335 1352 Πατέρα
3365 1278 3464 1331 καὶ
3483 1274 3575 1329 τὸν

1999 1378 2127 1432 Υίδν
2156 1376 2349 1442 οὕτως,
2397 1374 2538 1428 ὥστε
2571 1375 2632 1439 ἐξ
2680 1373 2844 1428 αὐτοῦ
2895 1370 3253 1444 γνωρίζεσθαι
3293 1369 3389 1422 τὸν
3438 1367 3576 1419 Θεὸν

2000 1472 2165 1524 οἰκεῖν
2184 1470 2241 1521 ἐν
2274 1470 2426 1539 ἡμῖν’
2460 1467 2555 1520 καὶ
2581 1466 2673 1519 τοῦ
2714 1466 2924 1537 Πατρός
2955 1463 3203 1532 ἐκφανῶς
3227 1461 3317 1515 διά
3342 1460 3439 1515 τοῦ
3460 1458 3576 1513 δει-

2002 1560 2185 1615 κνύειν
2225 1559 2447 1630 Πνεῦμα
2478 1557 2642 1611 αὑτοῦ
2681 1552 2822 1610 εἶναι
2857 1555 2986 1609 αὐτὸ
3021 1553 3446 1625 μαρτυροῦντος,
3490 1553 3573 1605 ὅτι

2003 1654 2095 1708 καὶ
2123 1653 2402 1725 όμοούσιον
2426 1651 2595 1722 αὐτῷ,
2648 1651 2742 1705 καὶ
2777 1649 2909 1713 Θεὸς
2950 1648 3213 1719 ἀγένητός
3251 1649 3421 1700 ἐστιν*
3477 1648 3575 1699 οὐκ

2002 1745 2410 1811 ἀπαξιώσαντος
2446 1745 2503 1798 δὲ
2554 1742 2677 1796 οὔτε
2702 1742 2794 1795 τοῦ
2829 1741 2980 1803 Υίοῦ,
3018 1740 3109 1794 διὰ
3145 1738 3243 1810 τὴν
3270 1741 3401 1810 περὶ
3442 1738 3574 1792 αὐτὸ

2001 1839 2097 1907 τῆς
2124 1837 2393 1907 θεότητος,
2426 1835 2521 1889 καὶ
2570 1834 2867 1905 βασιλείας,
2914 1833 3010 1885 καὶ¹
3054 1830 3211 1901 δόξης
3266 1831 3571 1884 κοινωνίαν·

2003 1929 2095 1981 καὶ
2145 1929 2201 1981 ἐν
2231 1926 2377 1997 αὐτῷ
2423 1925 2731 1996 χρισθῆναι,
2778 1923 2871 1975 καὶ
2905 1921 3049 1992 ἔχειν
3093 1918 3223 1972 αὐτὸ
3254 1919 3416 1990 μένον
3450 1919 3574 1989 παρ’

2004 2019 2174 2090 αὐτῷ,
2223 2018 2316 2072 καὶ
2358 2018 2425 2070 δι’
2452 2015 2645 2069 ἑαυτοῦ
2685 2013 3100 2086 προεξαγγεῖλαι
3143 2012 3242 2082 τὴν
3281 2012 3577 2082 ἐπιδημίαν

2004 2111 2191 2176 αὐτοῦ,
2227 2112 2322 2164 καὶ
2347 2108 2446 2181 τὴν
2475 2107 2745 2178 ἰσοτιμίαν
2784 2105 2931 2176 αὐτῷ
2972 2106 3297 2174 ἀπονεῖμαι,
3323 2104 3392 2175 ἢν
3425 2104 3523 2158 καὶ⁵
3549 2104 3579 2157 6

2018 2202 2337 2266 Ἀπόστολος
2360 2199 2643 2270 ἐφύλαξεν,
2686 2197 2851 2251 ἔτιδὲ
2894 2198 2989 2251 καὶ
3011 2196 3292 2251 κοινωνίαν
3330 2194 3426 2249 καὶ
3468 2196 3579 2249 ἐνό-

2003 2312 2141 2367 τητα
2179 2292 2342 2348 αὐτοῦ
2373 2291 2625 2363 ἔγραψεν*
2665 2289 2863 2360 ὁμοίως
2896 2288 2952 2341 δὲ
2989 2288 3086 2341 καὶ
3118 2287 3309 2339 πασῶν
3338 2285 3449 2340 τῶν
3484 2285 3576 2340 ἀλ·

2004 2387 2111 2441 λων
2146 2385 2378 2457 Γραφῶν
2415 2384 2542 2454 μίαν
2571 2377 2708 2435 εἶναι
2751 2379 2911 2449 φύσιν
2958 2377 3106 2432 θείαν
3138 2376 3432 2449 δηλουσῶν,
3485 2376 3579 2430 καὶ

2007 2479 2065 2532 ἓν
2104 2478 2275 2549 ὄνομα
2311 2479 2375 2547 τῇ
2420 2474 2676 2544 παντίμῳ
2723 2471 2913 2543 Τριάδι
2956 2470 3227 2539 λεγουσῶν
3259 2509 3275 2534 ,
3308 2471 3408 2522 καὶ
3454 2485 3576 2521 συν.

2005 2569 2309 2626 ταττουσῶν
2371 2567 2503 2622 αὐτὸ
2576 2567 2635 2619 ἐν
2690 2563 2992 2626 τοσούτοις
3075 2561 3170 2615 καὶ⁵
3238 2560 3578 2631 τηλικούτοις

2009 2662 2360 2734 χαρίσμασιν,
2391 2658 2426 2729 ἦ
2468 2655 2605 2727 μετά
2647 2653 2742 2708 τοῦ
2786 2652 2943 2716 Υίοῦ,
2971 2652 3004 2722 ἢ
3028 2652 3124 2705 καὶ
3147 2649 3272 2722 [157
3302 2647 3360 2721 a]
3414 2646 3577 2702 αὑτοῦ

2010 2752 2150 2808 κατά
2181 2750 2346 2823 μόνας
2370 2749 2463 2801 ἐπὶ
2491 2745 2686 2800 θεῖκῶν
2715 2744 2889 2815 ἔργων
2932 2741 3028 2795 καὶ
3051 2740 3330 2810 δυνάμεων
3378 2754 3577 2808 μνημο-

2010 2842 2299 2907 νευουσῶν,
2342 2840 2435 2894 καὶ
2480 2836 2757 2893 καλουσῶν
2789 2834 2921 2889 αὐτὸ
2953 2835 3073 2887 κατ’
3104 2831 3379 2903 ἐξαίρετον
3408 2829 3579 2883 Πνεῦ⁶

2016 2954 2092 3008 μα
2143 2936 2317 3005 ἆγιον,
2350 2930 2573 3002 Πνεῦμα
2594 2928 2689 2982 τοῦ
2718 2927 2875 2992 Θεοῦ,
2904 2927 2998 2981 καὶ
3027 2927 3091 2977 ἐκ
3115 2923 3209 2977 τοῦ
3234 2922 3392 2987 Θεοῦ,
3430 2922 3525 2975 καὶ
3556 2920 3583 2973 6

352 3015 545 3093 vocent
577 3049 669 3104 per
706 3031 1083 3088 excellentiam
1131 3024 1390 3094 Spiritum
1439 3029 1706 3082 sanetum,
1740 3017 1910 3087 Spiri-

2061 3027 2164 3098 α.ρά
2198 3026 2292 3081 τοῦ
2319 3024 2531 3096 Πατρδς
2572 3021 2947 3095 ἐκπορεύεται,
2986 3020 3078 3074 καὶ
3110 3018 3331 3083 Πνεῦμα
3368 3017 3449 3082 ἐν,
3493 3015 3583 3069 καὶ

355 3140 467 3183 tum
505 3125 619 3191 Dei,
648 3132 703 3179 et
734 3138 799 3177 ex
834 3119 943 3175 Deo
982 3118 1350 3179 exsistentem,
1381 3122 1433 3168 et
1459 3128 1485 3165 a
1527 3112 1684 3165 l’atre
1725 3124 1913 3179 proce-

355 3222 588 3280 dentem,
620 3224 673 3270 et
702 3213 960 3283 Spiritum
992 3222 1175 3270 unum,
1197 3214 1251 3259 et
1279 3204 1538 3273 Spiritum
1571 3198 1832 3261 veritatis,
1864 3207 1916 3252 et

357 3309 615 3381 Spiritum
647 3305 905 3365 divinum,
929 3309 982 3354 et
1013 3298 1220 3353 Flatum
1249 3288 1661 3363 Omnipotentis,
1694 3304 1811 3359 quae
1836 3286 1916 3342 vel

358 3400 470 3458 sola
506 3413 601 3469 per
634 3412 692 3452 se
726 3392 996 3449 suﬂiciunt
1030 3399 1216 3446 contra
1261 3400 1450 3442 omnes
1489 3382 1766 3437 hmrcticas
1798 3394 1918 3449 per-

359 3492 677 3553 versitates;
716 3497 948 3553 cumque
991 3480 1189 3535 eaedem
1224 3483 1504 3536 testentur,
1538 3472 1677 3542 quod
1720 3485 1820 3524 nos
1866 3478 1920 3522 et

359 3582 456 3639 Dei
505 3581 644 3635 filios
690 3575 840 3640 facit,
874 3582 931 3630 et
983 3572 1219 3635 deillcat,
1261 3578 1316 3622 et
1355 3566 1567 3629 liberat,
1604 3574 1658 3618 et
1705 3575 1919 3615 rursum

357 3682 528 3737 creat,
555 3682 610 3726 et
638 3678 981 3739 peccatorum
1005 3663 1322 3719 remissione
1344 3659 1613 3735 digqatur,
1628 3664 1681 3710 et
1711 3653 1924 3722 sapien-

361 3768 513 3827 tiam,
549 3778 613 3818 ac
646 3760 1005 3832 cognitionem
1032 3756 1186 3811 nobis
1216 3753 1439 3824 praebet,
1469 3758 1523 3804 et
1559 3761 1741 3813 omne,
1779 3744 1924 3814 quod

362 3857 566 3913 factum
604 3860 708 3918 est,
754 3851 1078 3914 sanctiﬁcat,
1116 3856 1170 3903 et
1206 3844 1389 3915 implet
1412 3842 1596 3897 orbem
1638 3850 1923 3901 terrarum,

363 3958 419 4003 et
450 3947 685 4002 continet
714 3945 920 4007 omnia,
950 3950 1006 3996 et
1051 3941 1164 4009 ipse
1192 3943 1451 3993 ccelorum
1480 3936 1706 3988 virtutes
1743 3932 1927 3985 lima-

364 4039 464 4101 vit,
483 4046 644 4105 atque
670 4031 1059 4093 corroboravit,
1074 4039 1127 4083 et
1157 4029 1206 4083 ei
1238 4024 1583 4081 descendenti
1609 4022 1728 4078 caeli
1756 4018 1926 4089 aperti

365 4136 513 4193 sunt,
541 4135 595 4182 et
630 4140 659 4179 a
692 4124 878 4178 mundi
916 4120 1300 4177 constitutione
1322 4132 1484 4186 super
1516 4130 1684 4183 aquas
1718 4110 1927 4166 fereba-

372 4233 483 4285 tur,
519 4231 719 4287 easque
755 4211 1145 4273 sanctificabat,
1178 4219 1233 4265 et
1266 4207 1567 4279 prOphelis,
1599 4217 1760 4275 atque
1802 4221 1933 4274 apo-

356 4311 527 4366 stolis
552 4306 851 4378 inspiravit,
892 4305 1143 4371 ipsosque
1171 4300 1317 4353 misit
1345 4308 1401 4352 ut
1431 4297 1708 4359 Dominus,
1742 4304 1798 4350 et
1825 4309 1928 4349 una

2016 3118 2240 3190 Πνεῦμα
2259 3116 2537 3188 ἀληθείας,
2569 3116 2664 3169 καὶ
2704 3114 2927 3185 Πνεῦμα
2965 3113 3126 3177 θεῖον,
3175 3110 3271 3165 καὶ
3299 3109 3446 3180 Πνόὴ
3492 3107 3582 3161 τοῦ

2017 3210 2482 3281 Παντοκράτορος,
2536 3205 2573 3260 ἃ
2620 3205 2715 3259 καὶ
2760 3204 2894 3276 μόνα
2946 3203 3196 3273 αὐτάρκη
3224 3201 3362 3273 πρὸς
3409 3200 3587 3262 πάσας

2017 3300 2297 3374 αἱρετικάς
2329 3296 2675 3371 διαστροφάς
2699 3294 3083 3366 μαρτυρουσῶν
3107 3293 3184 3355 6t,
3218 3292 3300 3345 ὅτι
3331 3290 3427 3344 τοῦ
3455 3288 3587 3344 Θεοῦ

2018 3393 2166 3463 ἡμᾶς
2194 3392 2344 3455 υἱοὺς
2384 3390 2549 3455 ποιεῖ,
2590 3388 2685 3442 καὶ
2727 3387 2979 3448 θεοποιεῖ,
3019 3385 3113 3438 καὶ
3148 3382 3445 3454 ἐλευθεροῖ,
3498 3381 3589 3434 καὶ

2020 3478 2315 3541 ἀνακτίζει,
2349 3478 2444 3531 atati.
2473 3475 2759 3549 ἁμαρτιῶν
2792 3475 3033 3544 ἀφέσεως
3062 3473 3222 3540 ἀξιοῖ,
3269 3472 3366 3525 καὶ
3404 3471 3589 3540 σοφίαν

2019 3572 2116 3625 καὶ
2136 3570 2336 3640 γνῶσιν
2372 3569 2626 3640 παρέχει,
2669 3566 2764 3621 καὶ
2812 3568 2919 3620 πᾶν
2950 3566 3011 3619 τὸ
3044 3564 3409 3634 πεποιημένον
3437 3562 3591 3631 ἁγιά-

2022 3661 2126 3727 ζει,
2169 3661 2264 3716 καὶ
2294 3661 2491 3731 πληροῖ
2517 3659 2615 3730 τὴν
2644 3657 2987 3729 οἰκουμένην,
3007 3657 3098 3710 καὶ
3123 3654 3336 3725 συνέχει
3364 3654 3435 3708 τὰ
3461 3654 3591 3707 πάν-

2023 3771 2111 3819 τα,
2144 3753 2237 3806 καὶ
2260 3752 2390 3805 αὐτὸ
2416 3751 2523 3805 τῶν
2545 3749 2787 3821 οὐρανῶν
2814 3749 3046 3819 ἦδρασεν
3078 3748 3171 3799 καὶ
3199 3746 3479 3816 ἐνίσχυσεν
3500 3745 3592 3806 τὰς

2025 3844 2304 3914 δυνάμεις,
2337 3842 2433 3896 καὶ
2460 3840 2810 3912 ἀνεῴχθησαν
2863 3838 3012 3909 αὐτῷ
3041 3837 3457 3897 καταϐαίνοντι,
3506 3835 3594 3887 καὶ

2027 3939 2137 3992 ἀπὸ
2178 3935 2484 4006 καταϐολῆς
2521 3934 2725 4005 κόσμου
2766 3931 3063 4004 φερόμενον
3097 3930 3189 3982 ἐπὶ
3233 3929 3341 3981 τῶν
3394 3929 3593 3981 ὑδάτων

2028 4026 2253 4099 ήγίαξεν
2280 4024 2441 4088 αὐτὰ,
2491 4025 2585 4077 καὶ
2617 4022 2897 4094 προφήτας
2922 4019 3017 4073 καὶ
3042 4016 3369 4080 ἀποστόλους
3408 4016 3595 4085 ἐνήχηο

2032 4133 2122 4169 σεν
2174 4116 2267 4169 καὶ
2313 4113 2577 4185 ἐπεμψεν,
2617 4114 2692 4177 ὡς
2744 4109 3039 4180 Δεσπότης,
3086 4108 3180 4162 καὶ
3236 4107 3486 4174 συνεργεῖ
3522 4103 3595 4173 τῷ

2032 4208 2208 4279 Πατρὶ
2265 4208 2359 4259 καὶ
2411 4204 2488 4275 τῷ
2519 4202 2656 4275 Υίῷ,
2716 4201 2874 4274 μόνος
2923 4217 2983 4253 τε
3035 4193 3173 4251 οἶδεν
3206 4197 3277 4250 τὰ
3308 4195 3401 4250 τοῦ
3446 4194 3594 4258 Θεοῦ,

2035 4298 2178 4352 καθά
2202 4298 2231 4348 6
2274 4295 2600 4366 Μονογενὴς,
2638 4293 2732 4347 καὶ
2783 4293 2907 4345 πνεῖ
2949 4289 3076 4343 ἔνθα
3112 4287 3458 4359 προείρηται,
3510 4284 3598 4338 καὶ

375 4418 495 4457 cum
527 4402 707 4464 Patre,
736 4406 790 4452 et
835 4396 971 4451 Filio
1004 4400 1338 4462 cooperatur,
1368 4397 1423 4443 et
1462 4389 1607 4443 solus
1636 4386 1783 4442 novit
1814 4401 1917 4456 qua

2061 4390 2193 4444 ιεῖκά
2232 4389 2481 4459 δωρεῖται
2519 4387 2593 4451 ὡς
2640 4385 2907 4457 βούλεται,
2941 4383 3034 4435 καὶ
3079 4380 3206 4435 ναὸν
3244 4379 3355 4450 ἔχει
3393 4381 3483 4433 τὸν
3513 4396 3596 4429 πι-

376 4502 503 4549 sunt
530 4490 649 4556 Dei,
686 4487 1130 4560 quemadmodum
1161 4481 1501 4551 ,Unigenitus,
1546 4488 1602 4534 et
1643 4479 1815 4549 spirat
1845 4476 1937 4532 ubi

376 4584 513 4649 vult,
539 4592 593 4638 et
621 4581 799 4636 divina
828 4579 995 4634 donat
1027 4585 1087 4631 ut
1134 4575 1266 4642 vult,
1294 4584 1349 4629 et
1384 4571 1556 4627 ﬁdelis
1603 4571 1761 4626 homo
1805 4580 1939 4623 tem-

379 4679 523 4747 plum
546 4674 713 4747 ipsius
739 4681 821 4727 est
845 4687 995 4742 atque
1021 4685 1085 4724 ac
1115 4666 1312 4733 Patris,
1346 4676 1398 4721 et
1426 4664 1566 4719 sicut
1598 4663 1650 4716 in
1681 4662 1939 4716 honorem

377 4776 435 4823 et
483 4766 703 4838 gloriam
743 4763 958 4817 deitatis
1006 4758 1269 4829 Unigcniti
1314 4764 1557 4810 sanctum
1596 4752 1820 4815 Pascha,
1870 4751 1940 4803 ita

380 4857 517 4915 etin
548 4860 804 4912 honorem
840 4861 893 4907 et
952 4851 1176 4919 gloriam
1230 4846 1466 4916 Spiritus
1506 4843 1699 4898 festum
1754 4840 1944 4893 Pente-

383 4955 557 5001 costes
586 4946 653 4999 ab
683 4942 835 4996 initio
862 4940 1189 4995 celebratum
1222 4944 1324 5000 est,
1363 4941 1417 4987 et
1445 4933 1492 4986 ei
1540 4931 1807 4984 ministrat
1835 4927 1942 4983 Ga-

386 5035 520 5090 briel
560 5034 697 5088 sicut
736 5029 1085 5101 omnipotenti
1133 5028 1243 5082 Deo
1275 5025 1464 5078 Patri:
1508 5020 1776 5091 quomodo
1808 5020 1947 5073 Deus

388 5142 493 5180 non
541 5136 643 5187 est,
700 5124 1074 5178 hmreticorum
1123 5118 1336 5189 quidem
1374 5115 1661 5180 sententia,
1704 5112 1811 5176 ille,
1856 5110 1946 5179 qui

389 5232 489 5271 nos
518 5215 769 5269 deilicat?
796 5214 1067 5284 quomodo
1116 5227 1220 5266 non
1257 5220 1339 5266 est
1394 5209 1651 5262 Dominus
1707 5206 1814 5270 ille,
1858 5204 1950 5271 qui

384 5323 489 5361 nos
526 5306 768 5359 libertate
796 5304 1001 5359 donat?
1039 5304 1308 5371 quomodo
1341 5316 1444 5355 non
1478 5309 1559 5354 est
1588 5313 1701 5363 rex,
1743 5306 1796 5350 et
1836 5295 1951 5364 glo-

392 5396 816 5465 rilicatus.297
843 5394 948 5459 ille,
970 5394 1062 5461 qui
1098 5394 1148 5447 in
1182 5394 1380 5462 hymno
1408 5390 1565 5445 simul
1590 5405 1709 5444 cum
1740 5398 1951 5443 creatu-

394 5489 473 5543 ris
502 5486 670 5541 Deum
704 5486 919 5539 laudare
956 5498 1065 5537 non
1097 5483 1339 5552 jubetur,
1370 5483 1566 5552 quique
1626 5495 1722 5534 nos
1764 5479 1955 5547 dignos

395 5580 544 5645 fecit,
580 5586 636 5630 ut
667 5592 761 5647 per
788 5576 1108 5645 baptismum
1140 5587 1551 5641 conregnemus,
1586 5582 1641 5626 et
1685 5571 1954 5640 conglori-

399 5670 621 5725 ﬁcemur
665 5683 787 5723 cum
839 5664 1093 5721 Christo?
1128 5662 1272 5719 Nihil
1316 5663 1456 5719 enim
1489 5663 1540 5717 iu
1589 5662 1654 5719 iis
1681 5662 1948 5727 omnibus,

2039 4483 2161 4537 στὸν
2198 4481 2482 4553 ἄνθρωπον
2532 4479 2661 4543 ἴσως
2708 4476 2787 4548 τῷ
2831 4476 3028 4547 Πατρὶ,
3078 4473 3172 4527 καὶ
3220 4472 3470 4541 καθάπερ
3526 4470 3598 4531 εἰς

2037 4572 2199 4645 τιμὴν
2244 4572 2336 4625 καὶ
2380 4569 2537 4635 δόξαν
2585 4568 2684 4639 τῆς
2722 4568 2814 4621 τοῦ
2868 4561 3202 4633 Μονογενοῦς
3264 4561 3513 4629 θεότητος
3544 4556 3600 4611 τὸ

2041 4665 2193 4734 ἀγιον
2221 4662 2433 4731 Πάσχα,
2466 4657 2608 4712 οὕτω
2652 4657 2748 4712 καὶ
2782 4655 2877 4710 τοῦ
2912 4654 3225 4726 Πνεύματος
3271 4654 3305 4723 ἡ
3329 4650 3489 4723 ἑορτὴ
3514 4650 3600 4720 τῆς

2040 4752 2418 4825 Πεντηκοστῆς
2438 4749 2499 4813 ἐξ
2525 4750 2699 4821 ἀρχῆς
2733 4744 3084 4816 ἐπετελέσθη,
3117 4745 3211 4798 καὶ
3243 4743 3482 4796 διακονεῖ
3511 4740 3601 4796 αύ-

2042 4844 2121 4916 τῷ
2147 4846 2175 4896 ό
2208 4841 2467 4914 Γαϐριὴλ,
2499 4841 2574 4903 ὡς
2606 4839 2684 4910 τῷ
2713 4838 3107 4908 παντοκράτορι
3128 4834 3246 4905 Θεῷ
3276 4834 3472 4906 Harp!“
3498 4831 3602 4893 πῶς

2045 4932 2186 4988 κατὰ
2212 4932 2523 5001 αἱρετικοὺς
2547 4930 2607 4983 ού
2650 4929 2781 4993 Θεὸς
2841 4930 2869 4981 6
2902 4928 3046 4998 ἡμᾶς
3088 4925 3382 4989 θεοποιῶν;
3420 4923 3513 4976 καὶ
3550 4922 3602 4974 οὗ

2047 5025 2247 5095 Κύριος
2269 5022 2296 5077 6
2328 5025 2474 5094 ἡμᾶς
2514 5020 2836 5092 ἐλευθερῶν;
2871 5021 2964 5073 καὶ
2985 5018 3045 5072 οὑ
3072 5017 3321 5088 βασιλεὺς
3348 5016 3441 5069 καὶ
3469 5014 3603 5079 δοξα-

2049 5117 2269 5189 ζόμενος
2300 5117 2328 5168 6
2364 5116 2436 5187 μὴ
2492 5114 2676 5186 ὑμνῶν
2723 5113 2859 5183 μετά
2884 5113 2986 5181 τῆς
3017 5110 3264 5173 κτίσεως,
3315 5112 3342 5163 ό
3364 5109 3511 5179 ἡμᾶς
3530 5106 3604 5158 διὰ

2050 5209 2142 5263 τοῦ
2180 5208 2549 5279 βαπτίσματος
2579 5203 3032 5275 συμϐασιλεύσειν
3066 5204 3160 5255 καὶ
3200 5199 3604 5267 συνδοξασθήσεο

2054 5301 2177 5355 σθαι
2222 5301 2443 5372 Χριστῷ
2507 5297 2890 5363 καταξιώσων;
2937 5297 3043 5349 Καὶ
3089 5295 3195 5367 γὰρ
3231 5296 3289 5347 ἐν
3317 5296 3483 5348 πᾶσιν
3513 5292 3605 5351 τοῖς

2004 5453 2011 5461 ⁸
2052 5390 2425 5463 προλεχθεῖσιν
2452 5389 2576 5462 [157
2605 5387 2656 5461 b]
2694 5389 2824 5459 περὶ
2854 5386 2947 5441 τοῦ
2978 5387 3124 5473 θείου
3168 5384 3503 5455 Πνεῦμα-τος,
3533 5382 3604 5434 οὐ·

2054 5484 2141 5536 δέν
2167 5483 2296 5537 ἴδιον
2326 5481 2644 5552 κτισμάτων
2668 5480 3000 5551 εὑρίσκεται,
3033 5478 3140 5532 οὐδ’
3174 5477 3415 5548 ὑπῆρξεν
3459 5474 3606 5543 obpa-

2056 5572 2188 5635 νίοις
2234 5571 2525 5641 δυνάμεσιν
2568 5563 3111 5641 συμμνημονεύεσθαι
3158 5566 3249 5618 ἐπὶ
3293 5565 3479 5633 θεῖκῆς
3520 5562 3604 5612 δωρ

2066 5666 2212 5735 ρεᾶς,
2272 5664 2305 5735 ἢ
2363 5663 2660 5734 ἐνεργείας,
2705 5662 2739 5731 ἢ
2794 5658 3100 5728 δοξολογίας
3163 5656 3298 5727 μετά
3351 5653 3445 5708 τοῦ
3489 5647 3605 5705 Θεοῦ
