3716 6302
126 300 214 359 τις
1096 288 1184 344 DE
1222 284 1596 342 TRINITATE
1634 286 1833 342 LIBER
1876 285 2258 347 SECUNDUS.

3211 293 3318 356 750

125 414 204 471 καὶ
234 407 449 478 Πατρὸς,
489 404 583 457 καὶ
612 422 705 458 του
744 402 890 457 Υίοῦ.
920 404 999 457 Τὰ
1022 404 1077 456 δέ
1114 402 1188 473 μὴ
1225 403 1331 455 ίδια
1360 401 1467 455 τῶν
1496 419 1650 473 ποιη-

1845 418 1872 455 e
1896 413 2055 457 antea
2091 404 2157 458 de
2187 402 2369 459 divino
2405 402 2609 473 Spiritu
2654 403 2794 459 dicta
2835 414 2981 473 sunt,
3026 406 3317 467 invenitur.

128 504 301 574 μάτων,
336 495 505 566 δῆλον,
542 495 625 546 ὅτι
659 493 794 546 Θεοῦ
822 493 981 563 μόνου
1017 493 1123 546 ίδια
1154 492 1411 562 ὑπᾶρχεν
1443 492 1573 553 Θεὸς
1601 491 1656 544 δὲ

125 594 172 646 οὺ
194 588 428 651 κτίζεται.
464 585 599 638 Ἀλλ’
648 586 698 637 οἱ
726 586 952 655 κτίσμα,
984 584 1015 654 ἢ
1044 582 1229 638 δοῦλον
1248 583 1492 650 λέγοντες
1510 583 1658 651 (ταυ-

123 681 197 733 τὸν
221 677 314 747 γάρ
344 674 497 743 ἐστι),
512 674 605 727 καὶ
628 674 701 744 μὴ
721 673 1093 742 θεολογοῦντες
1118 674 1209 726 καὶ
1232 671 1541 737 δοξάζοντες
1563 672 1658 724 αὺ-

124 770 189 833 τὸ,
216 770 272 835 τῇ
305 782 359 817 τε
387 762 596 833 δουλείᾳ
624 763 724 832 τῆς
755 763 932 833 Ἀγαρ
963 762 1427 826 συνεκϐάλλονται,
1472 762 1566 814 καὶ
1588 763 1654 831 τῇ

121 859 195 912 τοῦ
218 857 333 926 Χάμ
356 854 786 924 κατακρίνονται,
823 853 1130 917 ἀκούοντεςσ
1162 872 1181 905 ι
1227 852 1655 924 Ἐπικατάρατος

122 951 226 1019 Χὰμ
248 946 505 1000 δουλεύσει
528 948 639 1010 τοῖς
669 945 916 1015 ἀδελφοῖς
964 944 1147 999 αὐτοῦ·
1192 964 1211 997 ι
1244 947 1379 1015 μετὰ
1411 943 1655 1015 Σίμωνός

120 1059 167 1095 τε
195 1039 274 1093 τοῦ
322 1040 510 1107 Μάγου
542 1038 969 1109 άναγρὰφονται,
1002 1037 1095 1090 τοῦ
1122 1037 1445 1108 νομίσαντος
1487 1040 1655 1108 ἀργυ-

122 1132 228 1201 ρίων
246 1129 489 1183 δύνασθαι
524 1130 622 1200 τὴν
650 1131 893 1201 ἄπρατον
916 1128 1349 1199 ἐξαγορὰσασθαι
1377 1127 1470 1181 τοῦ
1498 1129 1652 1197 ἁγίου

121 1222 398 1291 Πνεῦματος
442 1222 621 1291 χάριν·
659 1220 754 1273 καὶ
787 1220 874 1273 διά
918 1221 1015 1290 τῆς
1048 1219 1228 1289 βίϐλου
1266 1219 1374 1272 τῶν
1417 1220 1651 1275 ἀποστο-

120 1310 253 1364 λικῶν
294 1309 545 1379 Πράξεων
582 1310 888 1363 ἁκούουσιν·
925 1328 943 1360 ‹
976 1310 1049 1362 Οὐ
1080 1309 1188 1380 γάρ
1216 1310 1362 1362 ἐστιν
1394 1309 1521 1380 ὑμῖν
1550 1327 1649 1381 μευ

122 1404 206 1479 ρὶς,
233 1401 340 1455 οὐδὲ
380 1401 578 1472 κλῆρος
608 1400 775 1471 ἐν,τῷ
805 1400 945 1472 λόγῳ
972 1401 1165 1471 τούτῳ.
1202 1420 1222 1453 ι

1760 496 1903 563 quod
1930 505 2300 549 creaturarum
2343 496 2617 564 proprium
2662 497 2751 559 sit,
2801 512 2973 569 neque
3014 501 3323 557 cmlestibus

1761 600 1996 652 unquam
2040 585 2324 639 virtutibus
2358 585 2445 639 hic
2481 585 2650 638 honor
2678 587 2888 642 delatus
2917 599 3020 655 est,
3068 598 3127 644 ut
3158 590 3319 646 simul

1759 690 1878 729 cum
1913 677 2019 730 Deo
2048 687 2101 730 et
2136 676 2317 742 Patre,
2340 686 2394 730 et
2421 692 2540 731 cum
2578 677 2713 733 Filio
2746 692 3320 743 commemorarentur.

1758 780 1879 818 cum
1916 767 1980 819 de
2023 766 2199 820 divina
2241 776 2331 819 aut
2368 768 2562 836 gratia,
2605 780 2697 821 aut
2723 770 3055 839 Operatione,
3088 780 3181 825 aut
3214 773 3319 841 glo-

1758 856 2056 910 rincatione
2100 871 2277 911 sermo
2311 867 2412 911 est.
2454 857 2583 924 Quae
2620 873 2748 913 vero
2792 870 3162 915 creaturarum
3201 877 3320 931 pro-

1756 949 1869 1015 pria
1916 963 2017 1001 nou
2058 957 2203 1012 sunt,
2240 963 2300 1003 ea
2341 950 2509 1003 solius
2552 948 2645 1003 Dei
2689 951 2904 1020 propria
2945 966 3067 1007 esse
3118 952 3323 1023 perspi-

1756 1052 1913 1091 cuum
1948 1048 2027 1092 est
2051 1057 2063 1093 :
2100 1039 2239 1093 Deus
2272 1051 2449 1095 autem
2479 1055 2581 1094 non
2606 1051 2837 1096 creatur.
2861 1040 2965 1097 Sed
2988 1043 3079 1113 qui
3108 1052 3323 1099 creatu-

1728 1134 1894 1195 ‘ram,
1928 1140 2019 1183 aut
2044 1147 2255 1185 servum
2286 1147 2407 1185 eum
2448 1142 2643 1186 vocant
2668 1133 2833 1204 (idem
2864 1134 3007 1188 enim
3041 1144 3326 1204 utrumque

1754 1219 1879 1288 est),
1920 1222 2121 1289 quique
2173 1222 2345 1291 ipsum
2403 1236 2506 1275 non
2555 1223 2742 1276 dicunt
2787 1222 2975 1289 Deum,
3030 1239 3129 1279 nec
3177 1223 3323 1279 illum

1757 1308 2080 1377 gloriﬁcaut,
2112 1310 2149 1365 ii
2195 1321 2248 1364 et
2282 1312 2527 1366 servituti
2571 1313 2716 1382 Agar
2750 1314 2967 1367 obnoxii
3010 1314 3323 1401 ejiciuntur'

1754 1410 1809 1455 et
1839 1403 2096 1457 servitute
2127 1403 2292 1458 Cbam
2334 1404 2782 1468 condemnantur,
2818 1406 2919 1459 sibi
2950 1422 3160 1476 quoque
3195 1409 3326 1479 ipsis

120 1497 204 1551 dici
226 1497 487 1550 audientes
515 1496 675 1549 iIlud:
712 1515 729 1548 ι
757 1496 1065 1550 Maledictus
1106 1495 1218 1565 (85)
1246 1496 1413 1551 Cham
1456 1497 1654 1552 serviet
1680 1497 1932 1551 fratribus
1959 1500 2107 1564 suis;
2142 1518 2159 1549 ι
2206 1508 2259 1551 et
2292 1513 2410 1552 cum
2439 1498 2656 1553 Simone
2688 1500 2837 1570 Mago
2864 1501 3220 1565 collocantur,
3260 1516 3327 1557 ac

121 1591 450 1645 recensentur,
487 1584 577 1651 qui
610 1582 843 1652 Spiritus
869 1583 1038 1638 sancti
1078 1586 1328 1652 gratiam,
1382 1588 1687 1655 neutiquam
1720 1601 1849 1640 sane
1881 1587 2141 1654 venalem,
2164 1596 2386 1657 argento
2418 1589 2520 1641 emi
2550 1602 2702 1656 posse
2749 1591 3104 1655 existimavit;
3156 1601 3206 1646 et
3269 1593 3323 1649 iu

123 1678 232 1731 libro
268 1680 520 1729 Actorum
570 1677 983 1746 apostolicorum
1038 1676 1140 1730 sibi
1188 1676 1390 1732 dictum
1452 1680 1715 1734 audiunt:
1764 1699 1782 1732 ι
1818 1680 1927 1735 Nec
1957 1681 2099 1735 enim
2125 1678 2261 1752 (85')
2308 1689 2387 1736 est
2425 1681 2576 1735 vobis
2604 1696 2749 1751 pars,
2790 1697 2958 1751 neque
2981 1697 3099 1737 sors
3132 1682 3184 1737 in
3224 1683 3326 1738 hoc

123 1786 348 1826 sermone.
372 1788 391 1822 ι

674 1864 829 1916 xm».
860 1866 1009 1931 εισι.

183 1956 257 2018 Ὠς
274 1953 485 2025 άληθῶς
538 1953 666 2025 γὰρ,
720 1955 905 2025 ἐπειδὴ
963 1954 1036 2026 μὴ
1066 1954 1212 2009 ἐστιν
1270 1955 1521 2010 κοινωνία
1575 1956 1655 2028 τῷ

121 2048 269 2100 σκότει
300 2047 432 2117 πρὸς
457 2046 523 2099 τὸ
553 2046 688 2115 φῶς,
733 2046 825 2099 καὶ
846 2049 957 2109 τοῖς
983 2046 1365 2118 ἐστερημένοις
1390 2043 1486 2119 τῆς
1509 2048 1655 2112 θείας

122 2137 335 2203 γνώσεως
359 2137 496 2207 πρὸς
528 2138 654 2199 τοὺς
702 2136 793 2188 ὑπ’
823 2135 991 2206 αὐτῆς
1027 2136 1554 2208 καταυγαξομένους·
1581 2139 1656 2191 εί-

122 2229 261 2292 κότως
288 2228 597 2298 γέγραπται
650 2227 777 2298 περὶ
805 2226 914 2279 τῶν
939 2226 1258 2294 κακοδόξωνο
1288 2246 1307 2279 ι
1331 2228 1403 2281 Τὸ
1435 2228 1657 2298 Πνεῦμα

122 2318 199 2370 οὐκ
218 2318 467 2387 ἔγνωσαν,
519 2317 642 2371 οὐδὲ
700 2318 960 2388 συνῆκαν·
1003 2320 1060 2372 ἐν
1088 2319 1265 2372 σκότει
1306 2318 1655 2391 διαπορεύον-

121 2426 207 2463 ται.
238 2429 255 2462 ι
289 2409 521 2472 Δικαίως
548 2409 628 2471 (δὲ
652 2410 745 2463 καὶ
792 2410 1165 2463 ἐπιστέλλουσι
1214 2412 1342 2482 περὶ
1382 2411 1579 2473 αὐτῶν,
1630 2412 1658 2463 ὁ

126 2503 201 2570 μὲν
234 2501 495 2572 Ἰωάννης,
541 2502 623 2555 ὅτι
656 2519 673 2553 ι
719 2503 835 2555 Ἐπ’
880 2504 1109 2573 ἐσχάτου
1143 2503 1234 2556 τοῦ
1277 2503 1468 2574 χρόνου
1506 2502 1655 2556 ἐλεύ-

124 2612 271 2648 σονται
319 2596 650 2665 ἐμπαῖκται,
680 2594 823 2647 κατά
852 2594 951 2658 τὰς
993 2594 1202 2648 ἑαυτῶν
1242 2595 1537 2666 ἐπιθυμίας
1559 2612 1658 2647 πο-

126 2686 365 2758 ρευόμενοι
397 2684 511 2739 τῶν
545 2685 829 2739 ἀσεϐειῶν.
861 2680 1019 2740 Οὗτοί
1041 2688 1178 2741 εἰσιν
1208 2689 1257 2739 οί
1285 2686 1657 2759 ἀποδιορίζον-

123 2795 210 2842 τες,
235 2776 467 2846 ψυχικοὶ,
514 2776 741 2847 Πνεῦμα
793 2775 867 2847 μὴ
920 2776 1153 2846 ἔχοντεςο
1193 2795 1212 2830 ι
1249 2779 1277 2831 ὁ
1319 2780 1376 2833 δὲ
1425 2779 1657 2845 Παῦλος,

124 2869 233 2938 πρὸς
256 2870 347 2938 μὲν
375 2868 662 2939 Τιμόθεον·
687 2888 705 2920 ι
740 2868 813 2921 Th
836 2869 891 2921 δὲ
924 2870 1147 2941 Πνεῦμα
1178 2872 1356 2943 ῥητῶς
1386 2872 1549 2942 λέγει,
1578 2875 1660 2927 ὅτι

125 2959 169 3010 ἐν
202 2958 431 3030 ὑπέροις
470 2962 684 3029 καιροῖς
705 2958 1254 3028 ἀποστήσονταίτινες
1280 2961 1378 3031 τῆς
1407 2962 1657 3029 πίστεως,

128 3049 441 3119 προσέχοντες
497 3049 775 3120 πνεύμασι
836 3050 1073 3114 πλάνοις,
1140 3053 1233 3105 καὶ
1296 3053 1661 3119 διδασκαλίαις

124 3137 392 3209 δαιμονίων,
430 3142 490 3194 ἐν
540 3140 823 3210 ὑποκρίσει
872 3140 1204 3211 ψευδολόγων
1237 3142 1360 3215 [158
1390 3142 1443 3213 α]
1467 3162 1659 3198 κεκαυ-

2354 1867 2505 1923 CAP.
2549 1866 2735 1920 XXVI.

1833 1961 2036 2015 Revera
2090 1960 2255 2023 enim,
2288 1959 2538 2029 quoniam
2578 1959 2684 2013 luci
2724 1973 2844 2013 cum
2892 1958 3130 2014 tenebris
3183 1959 3321 2012 nulla

1760 2062 1843 2106 est
1890 2050 2323 2117 communicatio,
2376 2064 2471 2104 nec
2515 2050 2601 2113 iis,
2647 2048 2736 2118 qui
2795 2050 2975 2103 divina
3022 2049 3326 2116 cognitione

1760 2141 1952 2209 privati
1990 2152 2133 2206 sunt,
2156 2156 2275 2195 cum
2311 2141 2414 2203 his,
2450 2140 2541 2208 qui
2573 2140 2640 2194 ab
2666 2154 2727 2193 ea
2764 2138 3048 2195 illuminati
3084 2140 3323 2202 fuerunt,

1762 2231 1959 2285 merito
1987 2230 2245 2298 scriptum
2277 2238 2360 2284 est
2391 2229 2455 2281 de
2491 2228 2762 2282 haereticis
2781 2241 3060 2298 perperam
3088 2229 3324 2284 sentien-

1765 2321 1905 2375 tibus
1936 2338 1949 2375 :
1980 2338 1999 2372 ι
2028 2319 2284 2388 Spiritum
2327 2335 2429 2373 non
2470 2330 2829 2389 cognoverunt
2854 2318 2990 2389 (86),
3022 2334 3120 2375 nec
3158 2319 3322 2374 intel-

1764 2410 2053 2475 lexerunt;
2090 2410 2141 2462 in
2174 2408 2405 2463 tenebris
2441 2409 2775 2461 ambulant.»
2818 2408 3005 2462 Merito
3048 2409 3210 2463 etiam
3254 2410 3323 2462 de

1764 2504 1893 2573 ipsis
1911 2502 2172 2565 scribunt,
2202 2500 2434 2555 Joannes
2468 2500 2682 2569 quidem
2715 2519 2726 2552 :
2760 2519 2778 2550 ι
2810 2500 2864 2554 lu
2893 2501 3183 2555 novissimo
3209 2502 3320 2570 (87)

1763 2607 2001 2665 tempore
2050 2594 2266 2648 venient
2332 2592 2576 2647 illusores
2617 2591 2766 2661 juxta
2817 2606 3004 2647 eorum
3050 2592 3320 2650 desidem

1766 2686 2101 2741 ambulantes
2149 2685 2200 2739 in
2251 2683 2639 2753 iniquitatibus.
2707 2684 2769 2738 lli
2813 2694 2960 2751 sunt,
3014 2687 3105 2755 qui
3161 2703 3321 2756 sep..-

1766 2775 2034 2847 raut(88),
2063 2773 2341 2838 animales,
2375 2774 2631 2843 Spiritum
2666 2789 2768 2829 non
2800 2776 3094 2831 habentes:
3126 2796 3144 2828 ι
3178 2778 3320 2831 Pau-

1768 2869 1848 2922 lus
1880 2881 2007 2921 vero
2050 2866 2116 2918 ad
2151 2862 2487 2917 Timotheum
2520 2885 2530 2917 :
2567 2881 2585 2914 ι
2618 2863 2853 2931 Spiritus
2876 2864 2986 2935 (89)
3013 2875 3190 2921 autem
3230 2883 3321 2921 ex-

1768 2975 1953 3030 presse
1981 2959 2129 3021 dicit,
2162 2958 2303 3027 quod
2333 2956 2387 3010 in
2416 2957 2724 3011 novissimis
2762 2959 3091 3026 temporibus
3145 2959 3320 3013 disce—

1769 3054 1893 3108 dent
1936 3052 2152 3121 quidam
2191 3065 2219 3102 a
2272 3050 2393 3109 (ide.
2442 3049 2781 3103 attendentes
2814 3050 3091 3116 spiritibus
3124 3054 3323 3105 erroris

1767 3153 1822 3198 et
1860 3141 2116 3197 doctrinis
2177 3138 2586 3203 dmmoniorum,
2636 3140 2688 3193 in
2727 3139 2889 3209 298
2927 3140 3197 3211 hypocrisi
3246 3142 3321 3197 lo-

125 3232 465 3303 τηριασμένων
488 3231 590 3303 τὴν
628 3231 762 3285 ἰδίαν
794 3232 1115 3302 συνείδησιν·
1159 3251 1176 3285 ι
1208 3233 1344 3305 πρὸς
1380 3234 1659 3305 Ἐϐραίους

1845 3235 2035 3288 entium
2087 3231 2444 3295 mendacium,
2477 3231 2825 3286 cauteriatam
2858 3232 3164 3287 habentium
3199 3248 3322 3303 pro-

127 3321 225 3374 δέοι
259 3322 551 3393 ’Δθετὴσας
580 3340 661 3386 τις
693 3321 854 3393 νόμον
907 3322 1205 3388 Μωῦσέως,
1249 3323 1413 3395 χωρὶς,
1455 3326 1662 3395 οἰκτιρ-

130 3412 220 3481 μῶν
250 3414 333 3467 ἐπὶ
362 3415 515 3467 δυσὶν
559 3412 592 3485 ἢ
631 3415 776 3485 τρισὶ
819 3413 1081 3483 μάρτυσιν
1120 3414 1470 3487 ἀποθνήσκει⁶
1492 3414 1659 3485 πόσῳ,

128 3502 261 3566 δοκεῖ,
278 3506 354 3567 τὶς
385 3505 631 3576 χείρονος
662 3504 1017 3574 ἀξιωθήσεται
1047 3506 1336 3576 τιμωρίας,
1365 3506 1393 3557 ὁ
1414 3506 1503 3558 τὸν
1535 3506 1661 3559 Υἱὸν

128 3594 201 3645 τοῦ
229 3595 351 3648 Θεοῦ
410 3596 827 3665 καταπατήσας,
883 3594 978 3647 καὶ
1010 3595 1071 3648 τὸ
1105 3592 1241 3667 αἷμα
1266 3597 1362 3666 τῆς
1389 3595 1661 3665 Διαθήκης

130 3685 273 3737 κοινὸν
321 3685 690 3757 ἡγησάμενος,
727 3685 784 3736 ἐν
808 3676 852 3751 ᾧ
906 3683 1168 3755 ἡγιάσθη,
1207 3685 1301 3738 καὶ
1327 3684 1386 3737 τὸ
1439 3683 1662 3754 Πνεῦμα

132 3776 205 3844 τῆς
244 3777 455 3846 χάριτος
514 3773 836 3845 ἐνυϐρίσας
882 3793 900 3827 ι
946 3774 1210 3843 Ἐφεσίοις
1257 3774 1333 3828 δέ’
1369 3793 1387 3825 ι
1433 3775 1524 3845 Μὴ
1568 3774 1660 3827 λυ-

135 3869 254 3919 πεῖτε
270 3868 327 3919 τὸ
350 3868 581 3937 Πνεῦμα
613 3866 672 3919 τὸ
725 3866 875 3935 ἁγιον
906 3865 998 3920 τοῦ
1042 3866 1197 3928 Θεοῦ,
1229 3868 1286 3919 ἐν
1320 3861 1364 3935 ᾧ
1400 3866 1662 3937 ἐσφραγί-

136 3960 264 4029 σθητε
294 3960 367 4022 είς
398 3959 618 4030 ἡμέραν
658 3958 1103 4029 ἀπολυτρώσεως.
1143 3976 1160 4009 ι
1196 3958 1352 4011 Καὶό
1388 3956 1663 4027 Δεσπότης

134 4052 175 4103 δὲ
201 4054 248 4103 ἐν
262 4053 543 4123 Ματθαίφ,
592 4050 669 4121 τῷ
714 4050 892 4105 ἁλόντι
919 4049 1011 4104 ἐπὶ
1043 4049 1357 4121 βλασφημίᾳ
1384 4047 1477 4102 τοῦ
1507 4048 1662 4115 ἁγίου

136 4144 428 4214 Πνεύματος,
459 4144 540 4207 ὡς
582 4142 956 4211 ἀναπολόγητα
1009 4141 1316 4203 πταίσαντι,
1348 4138 1664 4210 παρατείνει

137 4234 211 4303 τὴν
234 4236 456 4299 κόλασιν,
486 4234 591 4303 οὐχ
620 4233 725 4296 ἕως
765 4232 859 4285 τοῦ
884 4231 1147 4303 παρόντος
1177 4231 1388 4296 αἰῶνος,
1420 4230 1665 4284 ἀλλὰκαὶ

136 4326 207 4379 τοῦ
235 4328 522 4397 μέλλοντος
560 4327 646 4379 ἵνα
680 4316 878 4397 σφόδρα
905 4324 1293 4396 φυλαττώμεθα
1336 4324 1544 4377 τοιοῦτο
1570 4342 1666 4395 μη-

138 4409 324 4470 δὲιιατά
363 4419 590 4485 ἄγνοιαν
617 4415 951 4485 ἁμαρτῆσαι,
1004 4413 1196 4482 λέγων’
1238 4431 1258 4465 ι
1299 4413 1454 4466 Πᾶσα
1488 4412 1665 4484 ἀμαρ-

140 4506 207 4560 τία
248 4510 332 4562 καὶ
368 4507 691 4578 βλασφημία
735 4506 1069 4576 ἀφεθήσεται
1105 4506 1214 4567 τοῖς
1263 4503 1590 4572 ἀνθρώποις,
1630 4504 1663 4573 ἠ

1760 3327 1929 3397 priam
1958 3323 2336 3377 conscientiam
2356 3338 2405 3385 ς»
2440 3323 2505 3376 ad
2536 3321 2785 3377 Hebraeos
2810 3331 2983 3377 autem
3012 3337 3028 3378 :
3064 3342 3082 3375 ι
3105 3322 3322 3380 Praeva-

1762 3419 1963 3471 ricatus
1982 3414 2092 3483 (90)
2126 3414 2247 3480 quis
2278 3413 2446 3482 legem
2491 3412 2710 3484 Moysis,
2744 3414 2858 3468 sine
2885 3415 3230 3470 miseratione
3268 3418 3321 3470 lu

1761 3510 1965 3563 duobus
1996 3516 2087 3559 aut
2113 3506 2285 3559 tribus
2320 3505 2544 3559 testibus
2568 3505 2797 3559 moritur
2829 3517 2844 3557 :
2879 3514 3081 3573 quanto
3112 3506 3320 3562 videtur

1760 3599 2014 3671 quis‘{9l)
2051 3598 2314 3653 deteriora
2350 3596 2543 3651 mereri
2571 3596 2855 3665 supplicia,
2887 3597 2976 3665 qui
3006 3595 3195 3651 Filium
3230 3599 3319 3654 Dei

1761 3689 2179 3753 conculcaverit,
2223 3696 2279 3741 et
2328 3686 2642 3755 sanguinem
2700 3687 3032 3741 Testamenti
3065 3688 3319 3756 pollutum

1762 3781 1993 3843 duxerit,
2041 3780 2091 3833 in
2138 3792 2246 3847 quo
2272 3776 2641 3833 sanctiﬁcatus
2662 3786 2764 3841 est,
2801 3787 2855 3831 et
2888 3777 3107 3846 Spiritui
3137 3781 3320 3849 gratia:

1762 3870 2137 3925 contumeliam
2166 3868 2387 3923 fecerit?
2412 3886 2430 3918 ι
2458 3877 2511 3921 et
2543 3868 2608 3920 ad
2639 3868 2891 3935 Ephesios
2917 3886 2930 3922 :
2967 3886 2986 3920 ι
3013 3868 3188 3925 Nolite
3207 3870 3318 3941 (92)

1762 3962 2083 4016 contristare
2112 3959 2369 4028 Spiritum
2405 3967 2649 4011 sanctum
2683 3959 2798 4021 Dei,
2822 3958 2873 4012 in
2903 3974 3009 4027 quo
3048 3960 3317 4029 obsignati

1761 4054 1893 4109 estis
1933 4053 1985 4106 in
2028 4050 2168 4105 diem
2216 4048 2616 4117 redemptionis.
2654 4066 2672 4099 ι
2705 4048 2961 4103 Dominus
3006 4065 3133 4103 vero
3177 4054 3316 4121 apud

1762 4145 2069 4200 Mattbaeutu
2121 4143 2195 4207 ei,
2241 4143 2331 4210 qui
2377 4140 2429 4193 iu
2463 4139 2791 4209 blasphemia
2833 4151 3021 4194 contra
3060 4140 3319 4208 Spiritum

1762 4244 2008 4291 sanctum
2036 4233 2397 4304 deprehensus
2431 4230 2626 4295 fuerat,
2652 4240 2832 4300 utpote
2876 4232 3027 4300 cujus
3071 4234 3319 4300 delictum

1763 4326 2102 4380 excusatione
2129 4332 2358 4390 careret,
2389 4321 2718 4392 punitiouem
2757 4323 3002 4390 producit
3031 4339 3134 4378 non
3166 4325 3321 4381 modo

1765 4428 1933 4483 usque
1968 4415 2033 4468 ad
2064 4429 2299 4483 praesens
2337 4413 2613 4479 sarculum,
2643 4415 2733 4467 sed
2767 4415 2928 4469 etiam
2962 4429 3128 4484 usque
3157 4416 3223 4469 ad
3250 4416 3314 4469 fu-

1768 4517 1982 4572 turum;
2022 4516 2079 4560 ut
2116 4507 2397 4575 diligenter
2417 4520 2721 4570 caveamus,
2743 4520 2807 4558 ne
2838 4506 2888 4559 in
2919 4506 3019 4560 hoc
3044 4516 3319 4574 peccatum

140 4597 183 4651 δὲ
202 4600 268 4662 εις
297 4601 355 4655 τὸ
380 4600 608 4671 Πνεῦμα
637 4597 949 4669 βλασφημία
980 4596 1080 4650 οὐκ
1108 4594 1435 4665 ἀφεθήσεται
1461 4595 1659 4658 αὐτοῖς·

1886 4612 1979 4667 per
2018 4597 2367 4666 ignorantiam
2399 4596 2507 4667 (9'5)
2559 4596 2771 4664 quidem
2820 4596 3191 4665 prolabamur;
3246 4599 3319 4649 ait

198 4711 288 4782 (85)
318 4711 651 4782 Maledictug.
695 4707 862 4782 Gena
893 4723 973 4782 rx,
1005 4706 1093 4782 ἓξ,
1165 4704 1429 4782 complut.
1488 4706 1654 4782 editio

1845 4724 1968 4760 ινται
2026 4707 2350 4782 ἐμπαζκται.
2398 4706 2502 4782 sed
2534 4706 2699 4782 codex
2733 4704 3144 4782 Alexandrinus,
3169 4707 3317 4782 pit-eu

144 4776 218 4845 pro
242 4776 377 4850 Χάμ,
409 4797 502 4836 seu
543 4800 561 4828 ι
586 4780 821 4850 Cbam._g
851 4778 1012 4850 habet
1044 4776 1284 4850 Χαναάν,
1340 4791 1483 4850 seu_¢
1510 4776 1653 4830 Cha-

149 4845 393 4919 aaan,i'ut
442 4852 641 4919 legitur
683 4849 733 4901 in
766 4847 1385 4919 rllebraicoexemplari.
1418 4845 1654 4919 Franco-

148 4918 363 4987 iertensis
392 4915 522 4975 vero
546 4918 707 4973 habet
733 4918 880 4987 Χάμ,
910 4926 966 4969 ut
1008 4915 1283 4985 Didymus.
1312 4916 1387 4987 Ac
1417 4930 1514 4987 pro
1536 4915 1657 4987 δου-

148 4986 309 5051 λεύσει,
359 4992 409 5043 id
467 4999 575 5050 est,
624 4984 935 5049 «serviet,»
984 4984 1214 5051 utraQue
1263 4986 1427 5039 editio
1479 4984 1657 5049 habet,

156 5074 247 5122 ταις
270 5061 473 5130 οίκέτης
504 5057 766 5130 ἔσταιηίᾱ
794 5065 898 5118 est,
933 5073 951 5106 ι
980 5070 1109 5130 puer
1133 5068 1324 5130 servus
1349 5055 1470 5107 erit.
1503 5071 1520 5103 I

206 5130 314 5212 (κδ’)
344 5123 462 5212 1‘15?
478 5124 1069 5212 εηίηις.Αεις,νιιιοὲ.¹ν
1094 5124 1522 5212 visibus"),
1541 5123 1661 5212 Me:

152 5192 244 5265 gain
274 5192 342 5253 sic
378 5200 569 5252 Petrus
602 5196 887 5263 alloquitur
917 5212 931 5249 :
960 5195 1073 5247 Οὐκ
1112 5192 1226 5245 ἐστι
1275 5209 1356 5244 σοι
1398 5193 1577 5263 μερίς,
1608 5204 1664 5246 et

156 5268 339 5337 reliqua,
359 5269 410 5322 id
437 5277 545 5331 est,
582 5286 603 5316 ‹
626 5281 729 5320 non
749 5273 832 5320 est
868 5265 965 5320 tibi
996 5279 1140 5333 pars,
1162 5281 1180 5315 ι
1205 5273 1258 5317 et
1278 5278 1396 5331 quae
1431 5278 1665 5331 sequun-

156 5344 235 5389 ων.

212 5406 300 5476 (86)
328 5406 582 5472 Spiritum
609 5423 708 5459 non
735 5413 1103 5476 cognoverunt.
1135 5401 1274 5476 Psal.
1292 5416 1492 5476 lxxxi,
1522 5417 1664 5456 vers.

155 5470 313 5543 §.Vox
345 5470 545 5536 tamen,
584 5470 943 5543 «Spiritum,»
991 5475 1141 5528 deest
1188 5475 1240 5526 in
1292 5471 1479 5525 Bibliis
1543 5487 1665 5526 cum

154 5538 334 5605 limis,
364 5557 471 5597 tum
508 5538 731 5601 Latinis.

212 5612 301 5683 (δῖ)
339 5614 397 5667 1η
431 5617 726 5669 novissimo.
780 5613 897 5669 Non
958 5612 1178 5683 Joannis
1232 5612 1348 5665 haec
1382 5617 1543 5683 sunt,
1575 5610 1667 5683 sed

156 5675 274 5737 hil:
285 5675 549 5742 yers.l8et
572 5686 845 5742 l9.Gr:£ca
864 5683 1117 5740 chtabet
1138 5701 1151 5736 :
1170 5682 1255 5735 Ἐν
1268 5680 1479 5753 ἐσχάτῳ
1493 5679 1667 5751 χρόνῳ

1764 4786 2002 4844 tempora
2033 4776 2241 4830 concilii
2257 4776 2453 4830 Niczeni
2472 4777 2624 4843 primi
2644 4785 2917 4840 exaratos,
2948 4786 3003 4828 ut
3022 4776 3180 4844 aliqui
3208 4778 3313 4844 opi-

1764 4858 1985 4909 nantur,
2022 4856 2109 4898 aut
2144 4856 2290 4899 certe
2323 4846 2737 4914 vetustissimus,
2795 4846 2953 4898 habet
2992 4861 3109 4900 eam
3147 4845 3318 4914 ipsum

1766 4917 2072 4983 lectionem,
2104 4930 2264 4983 quam
2307 4915 2391 4969 hic
2425 4916 2667 4983 sequitur
2692 4912 2965 4983 Didymus.

1840 4982 1947 5055 (88)
1986 4983 2089 5049 Qui
2130 4982 2400 5053 “parant.
2451 4982 2620 5039 Biblia
2661 4982 2748 5036 hic
2792 4982 3014 5049 addunt,
3066 4982 3316 5050 ἑαυτούς,

1764 5057 1814 5111 id
1846 5066 1947 5124 est.
1985 5073 2003 5105 ι
2025 5058 2357 5124 Semelipsos.
2382 5072 2400 5103 ι

1861 5122 1947 5194 89)
1984 5121 2233 5194 Spiritus.
2265 5124 2280 5176 I
2311 5123 2377 5176 ad
2405 5121 2543 5194 Tim.
2573 5138 2647 5186 tv,
2680 5136 2699 5177 ι
2736 5138 2791 5181 et
2819 5128 2872 5181 2.

1863 5192 1951 5256 9n)
1984 5192 2387 5246 Pra'varicatus.
2420 5192 2580 5245 Hebr.
2605 5208 2659 5256 x,
2685 5195 2754 5249 28
2783 5208 2837 5251 et
2858 5193 2946 5249 29.

1864 5196 1928 5247 9n
1984 5196 2387 5246 Pra'varicatus.
2420 5196 2580 5245 Hebr.
2605 5208 2659 5256 x,
2685 5196 2754 5249 28
2783 5208 2837 5251 et
2858 5196 2946 5249 29.

1864 5196 1953 5337 91)
1996 5262 2208 5337 Yidetur
2235 5265 2372 5331 quis.
2395 5260 2576 5337 Gracia
2600 5264 2763 5319 editio
2791 5282 2886 5337 pro
2914 5265 3059 5319 δοκεῖ
3090 5283 3193 5332 τις,
3228 5268 3323 5323 ha-

1770 5338 1861 5389 bet
1885 5333 2109 5392 δοκείτε,
2141 5333 2190 5384 id
2217 5342 2317 5395 est,
2350 5347 2368 5380 ι
2390 5332 2607 5399 putatis.
2633 5350 2653 5383 ι

1866 5402 1954 5468 92)
1994 5402 2189 5453 Nolite.
2217 5400 2411 5468 Ephes.
2450 5414 2523 5462 tv,
2563 5400 2651 5455 50.

1866 5402 1935 5456 92
1994 5402 2189 5453 Nolite.
2217 5402 2411 5468 Ephes.
2450 5414 2523 5462 tv,
2563 5402 2651 5455 50.

1844 5402 1956 5543 ίθὸ)
1993 5470 2095 5522 Per
2114 5470 2495 5543 ignorantiam.
2519 5469 2883 5543 _AlI_inia,limo
2918 5474 3072 5540 plane
3108 5473 3321 5542 gemina

1771 5537 2068 5612 dictaverat
2112 5537 2369 5612 Didymus
2393 5539 2568 5612 ‘initio
2612 5541 2730 5612 libri
2780 5543 2854 5596 De
2886 5537 3088 5612 Spiritu
3110 5537 3321 5608 sancto,

1772 5612 1858 5666 ubi
1898 5612 2011 5683 haec
2037 5608 2262 5683 legiums
2293 5627 2305 5683 ς
2347 5627 2366 5659 ι
2393 5608 2693 5683 Praesertim
2731 5628 2859 5683 cum
2906 5608 3234 5683 blasphemia
3268 5613 3322 5667 in

1770 5696 1891 5737 eum
1925 5682 2039 5737 sine
2069 5679 2218 5734 venia
2265 5680 2357 5746 sit,
2394 5679 2466 5735 ita
2499 5687 2556 5736 ut
2576 5680 2996 5752 blaSphemantis
3024 5679 3179 5753 pana
3207 5690 3325 5740 teu-
