3716 6340
364 313 463 370 751

1565 392 1569 395 γ
1614 312 1846 368 υιῡνιιι
1884 315 2353 371 ALEXANDRINI
3470 320 3555 375 752

358 435 542 492 enim:
578 452 597 486 ι
627 433 797 488 Omne
823 432 933 505 (94)
965 442 1245 502 peccatum
1288 441 1341 487 et
1364 432 1697 502 blaslihemia
1732 449 1840 488 rem

2028 436 2116 487 mi.
2144 435 2202 497 ὃς
2234 435 2300 488 ἂν
2339 436 2465 508 εἴπῃ
2500 434 2654 504 λόγον
2680 437 2817 490 κατὰ
2856 438 2949 493 τοῦ
2980 438 3110 493 Υἱοῦ
3138 435 3231 490 τοῦ
3277 435 3555 507 ἀνθρώπου,

362 535 507 581 tetur
539 526 865 590 hominibus,
913 525 1239 595 blasphemia
1269 542 1398 581 vero
1438 526 1489 579 in
1526 526 1784 595 Spiritttm
1809 527 1917 595 (95)

362 633 467 672 non
501 619 800 673 remittetur
840 617 987 685 ipsis.
1043 617 1107 670 Et
1144 618 1444 685 quicunque
1487 617 1678 670 dixerit
1713 633 1922 671 sermo-

363 724 483 762 nem
532 718 715 762 contra
747 708 936 762 Filium
965 707 1213 773 hominis,
1252 709 1551 762 remittetur
1575 708 1661 771 ei;
1704 708 1791 775 qui
1826 722 1921 759 au-

362 807 469 851 tem
493 798 693 851 dixerit
723 808 909 852 contra
937 796 1194 865 Spiritum
1240 808 1507 861 sanctum,
1533 814 1638 851 non
1680 799 1919 851 remitte-

364 900 451 943 tur
486 890 532 943 ei
581 904 754 958 neque
806 889 858 942 in
912 888 1107 943 saeculo
1152 890 1273 953 isto,
1326 905 1498 958 neque
1556 891 1606 943 in
1662 891 1859 943 futuro.
1894 909 1911 942 ›

361 979 545 1046 Qualis
583 994 710 1033 vero
753 979 888 1032 alius
923 995 1101 1033 sermo
1136 989 1217 1033 est
1251 987 1445 1033 contra
1501 979 1758 1050 Spiritum
1794 996 1918 1035 san-

357 1082 504 1125 ctum
530 1072 660 1141 (96),
691 1080 782 1123 aut
812 1086 1054 1138 quaenam
1095 1071 1196 1124 alia
1232 1072 1543 1140 intelligitur
1586 1072 1917 1141 blaSphemia

358 1163 426 1217 de
454 1164 591 1232 ipso,
623 1164 721 1216 nisi
748 1162 847 1216 hoc
867 1163 1008 1231 quod
1053 1169 1133 1215 est
1164 1162 1310 1215 illum
1343 1177 1442 1214 non
1483 1164 1720 1215 conﬁteri
1752 1162 1915 1216 Deum

358 1252 895 1314 consubstantialem,
947 1264 1000 1304 et
1053 1261 1373 1305 comternum
1431 1252 1605 1315 Patri,
1655 1261 1703 1304 et
1747 1252 1919 1306 Filio?

357 1345 489 1399 Nam
513 1345 811 1415 specialiter
838 1360 955 1398 cum
976 1344 1038 1397 de
1062 1345 1170 1398 Deo
1193 1359 1369 1398 sermo
1394 1353 1494 1406 est,
1511 1343 1917 1413 blasphemandi

356 1438 575 1491 verbum
621 1437 921 1491 adhibetur.
976 1435 1228 1490 Dcﬂnivit
1276 1451 1425 1498 vero,
1472 1437 1669 1490 remitti
1702 1436 1914 1503 quidem

356 1528 740 1596 blasphemiam
785 1537 971 1581 contra
1017 1526 1211 1580 Filium
1263 1527 1517 1589 hominis,
1556 1543 1659 1579 non
1708 1527 1918 1580 remitti

354 1628 484 1667 vero
508 1625 645 1678 eam,
678 1629 794 1681 qua:
826 1614 897 1668 sit
924 1616 989 1667 de
1040 1612 1244 1682 Spiritu
1270 1626 1474 1668 sancto.
1516 1614 1716 1679 Quibus
1742 1616 1917 1668 verbis

354 1706 638 1775 signiﬁcat,
670 1720 773 1760 non
818 1707 1016 1760 remitti
1058 1707 1127 1770 ei,
1173 1707 1262 1776 qui
1296 1721 1415 1761 sero
1456 1707 1664 1767 saltem.
1702 1722 1763 1759 ac
1798 1716 1913 1760 tan-

2023 525 2350 597 ἀφεθήσεται
2383 525 2548 596 αὐτῷ·
2577 527 2634 590 ὃς
2659 528 2702 580 δ’
2732 528 2797 581 ἂν
2821 529 2947 600 εἴπῃ
2999 529 3137 582 κατὰ
3164 527 3257 581 τοῦ
3276 527 3559 597 Πνεύματος

2020 617 2111 669 τοῦ
2138 617 2313 685 ἁγίου,
2346 619 2444 671 οὐκ
2500 619 2829 689 ἀφεθήσεται
2873 622 3041 691 αὐτῷ,
3074 620 3195 673 οὔτε
3222 621 3279 671 ἐν
3311 618 3389 687 τῷ
3428 618 3558 673 αἰῶνι

2020 708 2212 778 τούτῳ,
2240 707 2364 760 οὔτε
2399 711 2455 761 ὲν
2483 709 2561 779 τῷ
2590 711 2852 780 μέλλοντι.
2894 731 2911 763 ι
2969 712 3159 774 Ἀλλος
3205 710 3259 763 δὲ
3297 710 3438 771 ποῖός
3467 712 3559 764 ἐστι

2018 797 2172 865 λόγος
2197 797 2335 850 κατὰ
2366 798 2457 851 τοῦ
2509 799 2663 866 ἁγίου
2698 799 3027 869 Πνεύματος,
3064 800 3096 870 ἢ
3133 798 3266 867 ἄλλη
3295 797 3422 849 ποία
3445 800 3559 850 νοεῖ-

2018 906 2106 942 ται
2153 891 2279 960 περὶ
2300 890 2460 942 αὐτοῦ
2497 890 2831 961 βλασφημία,
2869 892 2987 963 ῆτὸ
3037 892 3110 963 μὴ
3153 892 3431 960 ὁμολογεῖν
3455 892 3563 943 αὐτὸ

2018 980 2149 1032 Θεὸν
2190 980 2470 1050 ὁμοούσιον
2527 982 2621 1035 καὶ
2656 983 2986 1053 συνάναρχον
3027 982 3104 1052 τῷ
3147 982 3321 1050 Πατρὶ
3370 982 3461 1034 καὶ
3501 982 3562 1052 τῷ

2020 1071 2165 1142 Υίῴς
2218 1072 2419 1135 Ἰδικῶς
2470 1072 2577 1143 γὰρ
2614 1074 2705 1126 ἐπὶ
2738 1072 2829 1126 τοῦ
2875 1072 3008 1127 Θεοῦ
3047 1074 3106 1126 τὸ
3154 1073 3484 1144 βλασφημεῖν
3503 1075 3563 1127 εἴ·

2020 1179 2201 1232 ρηται.
2239 1164 2455 1234 Ὤρισεν
2486 1163 2541 1215 δὲ
2570 1163 2824 1231 ἀᾷίεσθαι
2856 1165 2953 1234 μὲν
3002 1165 3101 1235 τὴν
3137 1164 3280 1216 κατὰ
3304 1163 3398 1215 τοῦ
3454 1162 3562 1215 Υίοῦ

2018 1250 2106 1303 τοῦ
2138 1252 2420 1322 ἀνθρώπου
2470 1253 2837 1323 βλασφημίαν,
2885 1256 2983 1324 τὴν
3024 1255 3080 1307 δὲ
3125 1254 3379 1325 περὶτοῦ
3432 1254 3563 1321 ἁγίου

2017 1344 2329 1415 Πνεύματος
2376 1346 2450 1417 μὴ
2499 1346 2769 1416 ἀφίεσθαι·
2819 1348 2992 1398 ὲκεῖνο
3034 1347 3229 1416 δηλῶν,
3271 1345 3351 1397 ὅτι
3376 1345 3453 1415 τῷ
3480 1345 3563 1397 κᾶν

2016 1436 2145 1505 γοῦν
2182 1437 2279 1505 ὁψέ
2324 1454 2453 1490 ποτε
2497 1437 2571 1508 μὴ
2631 1437 2979 1490 πιστεύσαντι
3023 1439 3087 1488 ὲκ
3149 1436 3241 1488 τοῦ
3288 1434 3423 1487 Θεοῦ
3469 1436 3563 1487 Πα-

2015 1530 2140 1600 τρὺς
2193 1529 2489 1599 ὁμοουσίως
2546 1529 2676 1582 αὐτὸ
2714 1527 3165 1599 ὲκπεπορεῦσθαι·
3209 1527 3285 1595 τῷ
3318 1526 3430 1595 γὰρ
3463 1527 3563 1578 ἐπι-

2022 1622 2202 1688 γνόντι
2286 1622 2523 1689 ἀφίεται.
2587 1622 2756 1692 Φησὶν
2826 1624 2953 1692 γάρ·
3031 1622 3151 1673 Ἐπὶ
3205 1619 3299 1672 τοῦ
3351 1616 3561 1689 [1581)]

2016 1712 2145 1763 Υίοῦ
2196 1713 2446 1783 ἀφορμὴν
2502 1711 2657 1780 γοῦν,
2718 1713 2766 1764 εί
2836 1714 2930 1766 καὶ
2986 1711 3059 1783 μὴ
3126 1711 3367 1779 εῦλογον,
3402 1709 3563 1778 ἔχουσι

356 1796 477 1850 dem
511 1795 795 1864 aliquando
824 1811 927 1849 non
958 1796 1266 1862 crediderit,
1307 1796 1478 1866 ipsum
1515 1813 1581 1850 ex
1611 1796 1720 1849 Deo
1758 1796 1840 1849 Pal

2028 1803 2083 1856 τὰ
2110 1805 2235 1873 περὶ
2265 1804 2363 1875 τῆς
2397 1804 2674 1876 ἀφράστου
2713 1805 3174 1874 ἐνανθρωπήσεως
3222 1801 3561 1873 μικροπρεπῆ

355 1886 884 1941 consubstantialiter
936 1887 1313 1952 processisse:
1364 1904 1485 1941 nam
1532 1888 1612 1954 ei,
1672 1888 1759 1956 qui
1814 1888 1915 1941 hoc

356 1980 595 2048 agnovit,
643 1980 953 2034 remittitur.
998 1980 1225 2036 Perinde
1281 1982 1423 2036 enim
1470 1991 1572 2044 est,
1632 1996 1693 2034 ac
1740 1982 1783 2034 si
1835 1983 1917 2034 di-

357 2079 505 2126 ceret
556 2088 569 2124 :
632 2070 783 2138 Quod
838 2080 1043 2140 spectat
1100 2072 1313 2140 quidem
1369 2072 1435 2125 ad
1500 2073 1714 2134 Filium,
1776 2090 1915 2143 pra:-

356 2169 556 2215 textum
611 2162 797 2215 saltem
826 2205 840 2227 ,
883 2162 981 2215 etsi
1027 2178 1128 2216 non
1178 2163 1568 2227 rationabilem,
1610 2163 1771 2233 299
1814 2166 1911 2217 ha-

350 2252 511 2319 bent,
576 2269 765 2323 nempe
822 2253 1039 2307 humilia
1097 2253 1218 2318 illa,
1276 2264 1433 2323 atque
1487 2255 1729 2323 abjecta,
1798 2272 1917 2326 qua:

352 2345 419 2400 de
468 2347 580 2414 ipso
635 2345 921 2410 dicuntur,
967 2359 1188 2414 qumque
1241 2347 1306 2398 de
1366 2344 1619 2400 ineli‘abili
1660 2345 1913 2400 Incarna-

351 2437 496 2491 tione
527 2436 866 2506 intelligenda
896 2444 1039 2489 sunt.
1065 2435 1216 2499 Quod
1259 2451 1385 2490 vero
1417 2445 1621 2505 spectat
1654 2437 1716 2490 ad
1745 2436 1915 2507 Spiri-

354 2538 464 2582 tum
494 2540 758 2594 sanctum,
802 2528 1001 2581 nullam
1021 2528 1669 2583 habentexcusationem.
1711 2527 1913 2585 Idcirco

350 2627 405 2675 et
439 2618 715 2689 Sapientia
740 2619 975 2673 divinum
1002 2617 1259 2687 Spiritum
1296 2620 1456 2673 Deum
1481 2634 1598 2673 esse
1614 2619 1911 2686 declarans,

351 2719 404 2767 et
435 2709 550 2779 ejus
588 2712 805 2766 nomine
831 2711 896 2765 iis
926 2711 1283 2771 comminans.
1313 2711 1400 2780 qui
1439 2711 1609 2780 ipsum
1663 2712 1915 2780 blasphe-

349 2813 520 2869 mant,
549 2804 655 2857 ait:
695 2821 713 2853 ι
752 2802 1023 2872 Benignus
1064 2800 1173 2873 (97)
1226 2811 1309 2857 est
1364 2804 1505 2856 enim
1556 2803 1789 2871 Spiritus
1830 2818 1916 2856 sa-

346 2897 583 2968 pienti:e,
617 2904 671 2951 et
698 2911 799 2949 non
833 2895 1466 2965 liberabitblasphemum
1494 2910 1521 2948 a
1580 2894 1731 2948 labiis
1768 2897 1912 2951 suis:

346 2985 595 3053 quoniam
620 2998 806 3036 renum
843 2982 988 3038 illius
1023 2983 1176 3037 testis
1206 2993 1286 3037 est
1315 2984 1471 3046 Dens,
1518 2993 1573 3039 et
1620 2986 1799 3040 cordis
1846 2985 1915 3039 il-

2019 1897 2271 1967 ῥήματα·
2321 1897 2450 1967 περὶ
2492 1897 2551 1949 δὲ
2596 1894 2689 1948 τοῦ
2728 1896 2882 1963 ἁγίου
2931 1894 3272 1962 Πνεύματος,
3324 1891 3564 1961 οὐδεμίαν

2014 1987 2197 2057 ἔχουσι
2233 1987 2447 2058 σκῆψιν.
2470 1987 2559 2040 Διὸ
2586 1989 2680 2041 καὶ
2702 1990 2734 2057 ἡ
2774 1986 2943 2055 Σοφία
2969 1986 3292 2053 θεολογοῦσα
3318 1984 3381 2036 τὸ
3405 1982 3564 2036 θεῖκδν

2017 2078 2258 2149 Πνεῦμα,
2295 2081 2389 2133 καὶ
2426 2080 2520 2132 ἀπ’
2557 2079 2720 2132 αὐτοῦ
2755 2079 3050 2132 ἀπειλοῦσα
3094 2080 3206 2140 τοῖς
3235 2075 3567 2146 βλασφημοῦ-

2018 2186 2099 2221 σιν
2128 2171 2279 2237 αὐτὸ,
2308 2169 2485 2238 λέγει’
2517 2189 2534 2220 r
2562 2169 2943 2240 Φιλάνθρωπον
2977 2168 3085 2239 γὰρ
3115 2166 3338 2237 Πνεῦμα
3371 2166 3565 2234 σοφίας,

2015 2261 2107 2314 καὶ
2141 2261 2240 2314 οὐκ
2270 2260 2499 2314 ἀθοώσει
2529 2260 2847 2331 βλάσφημον
2881 2261 2988 2314 ἀπὸ
3016 2259 3238 2330 χειλέων
3281 2256 3467 2321 αὑτοῦ,
3501 2258 3569 2310 ὅτι

2013 2353 2120 2407 τῶν
2153 2353 2366 2423 νεφρῶν
2399 2353 2560 2406 αὑτοῦ
2593 2354 2801 2425 μάρτυς
2833 2354 2860 2404 ὀ
2895 2352 3046 2415 Θεὸς,
3098 2352 3193 2404 καὶ
3225 2351 3323 2421 τῆς
3356 2350 3569 2419 καρδίας

2014 2442 2177 2495 αὑτοῦ
2227 2443 2521 2506 ἐπίσκοπος
2561 2444 2787 2513 ἀληθὴς,
2832 2444 2925 2495 καὶ
2965 2443 3062 2513 τῆς
3118 2440 3371 2511 γλώσσης
3427 2441 3571 2493 ἀκου-

2017 2534 2176 2605 στής⁶
2211 2535 2293 2587 ὃτι
2335 2532 2560 2604 Πνεῦμα
2592 2534 2799 2605 Κυρίου
2841 2532 3169 2603 πεπλήρωκε
3198 2530 3295 2601 τὴν
3335 2528 3571 2599 οἰκουμέ-

2014 2640 2130 2694 νην,
2160 2624 2252 2676 καὶ
2294 2623 2354 2677 τὸ
2389 2624 2608 2694 συνέχον
2635 2624 2701 2677 τὰ
2730 2624 2926 2689 πάντα,
2957 2623 3158 2691 γνῶσιν
3192 2620 3303 2691 ἔχει
3330 2622 3527 2690 φωνῆς.
3549 2636 3565 2669 ι

2015 2716 2075 2768 Oi
2108 2715 2215 2784 γὰρ
2241 2717 2305 2785 τῇ
2333 2715 2547 2785 θεότητι
2580 2716 2745 2767 αὑτοῦ
2778 2713 3151 2775 ἀπιστοῦντες,
3180 2712 3324 2765 καθὰ
3356 2714 3386 2764 ὁ
3428 2710 3572 2763 Ἀπό-

2017 2803 2198 2867 στολος
2235 2804 2484 2874 Τιμοθέῳ
2526 2804 2584 2855 ὲν
2654 2805 2721 2873 τῇ
2772 2809 2819 2854 α’
2870 2803 3070 2872 γράφει
3129 2800 3572 2869 Ἐπιστολῇ,ἁφ-

2014 2896 2368 2967 ομοιωθέντες
2411 2894 2683 2964 Ὑμεναίῳ
2714 2895 2808 2946 καὶ
2846 2892 3196 2963 Ἀλεξάνδρῳ,
3255 2910 3272 2942 ι
3300 2892 3434 2959 περὶ
3488 2890 3572 2959 τὴν

2017 2988 2197 3039 πίστιν
2226 2987 2588 3055 ἐναυάγησαν,
2622 2985 2715 3036 καὶ
2745 2982 3114 3053 παρεδόθησαν
3147 2981 3225 3051 τῷ
3257 2982 3473 3051 Σατανᾷ
3498 2980 3576 3033 ἵνα

346 3073 448 3129 lius
481 3074 751 3142 inspector
775 3081 859 3126 est
904 3088 1084 3138 verus,
1133 3084 1186 3128 et
1236 3074 1431 3143 lingua:
1484 3075 1729 3129 auditor:
1778 3092 1840 3145 qu

2028 3076 2347 3131 παιδευθῶσι
2416 3076 2486 3146 μὴ
2525 3075 2880 3145 βλασφημεῖν.
2910 3092 2927 3124 ι
2966 3072 3235 3135 Εἰκότως*
3268 3072 3451 3125 αἶσιον
3480 3071 3577 3141 γὰρ

346 3166 488 3221 niam
531 3164 760 3234 Spiritus
778 3166 985 3220 Domini
1020 3165 1246 3235 replevit
1287 3167 1471 3220 orbem
1512 3176 1798 3233 terrarum,

2028 3172 2202 3232 αὐτοῖς
2225 3168 2285 3221 τὸ
2313 3168 2464 3235 ἅγιον
2487 3165 2707 3235 Πνεῦμα
2740 3168 2891 3217 πνεῖν
2924 3166 3023 3216 οὐκ
3052 3162 3341 3233 ἠθέλησαν,
3371 3163 3468 3215 καὶ
3492 3161 3577 3230 τὴν

346 3257 450 3311 hoc
481 3258 620 3326 quod
643 3257 883 3311 continet
910 3256 1110 3323 omnia,
1155 3256 1435 3311 scientiam
1474 3256 1634 3312 habet
1667 3260 1832 3314 vocis.

2028 3261 2187 3329 τάσης
2214 3258 2463 3328 ἀγκύρας
2491 3256 2839 3326 βεϐαιοτέραν
2868 3254 3164 3323 ὲπίλαμψιν
3188 3252 3358 3305 αὐτοῦ
3389 3253 3580 3323 ἠθέτη-

344 3345 480 3403 Nam
508 3348 598 3417 qni
627 3348 804 3402 deitati
845 3348 959 3418 ejus
990 3362 1095 3401 non
1136 3348 1380 3411 credunt,
1438 3350 1575 3403 sicut
1625 3348 1840 3418 Apostol

2028 3366 2129 3412 raw,
2167 3349 2261 3400 καὶ
2309 3348 2450 3417 ἔχειν
2495 3346 2660 3400 αὑτοῦ
2704 3363 2762 3398 τε
2807 3346 2901 3398 καὶ
2949 3344 3042 3397 τοῦ
3086 3342 3322 3414 Χριστοῦ
3375 3343 3581 3395 τελείαν

345 3442 410 3494 ad
445 3440 782 3494 Timotheum
808 3441 860 3495 in
894 3441 1064 3509 prima
1097 3439 1286 3494 scribit
1325 3438 1581 3508 Epistola,
1631 3440 1833 3495 assimil

2028 3440 2106 3510 τὴν
2144 3440 2470 3509 κυϐέρνησιν
2506 3440 2606 3491 οὐκ
2644 3439 2954 3507 ἠνέσχοντο,
2984 3436 3081 3506 τῆ,
3117 3435 3464 3505 θεοπρεποῦς
3493 3436 3582 3488 καὶ

346 3533 631 3603 Hymenaeo
659 3532 791 3603 (98),
823 3543 875 3587 et
906 3531 1228 3599 Alexandro,
1276 3550 1295 3583 r
1339 3531 1480 3586 circa
1510 3531 1665 3586 ﬁdem
1690 3531 1840 3585 naufr

2032 3530 2250 3600 σοτίμου
2294 3531 2452 3599 δόξης
2492 3530 2717 3592 ἑαυτοὺς
2768 3532 3145 3600 στερήσαντες.
3201 3526 3313 3579 Καὶ
3346 3527 3481 3597 γὰρ.
3512 3525 3580 3586 ὡς

344 3634 619 3694 gaverunt,
654 3636 708 3679 et
734 3625 919 3678 traditi
948 3634 1075 3680 sunt
1101 3622 1338 3687 Satanae,
1378 3632 1437 3676 ut
1486 3623 1755 3677 discerent
1799 3614 1840 3675 ιι.

2028 3638 2061 3671 ,ν
2091 3624 2154 3693 τῇ
2198 3628 2243 3673 α’
2272 3620 2379 3674 τῶν
2405 3610 2697 3674 Βασιλειῶν
2725 3621 2935 3692 εἴρηται
2963 3617 3113 3688 παρὰ
3142 3616 3235 3669 τοῦ
3265 3616 3440 3679 Εῐλὶ,ι
3465 3615 3583 3667 Ἐὰν

343 3715 737 3785 biaspbemare.
782 3735 799 3766 ι
836 3715 903 3769 Εῑ
946 3714 1138 3769 merito
1184 3715 1432 3783 quidem:
1473 3729 1595 3767 nam
1643 3712 1840 3782 Spiritu

2028 3712 2225 3785 ιμάρτῃ
2259 3714 2396 3784 ἀνὴρ
2428 3716 2506 3777 είς
2540 3713 2728 3783 ἄνδρα,
2769 3712 2863 3764 καὶ
2898 3709 3281 3783 προσεύξονται
3310 3707 3447 3777 περὶ
3474 3706 3580 3758 αὑ-

343 3812 586 3859 sanctum
612 3803 738 3873 ipsis
766 3817 1079 3873 prosperum
1104 3802 1234 3857 ﬂare
1266 3803 1572 3866 noluerunt,
1606 3811 1660 3857 et
1689 3803 1805 3872 ejus
1835 3804 1840 3856 Ξ

2028 3802 2105 3855 τοῦ
2132 3804 2265 3872 πρὸς
2291 3804 2378 3856 τὴν
2416 3804 2617 3875 Κύριον
2637 3819 2650 3834 ·
2692 3803 2785 3855 ἐὰν
2816 3802 2872 3856 δὲ
2898 3801 2976 3870 τῷ
3004 3800 3187 3870 Κυρίῳ
3218 3799 3470 3871 ἁμάρτῃ,
3502 3797 3582 3859 τίς

343 3891 741 3958 luminationem
796 3894 940 3948 onmi
979 3892 1210 3947 anchora
1244 3893 1534 3947 ﬁrmiorem
1569 3908 1840 3962 spreverut

2028 3894 2365 3964 προσεύξεται
2396 3896 2521 3966 περὶ
2553 3893 2752 3959 αὐτοῦς
2782 3913 2799 3945 ι
2850 3894 2907 3947 Ὁ
2935 3894 2991 3947 δὲ
3033 3912 3051 3945 ι
3072 3892 3277 3963 Κύριος
3303 3891 3370 3943 τὸ
3412 3888 3580 3943 Πνεῦ-

341 3994 396 4038 et
428 3982 715 4053 perfectam
754 3981 890 4051 ejus,
949 3992 1003 4036 et
1055 3980 1254 4036 Christi
1308 3981 1757 4051 gubernationem
1819 3996 1840 4033 r

2028 3984 2087 4038 ιά
2125 3985 2293 4047 ἐστιν,
2318 4004 2337 4037 ι
2377 3986 2452 4048 ὡς
2490 3986 2692 4058 ἔγραψε
2723 3984 2949 4049 Παῦλος.

342 4083 626 4145 spuerunt,
656 4074 970 4141 semetipsos
1002 4087 1067 4127 eo
1111 4072 1515 4141 gloriﬁcationis
1558 4075 1755 4142 hymno
1802 4072 2098 4140 privantes,
2161 4077 2251 4144 qui
2328 4078 2433 4131 Deo
2494 4079 2818 4131 conveniens
2849 4084 2949 4140 est,
2979 4084 3032 4129 et
3051 4073 3419 4142 aequalitatem
3465 4086 3586 4126 εει-ο

340 4175 433 4221 vat
457 4180 832 4234 personarum.
867 4163 998 4218 Nam
1018 4167 1156 4219 sicut
1182 4166 1234 4218 in
1273 4164 1446 4232 primo
1498 4163 1804 4233 Regnorum
1853 4164 1992 4219 libro
2057 4164 2166 4236 (99)
2221 4168 2421 4221 dictum
2460 4177 2543 4221 est
2590 4168 2657 4222 ab
2704 4167 2820 4222 Heli
2853 4167 2961 4237 (t):
2998 4185 3017 4217 ι
3053 4165 3107 4218 Si
3152 4166 3471 4235 peccaverit
3505 4164 3584 4237 (ἰ)

338 4259 424 4313 vir
454 4257 505 4310 in
525 4256 722 4317 virum,
755 4264 810 4308 et
842 4254 1073 4308 orabunt
1121 4269 1217 4321 pro
1268 4269 1333 4309 eo
1379 4253 1446 4306 ad
1488 4252 1811 4308 Dominum:
1862 4254 1907 4309 si
1947 4267 2124 4312 autem
2154 4258 2379 4313 Domino
2409 4258 2732 4327 peccaverit,
2774 4258 2894 4328 quis
2943 4256 3120 4313 orabit
3154 4272 3255 4327 pro
3308 4258 3420 4315 eo?
3455 4277 3476 4312 ι
3522 4260 3588 4313 At

342 4366 366 4402 ι
394 4347 652 4402 Dominus
676 4346 752 4415 (5)
790 4344 1020 4414 Spiritus
1052 4354 1153 4409 est,
1186 4363 1205 4397 ι
1248 4351 1306 4399 ut
1342 4343 1557 4412 scripsit
1579 4343 1790 4398 Paulus.

334 4507 498 4562 datm-
541 4519 645 4560 non
681 4518 852 4559 sonum
895 4502 947 4556 in
998 4514 1156 4555 omne
1208 4514 1443 4567 praesens
1494 4500 1769 4565 smcnlum,
1802 4500 1895 4554 sed
1928 4504 1972 4559 D
2008 4520 2025 4551 ι
2050 4500 2397 4569 appellet.....
2433 4499 2825 4554 humanitatem
2876 4516 3008 4555 vero
3037 4515 3186 4555 suam
3211 4519 3230 4553 ο
3268 4501 3445 4555 lilium
3493 4502 3589 4557 ho—

336 4576 497 4632 etiatn
533 4575 586 4628 in
618 4573 879 4627 futurum.
923 4572 1012 4625 Ait
1052 4570 1247 4639 quippe
1292 4568 1557 4634 Salvator,
1598 4568 1901 4636 rBlasphe-‘
2002 4572 2161 4640 minis
2196 4590 2214 4620 r
2241 4582 2413 4623 vocet.
2447 4588 2465 4620 ι
2496 4572 2563 4623 At
2600 4571 2853 4640 Didymus
2895 4580 3004 4624 tum
3063 4570 3171 4633 hic,
3204 4582 3310 4624 tum
3352 4572 3410 4624 in
3448 4571 3587 4626 libro

337 4644 504 4700 manli
541 4644 592 4697 in
625 4638 1163 4711 Spiritumsanctum
1188 4653 1298 4711 non
1352 4654 1472 4692 esse
1518 4640 1893 4711 remissionem
2000 4639 2076 4692 De
2099 4638 2301 4711 Spiritu
2325 4649 2529 4703 sancto,
2563 4638 3093 4711 tertiam'l‘rinitatis
3124 4655 3423 4709 personam
3454 4642 3586 4711 Spi-

340 4729 511 4784 neque
536 4714 588 4767 in
621 4707 725 4768 isto
748 4709 960 4784 sarculo,
992 4724 1164 4784 neque
1186 4708 1236 4761 in
1269 4707 1513 4784 futuro.)
1550 4707 1702 4763 Unde
1727 4711 1895 4784 magis
2000 4710 2285 4784 tussancﬁti
2325 4708 2845 4784 nomine_intelligit.

336 4800 400 4838 ac
426 4776 601 4852 inagis
633 4792 843 4851 oportet
888 4776 1188 4852 intendere.
1216 4793 1347 4852 qua:
1376 4776 1783 4845 Srriptnrarum
1824 4776 1893 4852 de
2070 4777 2180 4852 (9?)
2219 4778 2505 4852 Qenignus.
2541 4779 2743 4852 sapq,
2777 4782 2809 4830 b‘
2836 4787 2888 4832 et
2917 4777 2971 4852 7.

335 4869 422 4931 eo_
447 4846 634 4931 relatio
665 4846 754 4917 sit,
789 4866 857 4905 ne
886 4850 937 4931 iu
971 4849 1202 4931 aliquem
1231 4846 1414 4931 (codex
1442 4859 1636 4931 noster2
1674 4860 1744 4931 ne
1790 4847 1890 4899 ali-
1999 4914 2041 4931 ἢ
2072 4846 2182 4931 (98)
2208 4846 2520 4931 ﬁgurantem
2579 4847 3094 4931 Codexmmendose.
3134 4849 3413 4920 ’Υμενέῳ.
3456 4850 3588 4906 Vide

333 4922 502 4993 quis),
540 4914 749 4977 saltem
780 4936 875 4988 per
925 4914 1305 4989 ignorantiam,
1337 4916 1700 4995 blasphemiae
1736 4931 1840 4970 errr

333 4993 577 5064 obrepat.
609 5010 628 5044 ι
680 4992 878 5064 Eadem
929 4987 1164 5043 inculcat
1209 4988 1460 5041 etiamm
1494 4986 1599 5041 (ine
1653 4986 1840 5053 eiusde

2028 4914 2171 4985 Epist.
2208 4914 2311 4970 la'd
2344 4918 2484 4970 Tim.
2508 4932 2548 4982 ι,
2578 4915 2643 4969 19
2671 4927 2724 4969 et
2745 4916 2837 4970 20.
3206 4914 3217 4919 ’
3359 4914 3371 4920 ’

2079 4983 2188 5064 (99)
2219 4984 2401 5064 ζιὶζγιςο.
2444 4984 2511 5064 ‘ln
2571 4986 2757 5064 omo
2787 5006 2796 5038 :
2912 4987 3002 5064 τῇ..
3028 4985 3220 5064 πρῴτη
3253 4989 3365 5042 τῶν
3422 4991 3589 5044 Βασία-

331 5059 450 5115 libri
470 5053 628 5113 'num.
664 5062 869 5114 ultimo.
1281 5125 1286 5126 ί
1323 5125 1330 5126 ί

2028 5053 2198 5126 .ειῷν;ί
2217 5056 2587 5126 Subintellige,
2618 5054 2806 5126 βίϐλῳἶ
2833 5053 3002 5109 Simili
3028 5053 3262 5111 uiodoin
3290 5074 3585 5113 commen-

428 5129 517 5198 94)
544 5129 731 5185 Omne.
767 5129 949 5183 Matth.
975 5144 1073 5198 δη,
1096 5127 1159 5181 51
1194 5134 1248 5198 et
1278 5125 1366 5179 '52.
1411 5194 1471 5198 _
1509 5194 1546 5198 μ
1654 5193 1678 5198 _
1717 5196 1760 5198 _
1842 5195 1851 5198 _
2006 5124 2159 5198 [ariis
2183 5125 2239 5177 in
2272 5124 2639 5198 ΡεαίηιοελοιιΔ
2696 5124 2832 5192 psal.
2865 5140 3098 5198 ΔιΛχΔιςιι,
3129 5142 3295 5198 vers._
3327 5130 3430 5193 59,
3467 5147 3588 5198 pag.

428 5130 494 5183 94
544 5130 731 5185 Omne.
767 5130 949 5183 Matth.
975 5144 1073 5190 xu,
1096 5130 1159 5181 51
1194 5134 1248 5180 et
1278 5130 1366 5179 52.

403 5130 517 5270 £95;
558 5199 623 5270 In
662 5197 1146 5270 SpiritumaGrasca
1169 5196 1335 5270 editio
1364 5212 1377 5247 :
1410 5193 1681 5270 'H_6é_'coﬁ
1715 5196 1840 5270 Πνει

2029 5130 2159 5179 ariis
2183 5130 2239 5177 in
2272 5130 2511 5177 Psalmos
2558 5130 2622 5177 ad
2696 5130 2832 5192 psal.
2893 5140 3098 5188 Lxxvtt,
3132 5142 3273 5180 vers.
3327 5130 3430 5193 59,
3467 5147 3588 5198 pag.

2028 5192 2110 5270 ἱμ
2139 5205 2389 5270 *03191Ιῖἓρ
2419 5193 2781 5270 Corderianze,
2829 5194 2948 5270 ait_:
2991 5194 3077 5270 Ὡς
3115 5196 3148 5264 ὴ
3185 5196 3385 5270 πρῴτη
3453 5202 3589 5269 φησι

334 5262 504 5351 ματος
550 5262 861 5340 βλασφημία
910 5268 1010 5320 οὐκ
1055 5265 1383 5348 ἀφεθήσεται
1409 5266 1521 5327 τοῖς
1562 5264 1835 5346 ἀνθρῴποι

334 5341 387 5392 ΙιΙ
422 5349 522 5402 est,
558 5357 577 5390 ‹
608 5339 944 5403 Blasphemia
986 5352 1115 5391 vero
1163 5336 1395 5403 Spiritus
1433 5351 1537 5388 non
1591 5345 1840 5389 retntttett

2138 5262 2449 5403 Bt):6tl£tt3v,
2481 5265 2532 5318 id
2582 5270 2685 5328 est,
2723 5282 2741 5314 ι
2775 5276 2832 5317 ιιι
2876 5265 2949 5317 ait
2998 5262 3202 5333 primus
3232 5262 3587 5335 'Beg'no'rum

2062 5351 2071 5385 ι
2116 5348 2172 5385 er
2216 5374 2228 5387 .
2258 5352 2275 5384 ι

329 5350 387 5463 ΕΙ
422 5350 577 5460 θεὴ.ῐῖ
608 5350 944 5408 Blaspbemta
986 5352 1115 5391 VCI‘O
1163 5350 1395 5403 Dpll‘lltlﬁ
1433 5351 1537 5388 11011
1591 5350 1840 5389 ιδεωιιιειι

370 5424 533 5461 omtnt
577 5425 657 5463 IIS.
685 5427 703 5459 1

2040 5350 2321 5474 "diripit.
2350 5402 2549 5467 Codex,
2580 5400 2717 5474 Είλί,
2745 5415 2841 5470 pro
2876 5401 3017 5474 Ἠλί.

404 5478 511 5548 (96)
544 5477 735 5531 Contra
782 5476 1042 5548 Spiritum
1077 5484 1333 5548 sanctum.
1383 5471 1443 5527 S.
1476 5473 1803 5548 Athanasius
1834 5475 1890 5527 in

325 5543 664 5618 Fragmentis
705 5558 993 5601 comment.
1029 5547 1081 5618 in
1114 5543 1445 5618 Mquintum,
1475 5559 1598 5611 pag.
1756 5544 1891 5596 Mat-

331 5613 460 5672 thtei
502 5617 675 5671 locum
714 5631 742 5667 a
778 5617 999 5686 Didymo
1030 5614 1368 5686 lticgcitatum
1403 5615 1483 5686 sic
1529 5613 1787 5681 explicat,
1829 5622 1889 5666 ut

331 5704 351 5737 ι
402 5688 654 5744 deitatem
691 5687 851 5743 Verbi
878 5683 994 5755 ipse
1018 5684 1264 5739 Christus
1288 5701 1306 5733 ›
1339 5683 1597 5751 Spiritum
1644 5692 1889 5737 sanctum

2068 5471 2143 5543 ('2)
2183 5471 2242 5544 Si
2263 5475 2577 5544 peccagerit.
2623 5471 2808 5544 lrlieg.
2843 5487 2901 5533 ιι,
2939 5472 3006 5524 27
3041 5472 3155 5542 (seu
3188 5472 3303 5544 25).
3343 5473 3493 5531 Vide
3524 5475 3591 5531 ii-

1997 5540 2151 5596 brnm
2182 5542 2386 5611 Didymi
2418 5541 2495 5594 De
2531 5540 2732 5606 Spiritu
2772 5552 2977 5611 sancto,
3008 5540 3155 5596 num.
3184 5540 3273 5597 65.

2069 5612 2142 5683 (5)
2182 5610 2455 5666 Dominus.
2488 5611 2525 5665 ll
2553 5611 2681 5671 Cor.
2726 5625 2808 5677 In,
2844 5610 2930 5663 17.
