3716 6308
115 327 197 382 761
1118 323 1206 380 DE
1245 322 1622 378 TRINlTATE
1662 323 1866 412 LIBEI}
1905 321 2284 379 SECUNDUS.

3227 317 3336 376 76$

112 436 193 491 κὸν
215 436 242 488 ὁ
289 433 558 506 ἐπάρατος
583 433 912 506 Πορφύριος,
974 435 1066 489 καὶ
1099 437 1236 506 πρὸς
1272 435 1371 507 τὴν
1409 435 1643 490 τελεωτά

1823 445 1955 508 Lpote
2007 436 2320 490 interiorem
2375 434 2569 490 mentis
2615 433 2872 490 visionem
2921 432 3190 489 turbatam
3232 433 3334 490 ba-

112 546 196 600 την
226 524 490 580 ἀδυνατῶν
557 525 854 594 θεολογίαν,
914 526 1009 580 ἅτε
1065 528 1202 600 μήτε
1236 527 1354 581 κατ’
1396 527 1665 599 ἐπιθυμη-

113 619 248 687 τικην
272 615 393 688 [HO
428 615 480 687 ὁ]
512 617 606 670 καὶ
634 617 880 688 pater.th
913 617 1078 672 αὐτοῦ
1114 618 1310 690 ὁρμὴν,
1345 618 1443 679 τὴν
1465 619 1665 690 παροῦ-

117 725 199 760 σαν
224 704 531 774 ποιούμενος
569 705 848 776 ἐξήγησιν,
881 707 1140 780 ἀμυδρῶς
1172 707 1233 761 τὸ
1260 708 1316 760 ἒν
1351 708 1444 761 καὶ
1469 726 1666 762 σωστι-

116 798 197 853 κίον
220 797 361 864 am»
395 795 622 866 Πνεῦμα
655 796 748 850 τοῦ
805 797 941 851 Θεοῦ
977 798 1155 869 ψυχὴν
1187 800 1624 872 προσηγόρευσεν
1647 818 1661 832 ο

115 891 166 944 οὐ
197 888 284 958 τὴν
317 885 604 958 ἀνθρώπου
656 889 712 942 δὲ
740 889 911 959 ὅμως,
946 890 1082 943 ἀλλὰ
1110 891 1208 962 τὴν
1246 891 1325 962 τῷ
1358 895 1520 946 τεαντι⁵
1552 893 1664 946 δια-

115 979 475 1048 πεφοιτηκυῖαν
501 978 713 1049 κόσμῳ.
750 977 936 1049 Ἔχεις
996 975 1088 1034 οὖν
1117 981 1210 1034 καὶ
1255 982 1381 1046 τοὺς
1423 982 1532 1036 τῶν
1561 983 1666 1049 ἔξω

117 1074 284 1143 σοροὺς
308 1072 738 1142 μαρτυροῦντας,
772 1073 847 1137 ὡς
871 1075 925 1128 αί
952 1077 1100 1146 τρεῖς
1125 1075 1390 1148 μακάριαι
1427 1076 1663 1130 ὑποστά-

115 1183 210 1228 σεις
232 1167 284 1217 ὲν
316 1165 414 1234 μιᾷ
465 1164 699 1236 Θεὸτητι,
740 1167 834 1219 κα)⁵
857 1166 958 1220 οὐκ
983 1167 1170 1221 ἄλλοτε
1204 1169 1299 1222 καὶ
1336 1169 1522 1222 ἄλλοτε
1579 1169 1665 1234 ἐξ·

113 1258 360 1327 εφὰνησαν
379 1273 392 1286 °
434 1257 550 1310 ἀλλ’
572 1259 661 1310 ὅτε
749 1257 963 1330 πρώτη,
998 1259 1118 1312 τότε
1143 1262 1238 1314 σὺν
1267 1262 1403 1333 αὐτῇ
1433 1261 1547 1332 ἅμα
1569 1261 1665 1316 καὶ

111 1350 159 1413 ἐξ
177 1349 332 1419 αὐτῆς
359 1351 454 1402 καὶ
483 1351 517 1420 ἡ
573 1351 704 1419 ἄλλη
739 1351 832 1404 καὶ
869 1353 900 1420 ἡ
938 1353 1097 1423 ἑτέρα
1154 1353 1458 1419 συναῖδίως,
1504 1353 1578 1416 ὡς
1603 1351 1664 1406 τὸ

111 1442 421 1511 ἀπαύγασμα
447 1443 524 1512 τῷ
558 1442 706 1513 πυρί.
737 1443 954 1498 Κείσθω
990 1444 1047 1497 δέ
1077 1463 1126 1497 τι
1156 1445 1296 1498 κατὰ
1327 1445 1550 1514 φυσικὸν
1577 1445 1664 1499 λό-

111 1553 187 1602 γον
216 1537 302 1588 καὶ
325 1538 386 1588 ὲκ
418 1535 527 1588 τῶν
577 1537 858 1607 ἡμετέρων
893 1537 1199 1611 μαρτυροῦν
1226 1541 1291 1609 τῇ
1323 1539 1542 1609 ἁνάρχῳ
1570 1541 1663 1592 ὲκ-

110 1626 357 1696 πορεύσει,
422 1627 518 1680 καὶ
579 1630 645 1697 τῇ
682 1628 815 1699 πρὸς
866 1629 955 1681 τὸν
999 1630 1256 1700 μονογενῆ
1312 1629 1444 1682 Θεὸν
1493 1630 1663 1698 Λόγον

109 1718 457 1787 ίμεουσιὸτητι
505 1719 600 1771 τοῦ
636 1720 814 1773 Οεῖκοῦ
870 1721 987 1784 ἑνὸς
1022 1721 1354 1791 Πνεύματος.
1387 1722 1572 1775 Ἔστιν
1604 1721 1660 1775 δὲ

1769 527 1923 593 hens,
1963 536 2017 580 et
2063 526 2265 592 laesam,
2308 539 2480 594 neque
2527 527 2593 580 ad
2645 524 3094 597 perfectissimam
3127 523 3336 578 theolo-

1767 618 1909 689 giam
1957 619 2240 688 pervenire
2281 615 2483 680 valens,
2519 617 2714 687 quippe
2744 630 2862 686 quae
2907 612 3338 685 concupiscibili,

1767 719 1823 765 et
1853 725 2087 765 venereo
2111 709 2250 764 illius
2277 709 2534 779 appetitui
2565 718 2921 764 consentanea
2948 722 3052 763 non
3080 716 3185 772 est,
3209 707 3338 760 dum

1767 783 2368 872 prasentem'proponit
2409 800 2848 870 explicationem,
2877 799 3108 854 obscure
3148 812 3334 860 unum,

1767 905 1824 948 et
1855 891 2192 948 salutiferum
2224 892 2483 962 Spiritum
2510 891 2602 947 Dei
2633 901 2878 946 sanctum
2917 889 3191 954 indicavit,
3220 890 3340 944 ani-

1768 1001 1912 1040 mam
1956 1001 2079 1040 eum
2116 985 2438 1050 nominans;
2474 1000 2580 1039 non
2618 983 2851 1039 hominis
2879 992 3058 1038 tamen
3099 981 3337 1037 animam

1768 1078 1980 1141 dicens,
2011 1076 2104 1130 sed
2139 1075 2397 1140 animam,
2425 1091 2546 1146 quae
2582 1075 2890 1130 universum
2928 1073 3184 1128 mundum
3217 1086 3340 1140 per-

1767 1169 1950 1223 vadat.
1979 1166 2127 1236 lpsos
2150 1181 2279 1236 ergo
2303 1166 2640 1222 ethnicorum
2659 1165 2930 1234 sapientes
2955 1162 3141 1219 testari
3165 1162 3334 1226 vides,

1768 1272 1881 1314 tres
1911 1259 2099 1314 beatas
2141 1259 2459 1328 bypostases
2503 1258 2554 1311 in
2599 1273 2702 1311 una
2745 1258 2965 1322 deitate,
3009 1271 3181 1327 neque
3209 1269 3336 1309 vero

1766 1352 1928 1407 aliam
1961 1351 2118 1416 alias,
2157 1351 2393 1407 eluxisse
2423 1368 2437 1404 :
2465 1350 2559 1405 sed
2590 1350 2804 1420 quando
2833 1351 3026 1420 prima,
3061 1359 3187 1404 tunc
3212 1362 3334 1402 cum

1767 1445 1880 1514 ipsa
1911 1443 2093 1509 simul,
2122 1452 2174 1497 et
2210 1458 2274 1497 ex
2306 1442 2444 1512 ipsa,
2486 1442 2650 1496 etiam
2682 1441 2808 1506 alia,
2837 1451 2886 1495 et
2911 1441 3076 1495 altera
3107 1453 3335 1509 persona

1765 1545 2033 1590 coaeterne
2074 1534 2300 1594 exstitit,
2348 1533 2489 1587 sicut
2535 1531 2786 1600 splendor
2825 1546 3036 1585 coaevus
3079 1539 3161 1585 est
3201 1528 3332 1598 igni.

1768 1628 1872 1681 Sed
1912 1625 2114 1694 aliquid
2153 1626 2313 1701 etiam
2344 1625 2410 1678 de
2456 1634 2643 1677 nostro
2680 1622 2969 1676 aﬂ‘eramus
3005 1638 3070 1676 ex
3102 1608 3332 1677 naturali

1768 1720 1974 1774 ratione
2004 1719 2312 1778 deductum,
2345 1716 2485 1786 quod
2526 1727 2782 1770 aeternam
2816 1717 2974 1770 unius
3007 1715 3173 1769 divini
3215 1713 3337 1783 Spi-

105 1805 275 1857 τοῦτο·
304 1806 476 1873 Λόγος
527 1807 588 1858 οὐ
615 1808 890 1874 γεννᾶται,
931 1808 963 1878 ἢ
1005 1808 1339 1876 ὲκφαίνεται,
1375 1809 1449 1880 μὴ
1471 1827 1643 1882 συνορ·

1823 1813 1898 1856 Lus
1922 1802 2346 1870 proccssionem,
2365 1800 2587 1870 ejusque
2605 1816 2723 1853 cum
2744 1800 3016 1870 unigenito
3035 1798 3142 1852 Deo
3161 1799 3337 1852 Verbo

107 1897 292 1966 μλῖιντος
317 1898 409 1948 καὶ
441 1899 952 1968 συμπροερχομένου
986 1899 1101 1968 ἅμα
1135 1901 1282 1971 αὐτῷ
1321 1902 1657 1972 Πνεύματος.

104 1985 277 2039 Πολλοὶ
299 1986 351 2038 δὲ
385 1986 616 2040 τοιοῦτοι
657 1987 716 2051 ἐξ
757 1988 1083 2059 Ἑλληνικῶν
1138 1989 1335 2060 βίϐλων
1362 1991 1530 2061 λύγοι,
1567 1995 1659 2048 καὶ

103 2077 190 2130 οὐκ
210 2076 529 2147 ἀπόϐλητον
582 2076 700 2130 ἀλλ’
752 2079 831 2131 ἔτι
885 2078 992 2132 τῶν
1039 2080 1549 2152 ἀπογεγραμμένων
1577 2085 1656 2137 ὲν-

100 2169 254 2222 ςαῦθα
280 2169 673 2241 συμφυέστεροι
703 2171 796 2224 καὶ
828 2172 1086 2244 ίδιὼτεροι
1125 2173 1217 2226 ἐπὶ
1277 2173 1435 2227 πλέον
1469 2174 1654 2228 εἰσαῦ-

99 2260 190 2321 Θις,
214 2262 298 2313 ἐὰν
318 2260 395 2330 τῷ
411 2259 528 2330 Θεῷ
551 2261 702 2331 δοκῇ,
726 2263 806 2324 είς
831 2262 993 2331 μέσον
1014 2263 1500 2334 προενεχοήσονται
1521 2265 1657 2334 πρὸς

99 2353 252 2423 ἡμῶν.
285 2353 420 2422 Ἐγὼ
451 2355 560 2425 γὰρ
589 2356 682 2409 καὶ
743 2357 793 2408 οἱ
825 2355 968 2426 ἐμοὶ,
998 2355 1073 2420 ὡς
1120 2359 1298 2412 ἴσασιν
1351 2360 1398 2410 οἱ
1435 2360 1654 2430 μνήμης

97 2459 177 2512 μοι
206 2443 297 2512 τῆς
328 2445 458 2514 περὶ
483 2444 581 2516 τὴν
611 2445 846 2516 ἄναρχον
872 2446 966 2499 καὶ
994 2447 1078 2499 ἀεὶ
1102 2447 1362 2511 ὡσαύτως
1391 2449 1482 2501 καὶ
1511 2449 1652 2502 κατὰ

97 2535 250 2587 ταυτα
277 2535 504 2604 ἔχουσαν
552 2538 833 2608 μακαρίαν
865 2538 1092 2614 Τριάδα,
1133 2539 1234 2611 τῆς
1271 2539 1518 2611 διδούσης
1563 2539 1650 2593 ἀεὶ

102 2629 256 2690 καλὰ,
291 2631 390 2683 οὐκ
435 2630 850 2702 ἀφαιρουμένης
893 2631 970 2696 δὲ,
1021 2632 1128 2684 οὐδ’
1170 2632 1553 2705 ὀνειδιζούσης,
1590 2634 1646 2688 ἐν

105 2723 206 2783 ταῖς
243 2723 366 2791 παρ’
403 2722 622 2793 ἡμέραν
662 2721 890 2786 ταύταις
936 2723 1249 2787 συνουσίαις
1292 2727 1654 2794 κοινωνήσαν-

101 2835 198 2909 hac
248 2835 504 2909 Didymus
554 2838 802 2892 dictaret.
855 2837 1188 2892 Theodosius
1238 2841 1384 2893 enim
1430 2841 1653 2909 Magnus

101 2907 372 2977 imperator
394 2908 512 2971 ejus
539 2909 739 2976 scripta
771 2911 890 2977 igne
912 2909 1112 2961 aboleri
1131 2911 1385 2974 jusserat.

160 2976 264 3045 (i5)
302 2974 668 3052 Profcremur.
707 2974 856 3043 Quod
890 2979 976 3032 hic
1005 2979 1306 3047 pollicetur,
1346 2990 1563 3052 praestat
1592 2981 1656 3034 li-

103 3045 186 3098 bro
215 3048 392 3109 tertio,
411 3045 545 3115 cap.
583 3047 618 3100 2
639 3057 691 3102 et
716 3065 867 3116 seqq.

159 3117 262 3186 (46)
300 3118 656 3192 ΛιμενηονιιηιΔ
691 3120 914 3172 dierum.
957 3117 1200 3192 Perbelle
1237 3119 1350 3174 lucc
1384 3121 1435 3175 in
1498 3120 1661 3192 Didy-

99 3201 227 3239 mum
252 3189 516 3254 quadrant
577 3207 591 3242 :
633 3188 922 3241 Auctorem
977 3192 1118 3242 enim
1160 3191 1398 3244 iudicant
1429 3202 1482 3245 et
1532 3188 1659 3245 Ale-

100 3257 420 3318 xandrinum,
473 3268 527 3311 et
573 3257 951 3312 Alexandrinae
1000 3259 1248 3314 Ecclesiae
1310 3263 1657 3316 catechistam

99 3338 239 3393 atque
285 3327 584 3381 doetorem.
641 3327 774 3382 Nam
834 3344 1164 3395 congressus
1191 3331 1299 3394 isti,
1339 3332 1455 3385 sive
1481 3333 1658 3386 eccle-

96 3395 279 3451 siastici
306 3407 607 3451 conventus
634 3399 856 3452 alternis
887 3401 1076 3453 diebus
1121 3401 1460 3456 Alexandriae
1495 3404 1660 3455 babe-

98 3467 296 3529 bantur,
327 3483 522 3532 nempe
551 3466 682 3521 feria
720 3477 935 3534 quarta,
975 3468 1107 3523 feria
1144 3479 1317 3533 sexta,
1349 3487 1412 3525 ac
1445 3472 1532 3525 die
1562 3471 1660 3526 Do-

99 3535 280 3590 minico
338 3535 626 3591 :Sabbato
673 3548 850 3607 autem
918 3554 1021 3592 non
1077 3541 1428 3595 habebantur.
1488 3541 1658 3607 Quem

97 3621 282 3681 rnorem
318 3607 671 3681 Epiphanius,
710 3605 1002 3681 Salamina:
1043 3609 1096 3663 in
1133 3611 1310 3681 Cypro
1334 3611 1473 3665 haud
1502 3605 1660 3681 longe

96 3679 152 3751 ab
183 3673 670 3751 Alexandi’ittorutn
709 3678 932 3751 civitate
977 3673 1312 3751 glegetisz'ex
1349 3673 1658 3751 apostolicis

98 3745 282 3818 derivat
340 3749 692 3818 temporibus,
724 3764 845 3800 cum
878 3748 930 3801 in
967 3748 1314 3818 Expositione
1339 3745 1482 3818 ﬁdei,
1509 3767 1654 3805 num.

96 3813 172 3887 22,
203 3827 332 3869 tom.
360 3817 400 3880 Ι,
433 3831 554 3884 patr.
594 3817 722 3872 “Oi
759 3818 870 3871 haec
900 3813 1086 3873 scribit
1121 3837 1136 3873 :
1171 3813 1427 3887 Συνὰξεις
1459 3821 1514 3875 δὲ
1543 3823 1658 3874 ἐπι-

95 3886 390 3955 τελούμεναι
435 3887 714 3956 ταχθεῖσαί
751 3890 886 3941 εἰσιν
918 3889 1024 3942 ἀπὸ
1069 3892 1176 3944 τῶν
1209 3893 1538 3955 ἀποστόλων,
1568 3909 1658 3944 τε-

96 3956 253 4033 τράδι,
277 3960 370 4033 καξι
397 3959 785 4033 προσαδόάτῳ,
822 3961 916 4012 καὶ
978 3961 1252 4033 Κυριακῇ.
1283 3965 1410 4028 Qua:
1437 3965 1513 4016 sic
1541 3978 1658 4015 ver-

100 4029 151 4102 t;_t
180 4027 490 4102 Petavius;
535 4047 552 4080 ι
580 4027 744 4102 ξηρή
767 4045 932 4098 porro
980 4027 1382 4102 (ήοιιιθιιίιιεξει
1424 4048 1657 4102 synaxes

98 4099 154 4148 ab
194 4099 444 4166 apostolis
479 4098 736 4152 instituta!
785 4109 911 4153 sunt
961 4101 1042 4154 his
1066 4104 1397 4169 potissimum
1443 4098 1652 4167 diebus,

97 4179 288 4241 quarta,
346 4180 608 4238 sextoque
655 4169 814 4241 feria,
845 4182 901 4223 et
948 4171 1242 4226 Dotniuica.
1273 4193 1292 4225 ι
1347 4175 1456 4241 ligo
1480 4183 1654 4225 autem

99 4238 163 4290 sic
190 4241 366 4292 malim
397 4237 611 4294 vertere
647 4256 661 4292 :
721 4258 740 4291 t
767 4237 1077 4310 Synaxibus
1109 4255 1285 4297 autem
1320 4237 1656 4298 celebrandis

96 4319 286 4384 quarta,
317 4317 582 4377 sextaque
634 4310 787 4373 feria,
843 4320 905 4384 et
950 4312 1248 4380 Dominica,
1279 4315 1391 4384 jam
1425 4313 1550 4367 inde
1589 4315 1656 4368 ab

1761 1891 2380 1947 eonsubstautialitatem
2431 1889 2736 1944 conﬁrmet.
2782 1890 2876 1944 Est
2931 1899 3107 1943 autem
3150 1888 3338 1958 hujus-

1763 1987 1926 2042 modi.
1953 1985 2142 2041 Sermo
2167 2002 2268 2039 non
2297 1993 2608 2055 generatur,
2632 1993 2723 2038 aut
2745 1997 2849 2037 non
2874 1981 3114 2048 eﬂ‘ertur,
3142 1981 3244 2036 nisi
3268 1982 3339 2036 si-

1763 2079 1870 2134 tnul
1902 2095 2022 2133 cum
2051 2079 2164 2148 ipso
2185 2077 2420 2148 Spiritus
2440 2087 2616 2144 exeat,
2639 2077 2978 2147 etprocedat.
2999 2075 3187 2131 Plures
3208 2089 3335 2130 vero

1760 2172 1880 2226 alite
1923 2170 2232 2240 hujusmodi
2287 2170 2548 2232 rationes,
2588 2183 2652 2222 ac
2697 2167 2977 2232 doctrinae,
3009 2182 3192 2237 emque
3231 2183 3334 2220 nou

1763 2262 2152 2331 improbandae,
2176 2261 2304 2328 quin
2341 2258 2510 2312 multo
2531 2259 2707 2312 adhuc
2736 2257 2906 2326 magis
2930 2259 2993 2311 ad
3026 2273 3137 2311 rem
3170 2256 3336 2325 perti-

1757 2363 1977 2417 nentes,
2008 2352 2285 2422 magisque
2311 2351 2562 2420 propriae,
2592 2364 2754 2420 quam
2787 2365 2906 2417 quae
2940 2350 3027 2404 hic
3055 2349 3336 2418 exscripta;

1755 2453 1901 2508 sunt,
1957 2458 2164 2508 rursus,
2209 2443 2252 2496 si
2306 2441 2416 2497 Deo
2463 2444 2633 2498 visum
2679 2441 2862 2507 fuerit,
2915 2457 2980 2496 ex
3025 2439 3333 2496 Graecorum

1753 2537 1907 2592 libris
1946 2536 1997 2589 in
2034 2535 2266 2588 medium
2298 2550 2327 2588 a
2370 2534 2526 2590 nobis
2561 2531 3053 2604 proferenturUtS).
3095 2530 3162 2586 Ut
3188 2531 3331 2586 enim

1761 2627 2060 2696 noruntqui
2088 2627 2139 2681 in
2159 2627 2652 2681 hiscealternorum
2677 2625 2880 2681 dierum
2902 2623 3013 2696 (46)
3033 2621 3334 2693 congressi-

1758 2719 1857 2776 bus
1893 2716 2192 2790 (47)_305
2223 2733 2563 2773 communem
2596 2731 2803 2772 mecum
2839 2717 3142 2771 habuerunt
3183 2729 3332 2770 com-

1760 2839 2009 2906 leguutur
2035 2851 2206 2890 sacrae
2237 2835 2552 2902 Scriptura,
2603 2847 2802 2906 easque
2867 2835 3113 2906 doctores
3160 2835 3330 2906 inter-

1761 2904 2058 2976 pretantur;
2081 2915 2133 2960 el
2151 2916 2340 2959 cuncta
2369 2906 2522 2976 ﬁunt,
2556 2905 2753 2976 quaead
2769 2904 3012 2974 synaxim
3033 2904 3330 2976 pertinent,

1762 2973 1986 3046 excepta
2027 2977 2405 3047 mysteriorum
2440 2973 2821 3028 celebratione.
2861 2978 3035 3047 Atque
3084 2973 3168 3027 hic
3215 2989 3332 3028 mos

1687 3053 1730 3112 ε
1763 3043 2142 3100 Alexandrinae
2172 3046 2426 3099 Ecclesia:
2471 3052 2714 3098 vetustus
2767 3054 2870 3098 est.
2915 3043 3138 3097 Constat
3187 3047 3329 3097 enim

1764 3120 2048 3184 Origeuem
2089 3117 2171 3169 his
2199 3125 2256 3169 ut
2300 3114 2585 3184 plurimum
2623 3115 2812 3169 diebus
2861 3116 2933 3184 in,
2959 3113 3328 3184 ecclesia__do-

1762 3181 1959 3244 ouis-se.
1997 3207 2014 3238 ι
2052 3181 2331 3250 Legendus
2362 3187 2523 3238 etiam
2555 3186 2886 3240 Sozotneuus
2925 3183 3017 3236 lib.
3071 3197 3142 3236 \‘ll
3183 3181 3329 3242 Hist.

1761 3259 1908 3320 eccl.,
1949 3273 2065 3324 czip.
2101 3258 2186 3322 l9,
2219 3271 2280 3308 ac
2314 3255 2646 3322 Nic-ephorus
2671 3255 2925 3310 Callistus
2961 3254 3050 3309 lib.
3083 3269 3179 3317 xu,
3206 3270 3328 3320 cap.

1761 3329 1848 3382 54.
1886 3327 2180 3393 Quamdam
2215 3340 2339 3378 vero
2375 3325 2500 3378 huic
2528 3340 2629 3378 non
2673 3325 2985 3379 dissimilem
3037 3333 3326 3378 consuetu-

1761 3401 1938 3452 dinem
1970 3407 2182 3458 octavo,
2221 3402 2274 3448 et
2304 3410 2446 3448 nono
2479 3395 2674 3448 sarculo
2704 3395 2754 3448 in
2784 3395 3125 3449 monasteriis
3148 3396 3328 3448 adhuc

1765 3469 1998 3536 viguisse
2030 3475 2241 3520 constat
2263 3481 2326 3518 ex
2361 3465 2630 3536 Theodori
2664 3466 2886 3536 Studita:
2921 3465 3151 3536 epistola
3174 3464 3238 3519 10
3261 3466 3328 3517 ad

1761 3532 2034 3591 Nicolaum
2073 3536 2233 3607 (apud
2257 3535 2599 3607 Sirmondttm
2640 3534 2850 3599 tom.V,
2883 3532 3006 3604 pag.
3039 3532 3162 3603 198)
3193 3551 3206 3587 :
3249 3538 3329 3607 sic

1760 3609 1903 3661 enim
1965 3604 2240 3660 Nicdlanm
2297 3605 2470 3674 ipsum
2528 3605 2775 3658 hortatur
2822 3613 3043 3659 sanctus
3088 3604 3324 3672 praesul:

1767 3697 1784 3728 ι
1816 3677 1954 3731 Cura
1986 3690 2205 3744 prorsus
2232 3687 2286 3728 ut
2332 3674 2658 3729 catecliesim
2709 3677 2945 3742 qualibet
2995 3675 3328 3729 hebdomade

1763 3759 1845 3802 ter
1879 3747 2045 3800 facias
2099 3747 2164 3799 ad
2209 3761 2522 3812 vesperam;
2571 3747 2821 3813 quoniam
2885 3763 2916 3800 a
2970 3744 3221 3798 Patribus
3272 3744 3325 3798 id

1761 3817 2013 3872 traditum
2047 3827 2149 3879 est,
2181 3825 2232 3869 et
2256 3815 2512 3867 salutare.
2540 3832 2558 3864 ι
2600 3817 2667 3868 At
2696 3825 2886 3870 contra
2917 3816 2968 3870 itt
2999 3814 3323 3869 Caesariensi

1763 3888 2024 3948 licclesia,
2055 3885 2281 3950 exempli
2319 3883 2510 3953 gratia,
2552 3885 2757 3956 Didymi
2799 3897 2955 3940 aetate
2984 3895 3039 3940 et
3089 3886 3325 3939 Sabbato

1759 3970 1919 4012 etiam
1944 3957 2282 4026 habebantur
2311 3969 2558 4024 synaxes,
2592 3967 2646 4008 et
2663 4024 2674 4026 _
2691 3957 2824 4026 l'eria
2849 3969 3042 4026 quarta
3065 3965 3324 4023 sextaque

1761 4028 2185 4082 distribuebatur
2212 4025 2572 4096 Eucltaristia.
2607 4043 2626 4075 ι
2658 4024 2766 4080 Nos
2808 4024 2968 4096 igitur
2997 4038 3185 4096 quater
3209 4041 3322 4078 sm-

1760 4100 1898 4168 gulis
1926 4097 2243 4165 septimanis
2278 4097 2373 4168 (ait
2401 4095 2629 4149 Basilius
2665 4095 2982 4168 epist.’289)
3015 4095 3318 4152 communi-

1759 4166 1966 4231 camus,
2009 4169 2304 4228 Dominica,
2351 4166 2485 4220 feria
2536 4177 2747 4231 quarta,
2795 4169 2847 4220 in
2899 4167 3217 4226 Parasceve,
3269 4175 3322 4218 et

1761 4239 2017 4294 Sabbato.
2059 4257 2076 4289 ι
2114 4238 2427 4290 lnltomana
2457 4250 2581 4289 vero
2622 4234 2861 4290 Ecclesia
2908 4252 3154 4306 quaenam
3205 4245 3322 4289 tum

1760 4313 1966 4378 vigeret
1993 4309 2328 4378 consuetudo
2354 4306 2542 4360 saltem
2585 4307 3022 4378 Quadragesima:
3057 4317 3318 4378 tempore,

98 4381 441 4455 apostolorum
504 4389 745 4455 tempore
800 4381 1088 4455 assignatas
1136 4377 1325 4438 sunt.)
1359 4385 1527 4439 Porro
1565 4384 1648 4438 bis
1681 4400 1725 4455 ι)
1752 4377 1953 4455 iudicat
1981 4379 2143 4455 etiam
2175 4378 2232 4432 S.
2262 4377 2369 4431 Leo
2404 4379 2728 4455 iu‘sermoue
2753 4388 2952 4455 quarto
2971 4377 3046 4431 De
3072 4377 3320 4442 Quadra-

98 4445 207 4512 ipsis
255 4449 448 4504 diebus
492 4445 808 4504 catecbeses
839 4445 1038 4506 habere
1078 4463 1473 4509 consueverant
1500 4465 1648 4508 cate-

98 4519 260 4589 cbista:
287 4521 640 4574 Alexandrini
683 4541 695 4575 :
743 4521 897 4589 isque
927 4538 1041 4575 mos
1072 4525 1122 4576 in
1153 4525 1516 4579 Alexandrina
1540 4525 1642 4579 Ec-

96 4587 235 4641 clesia
263 4601 508 4644 vetustus
535 4600 677 4652 erat.
709 4587 906 4660 quippe
953 4594 1053 4664 qui
1077 4595 1142 4647 ab
1175 4594 1648 4664 OrigeneDidymi

97 4669 407 4720 praecessore
462 4671 712 4715 servatus
746 4664 954 4716 fuisset.
1012 4663 1135 4718 Haec
1172 4663 1353 4720 omnia
1407 4663 1649 4719 Socratis

98 4730 385 4803 testimonio
424 4730 797 4803 conﬁrmanda
831 4742 975 4803 sunt,
1007 4736 1148 4803 quod
1180 4738 1461 4791 brevitatis
1484 4751 1647 4789 cau~a

96 4795 272 4871 Latine,
290 4812 498 4854 tantum
541 4801 782 4868 afferam.
831 4801 877 4856 Is
929 4795 1058 4870 ergo
1097 4806 1189 4860 lib.
1223 4822 1252 4860 v
1310 4807 1449 4862 Hist.
1495 4806 1645 4871 εδει,

97 4883 195 4944 cap.
219 4870 308 4947 με,
341 4883 625 4947 postquam
670 4873 848 4947 varios
884 4873 1268 4947 Ecclesiarum,
1293 4888 1552 4947 quantum
1581 4870 1645 4928 ad

94 4941 273 5017 ieiunia
322 4941 578 5011 pertinet,
642 4941 778 5017 ritus
840 4945 1106 5010 exposuit,
1174 4941 1645 5017 batc'subjungit:

104 5012 276 5087 t_Quod
311 5027 441 5087 vero
468 5022 677 5081 spectat
705 5013 772 5065 ad
799 5028 1055 5087 synaxcs,
1097 5033 1200 5070 non
1234 5019 1406 5070 minor
1427 5012 1646 5072 'est'va-

102 5081 258 5135 rietas.
314 5081 450 5135 Nam
497 5100 618 5137 cum
646 5081 843 5137 omnes
865 5084 1062 5152 ubique
1103 5097 1366 5141 terrarum
1400 5088 1647 5142 Ecclesiae

101 5163 178 5228 per
199 5153 831 5228 singulas‘hebdomadas
849 5155 936 5210 die
963 5157 1183 5211 Sabbati
1205 5174 1356 5212 sacra
1391 5160 1645 5228 mysteria

101 5222 368 5286 celebrent,
396 5224 748 5277 Alexandrini
775 5234 972 5290 tamen,
1010 5237 1065 5281 et
1098 5228 1346 5294 Romani,
1376 5222 1642 5283 vetustam

102 5295 360 5362 quamdam
387 5295 735 5349 traditionem
790 5298 986 5362 secuti,
1034 5297 1084 5351 id
1120 5299 1296 5352 l'accre
1323 5302 1641 5354 detrectant.

103 5361 476 5441 κειρίαν.ιίᾍῂ
503 5365 594 5441 qui
624 5361 1004 5441 Alexandrinis
1048 5370 1218 5441 vicini
1262 5380 1414 5433 sunt,
1464 5377 1518 5423 et
1581 5371 1642 5433 ii,

103 5433 176 5512 qui
198 5433 538 5512 Thebaidem
563 5437 828 5512 incolunt,
855 5436 1095 5492 Sabbato
1134 5440 1347 5512 quidem
1409 5455 1644 5512 synaxes

100 5505 373 5572 celebrant;
399 5522 505 5560 non
536 5517 744 5566 tamen.
771 5509 908 5560 sicut
937 5523 1051 5562 mes
1078 5505 1165 5564 est
1185 5505 1639 5577 Christianorum,

102 5586 231 5624 sacra
266 5578 515 5645 mysteria
567 5577 891 5644 percipiunt.
944 5579 1232 5648 Postquam
1269 5583 1411 5634 enim
1442 5583 1639 5649 epulati

101 5654 225 5706 sant,
252 5655 312 5720 et
342 5650 488 5720 omni
509 5650 768 5720 ciborum
799 5663 997 5716 genere
1031 5653 1277 5720 saturati,
1310 5653 1412 5706 sub
1454 5667 1641 5720 vespe-

103 5723 196 5788 ram
218 5717 478 5771 oblatione
502 5716 643 5770 facta
670 5720 1087 5773 communicant.
1119 5719 1385 5775 Prmterea
1409 5716 1640 5775 Alexan-

100 5791 210 5838 tum
237 5800 420 5857 quarta
451 5788 613 5855 feria,
647 5797 701 5842 et
749 5802 834 5855 ca,
891 5805 1010 5860 quae
1073 5792 1268 5849 dicitur
1314 5792 1635 5859 Parasceve,

1749 4450 1945 4528 gesimu
1971 4451 2050 4528 sic
2081 4452 2302 4528 loquens
2333 4465 2345 4500 :
2386 4465 2404 4497 ι
2441 4447 2690 4528 Secunda
2722 4447 2934 4528 igitur,
3000 4459 3052 4502 et
3103 4457 3319 4528 quarta,

1751 4515 1804 4582 Et
1826 4525 1975 4575 sexta
2009 4515 2471 4586 feria'jejunen'tus
2495 4531 2509 4570 :
2535 4515 2984 4588 Sabbato'autem
3012 4521 3150 4588 apud
3190 4520 3318 4588 beas

1755 4607 1866 4651 tum
1904 4589 2120 4645 Petrum
2152 4585 2450 4658 apostolum
2501 4587 2709 4658 vigilias
2749 4585 3106 4642 celebremus.
3142 4604 3162 4638 ι
3203 4585 3318 4641 Etsi

1751 4665 1895 4722 enim
1931 4662 2044 4716 haec
2077 4657 2237 4713 Verba
2267 4658 2584 4724 Quesnellus
2620 4657 2690 4710 ibi
2715 4661 3065 4728 expungenda
3101 4671 3320 4712 censue-

1752 4739 1842 4797 rit,
1865 4747 1986 4787 cum
2019 4743 2195 4784 tamen
2216 4733 2266 4782 in
2298 4729 2622 4798 pervetustis
2649 4730 3044 4796 exemplaribus
3073 4735 3316 4792 exstent,

1751 4805 2025 4862 retinemla
2059 4802 2320 4855 videntur.

1823 4873 1935 4947 (47)
1965 4871 2030 4947 In
2055 4873 2257 4947 hisce...
2285 4871 2659 4947 congressibus.
2691 4871 2882 4947 Videat
2912 4869 3101 4947 lector,
3121 4879 3310 4947 _utt_'_utn

1751 4940 1948 5002 locutio
1978 4946 2110 5007 haec,
2141 4944 2199 4994 ὲν
2220 4942 2464 5006 ταύταις,
2507 4940 2559 4994 id
2604 4953 2707 5006 est,
2765 4961 2782 4993 ι
2817 4944 2868 4994 in
2916 4941 3020 5002 his,
3055 4958 3073 4991 ι
3120 4941 3316 4996 indicet

1750 5019 2036 5087 Didymum
2067 5014 2322 5087 concisim
2347 5014 2513 5066 libros
2544 5013 2705 5087 hosce
2751 5013 2827 5087 De
2883 5009 3315 5087 Trinitale,_gaut

1749 5083 1934 5143 eorum
1971 5094 2177 5153 partem
2211 5083 2447 5152 aliquam
2503 5083 2759 5153 recitasse
2802 5084 2854 5136 in
2906 5083 3310 5153 congressibus,

1747 5174 1882 5226 quos
1907 5151 2066 5209 modo
2099 5154 2226 5226 dixi,
2255 5151 2380 5207 dum
2405 5151 2715 5208 catechista:
2738 5166 2959 5226 muliere
2976 5151 3310 5223 iungeretur.

1747 5223 1901 5296 Quod
1925 5241 2054 5279 vero
2079 5225 2269 5278 attinet
2297 5226 2363 5277 ad
2397 5237 2606 5296 vocem,
2635 5223 2960 5296 συνουσίαις,
2990 5226 3090 5296 hac
3115 5226 3310 5296 ροιὶιιε,

1745 5293 1906 5368 quam
1958 5293 2678 5368 synaxitimuomineideo
2731 5295 3177 5368 fortasse‘utitur
3223 5294 3314 5348 Di-

1746 5364 1961 5440 dymus,
1988 5364 2132 5435 quod
2161 5365 2214 5419 in
2246 5364 2609 5418 Alexandrina
2635 5365 2872 5422 Ecclesia
2905 5365 3053 5440 feriis
3093 5376 3308 5440 quarta,

1745 5434 1800 5494 ei
1833 5449 1984 5492 sexta
2010 5434 2114 5490 non
2149 5447 2537 5508 peragerentur
2561 5451 2717 5492 sacra
2741 5437 3020 5508 mysteria,
3048 5447 3142 5488 aut
3161 5434 3313 5508 quod

1745 5510 1779 5564 ii
1809 5518 2125 5571 conventus,
2167 5507 2364 5577 quibus
2397 5521 2502 5561 non
2539 5506 2840 5577 episcopus,
2879 5522 2990 5577 non
3033 5506 3314 5577 presbyter

1743 5590 1996 5651 praeerat,
2032 5579 2130 5651 sed
2171 5576 2628 5651 titagisterpullis
2673 5576 2844 5632 sacris
2879 5576 3160 5651 ordinibus
3199 5576 3311 5630 ini-

1742 5646 1926 5713 itatns,
1961 5649 2258 5716 cuiusmodi
2280 5659 2398 5720 erat
2438 5649 2716 5720 Didymus,
2755 5649 2922 5716 magis
2948 5646 3161 5720 proprie
3189 5662 3314 5703 συν-

1739 5721 1940 5790 ουσίαι,
1977 5734 2136 5791 quam
2165 5717 2409 5790 συνάξεις
2438 5717 2848 5790 appellarentur.
