3716 6308
413 337 523 394 763
1668 336 1898 392 DIDYMI
1938 334 2405 392 ALEXANDRINI
3537 334 3618 391 765

414 446 858 504 memorationem
882 448 994 521 (48)
1018 457 1253 516 aeternzr,
1276 458 1329 506 et
1353 448 1511 505 simili
1541 464 1753 521 semper
1778 452 1984 506 eodem-

2129 468 2204 515 ες,
2248 450 2348 503 οὐκ
2372 449 2517 502 ἐστιν
2561 448 2670 515 ὅτε,
2712 448 2745 520 ἢ
2791 447 3140 517 ἐπαυσάμην.
3169 444 3203 515 ἢ
3228 446 3306 514 (ἐν
3328 443 3407 515 τῷ
3431 446 3619 516 ὀνόματι

414 554 520 607 que
551 540 709 594 modo
736 556 795 596 se
832 541 1077 596 habentis
1117 542 1287 596 beatae
1338 540 1639 605 Trinitatis,
1686 558 1804 612 quae
1852 549 1984 597 bona

2129 545 2150 595 ἐ
2194 544 2364 614 αὐτῆς
2405 541 2484 613 τῷ
2529 540 2781 612 παναγίῳ
2827 541 3007 595 πάντα
3052 537 3316 607 λεγέσθω,
3365 538 3453 591 καὶ
3481 557 3622 610 πρατ-

414 643 479 681 ac
507 628 769 696 praeclara
816 646 1030 698 semper
1076 630 1307 701 largitur
1355 630 1488 703 (49),
1546 647 1645 686 nec
1694 647 1755 686 ea
1796 632 1984 700 aufert,

2129 636 2288 700 έσθω,
2355 637 2450 689 καὶ
2506 637 2629 706 σιγῇ
2690 632 3051 705 βουλευέσθω)
3106 630 3325 704 ἐμαυτῷ
3392 632 3480 684 καὶ
3534 636 3622 697 τοῖς

416 727 510 770 aut
554 720 849 787 exprobrat
905 719 1039 791 (50),
1092 722 1294 776 nullum
1344 738 1578 792 unquam
1631 721 1984 793 fuittempus1

2129 724 2332 796 μαυτοῦ
2363 724 2616 795 παρέχων
2641 723 2700 777 τὸ
2732 724 2840 776 πᾶν
2874 721 3091 793 (χρῄζει
3121 721 3230 792 γὰρ
3262 720 3417 790 αῦτη,
3443 721 3623 775 πάντων

416 824 524 877 quo
563 824 662 880 ego
691 825 793 864 una
827 826 945 865 cum
980 812 1115 868 meis
1146 815 1470 869 cessaverim
1511 812 1624 885 [51]
1661 815 1733 886 (in
1769 817 1984 869 sanctis-

2129 816 2247 869 ,ῐτία
2275 813 2430 877 οὖσα,
2462 815 2583 887 [Ml
2615 814 2671 886 a]
2713 814 2943 877 οὐδενὸς,
2978 815 3026 867 εἰ
3072 812 3148 884 μὴ
3196 812 3298 882 τῆς
3323 812 3473 882 ἡμῶν
3507 811 3623 882 ὡφε-

418 903 558 958 simo
596 911 776 958 autem
813 904 980 974 ipsius
1026 905 1309 959 Trinitatis
1361 905 1578 960 nomine
1621 906 1800 959 omnia
1851 906 1984 959 dicta

2132 904 2291 973 είας),
2317 903 2637 976 προσκυνῶν
2664 920 2722 956 τε
2750 903 2843 958 καὶ
2872 901 3132 968 δοξάζων,
3166 902 3259 955 καὶ
3287 902 3420 973 πρὸς
3437 900 3626 970 δύναμιν

420 990 550 1055 sint,
586 1001 640 1046 et
671 992 826 1058 flant,
860 1004 914 1047 et
964 994 1146 1063 quiete
1183 993 1572 1063 deliberentur)
1602 994 1847 1049 mihimet
1894 994 1984 1063 ipsi

2130 998 2194 1069 ὴν
2256 993 2422 1052 οὖσάν
2478 1014 2567 1068 μοι
2618 994 2981 1067 ἐγκωμιάζων
3042 995 3247 1065 αὐτήν·
3304 993 3336 1063 ἢ
3384 993 3441 1045 οὐ
3491 995 3628 1049 πολλὰ

416 1092 474 1136 et
512 1082 647 1137 meis
670 1085 849 1139 omnia
887 1085 1304 1140 subministrare
1349 1085 1487 1156 (ipsa
1537 1086 1704 1147 enim,
1748 1100 1869 1139 cum
1921 1084 1984 1138 sit

2129 1107 2233 1160 φην
2271 1088 2574 1144 ἀδικεῖσθαι
2608 1089 2744 1160 πρὸς
2776 1086 2984 1143 ἑαυτῶν
3011 1087 3140 1150 τοὺς
3172 1086 3246 1157 μὴ
3270 1084 3628 1150 σπουδάζοντας

417 1177 657 1230 omnium
688 1191 871 1241 causa,
900 1178 1096 1232 nullius
1147 1178 1225 1231 rei
1263 1177 1483 1247 indiget,
1513 1191 1577 1231 ac
1627 1176 1778 1230 nobis
1828 1176 1984 1245 prod-

2129 1182 2263 1251 ὀφόν
2319 1200 2371 1235 τι
2416 1182 2545 1252 περὶ
2606 1181 2813 1251 αὐτῆς,
2855 1180 2889 1251 ἦ
2949 1180 3161 1251 μαθεῖν,
3202 1179 3236 1248 ἦ
3286 1177 3503 1244 διδάξαι.
3543 1179 3632 1231 Καὶ

418 1280 540 1322 esse
582 1275 787 1323 tantum
847 1269 963 1338 ipsa
1029 1269 1253 1339 potest),
1320 1284 1438 1324 eam
1497 1279 1552 1323 et
1601 1269 1890 1333 adorando,
1943 1278 1999 1324 et

421 1359 793 1429 gloriﬁcando,
840 1370 896 1415 et
928 1375 1025 1430 pro
1075 1362 1211 1416 meis
1269 1360 1472 1415 viribus
1520 1359 1886 1417 celebrando:
1935 1376 1998 1417 ac

421 1454 568 1509 nullo
598 1470 833 1524 unquam
875 1465 1117 1523 tempore
1153 1470 1257 1508 non
1315 1452 1581 1517 dictitavi,
1614 1466 1708 1507 eos
1741 1452 1893 1507 valde
1944 1452 1996 1507 in

423 1560 575 1599 suam
613 1545 853 1615 ipsorum
893 1544 1189 1613 perniciem
1240 1557 1489 1613 peccare,
1539 1543 1628 1611 qui
1677 1541 1984 1613 praeclarum

2129 1544 2243 1617 ιπὲρ
2299 1562 2359 1598 τε
2415 1544 2656 1616 ἐμαυτοῦ
2699 1545 2792 1601 καὶ
2830 1545 2938 1599 τῶν
2989 1544 3047 1610 ἐξ
3095 1544 3252 1614 ἐμοῦ,
3297 1544 3399 1597 καὶ
3427 1544 3524 1597 τῶν
3559 1547 3637 1599 ἀπ’

421 1635 644 1705 aliquid,
696 1651 758 1691 ac
802 1636 1044 1705 sapiente
1096 1636 1314 1703 dignum
1360 1635 1426 1689 de
1488 1632 1577 1688 illa
1626 1634 1714 1688 vel
1792 1635 1984 1690 discert

2129 1638 2280 1691 ιὺτῶν
2332 1636 2503 1691 ὄντων
2540 1654 2599 1689 τε
2646 1637 2739 1691 καὶ
2782 1636 3082 1708 ἐσομένων,
3128 1636 3209 1689 ἐτι
3246 1635 3356 1707 μὴν
3403 1636 3490 1690 καὶ
3525 1637 3635 1708 ὑπὲρ

425 1730 725 1799 negliguni,
763 1728 844 1783 vel
875 1729 1094 1784 docere.
1125 1727 1275 1785 Nunc
1302 1747 1451 1798 vero,
1483 1747 1604 1787 cum
1634 1746 1696 1786 ea
1734 1732 1984 1785 duntaxal

2129 1730 2342 1795 πάντων,
2391 1729 2714 1801 πειθόμενος
2755 1729 2832 1802 τῷ
2874 1728 3418 1803 παρακελευσαμένῳ
3460 1728 3634 1798 Σωτῆρι

422 1798 659 1881 stabilia,
688 1828 741 1873 et
772 1818 924 1873 firma
961 1831 1081 1873 esse
1130 1820 1373 1886 credam,
1423 1836 1543 1891 qua:
1594 1818 1834 1874 Trinitas
1885 1821 1984 1888 ipsa

2129 1821 2323 1893 ἱριστῷ
2362 1798 2613 1893 εΰχεσθαι
2663 1798 2814 1895 ὑπὲρ.
2845 1798 3108 1895 ἀλλήλων,
3151 1820 3347 1890 λέγων,
3385 1798 3563 1891 ἅπερὸ
3593 1823 3637 1872 ὲν

423 1911 727 1982 ριαιευιιίι,
779 1910 975 1965 mentis
1000 1910 1186 1966 oculos
1235 1910 1373 1981 (52),
1415 1920 1473 1965 ιιι
1514 1912 1684 1978 soleo,
1735 1926 1841 1965 una
1877 1927 1984 1965 cun:

2129 1921 2139 1941 ’
2190 1913 2389 1986 ψαλμῷ
2434 1915 2905 1987 προσευχόμενος·
2946 1934 2965 1968 ι
3024 1914 3149 1969 Ἐπὶ
3194 1914 3298 1980 σοὶ,
3342 1912 3636 1985 Κύριε,ἦλ-

426 2019 655 2073 corpore
680 2020 895 2058 sursum
946 2004 1233 2059 intendens
1287 2004 1396 2074 (55)
1440 2006 1682 2075 supplico
1731 2020 1851 2060 cum
1900 2019 1984 2073 ρι’(

2129 2022 2276 2059 ιισα·
2342 2005 2416 2077 μὴ
2461 2006 2916 2078 καταισχυνθείην
2975 2009 3053 2071 εἰς
3096 2007 3188 2059 τὸν
3247 2007 3450 2059 αἰῶνα·
3500 2006 3550 2057 ἐν
3588 2008 3638 2073 τῇ

426 2111 513 2149 me
546 2096 682 2165 ipso,
717 2102 829 2148 tum
864 2110 960 2162 pro
992 2095 1081 2160 iis,
1111 2098 1203 2166 qui
1238 2096 1342 2149 orti
1375 2107 1499 2150 sunt
1528 2113 1593 2150 ex
1628 2113 1734 2161 me,
1765 2107 1873 2150 tum
1903 2111 1984 2165 ρι’(

2129 2094 2417 2168 ῖικαιοσύνῃ
2475 2112 2567 2148 σου
2604 2095 2763 2167 ῥῦσαί
2806 2114 2898 2166 με,
2961 2096 3056 2150 καὶ
3105 2094 3287 2162 ἐξελοῦ
3344 2112 3445 2166 με·
3496 2096 3639 2147 κλῖνον

426 2186 513 2253 iis,
547 2187 637 2257 qui
671 2203 735 2242 ex
770 2187 904 2256 ipsis
956 2187 1068 2241 nati
1123 2196 1269 2252 sunt,
1297 2198 1351 2242 et
1390 2200 1712 2255 nascentur;
1754 2204 1817 2243 ac
1847 2188 1984 2243 insu-

2129 2184 2243 2255 ιρὸς
2285 2184 2353 2257 μὲ
2389 2184 2451 2239 τὸ
2488 2182 2582 2249 οὖς
2629 2203 2745 2249 σου,
2778 2185 2873 2239 κα)⁸
2913 2184 3087 2239 σῶσόν
3132 2200 3219 2255 με.
3267 2181 3435 2236 Γενοῦ
3483 2200 3557 2253 μοι
3580 2183 3640 2245 εἰς

424 2293 519 2349 per
549 2279 814 2333 Salvatori
846 2278 1061 2335 Christo
1091 2279 1369 2345 obediens,
1422 2282 1513 2349 qui
1556 2296 1715 2336 orare
1768 2280 1984 2335 alternrr

2129 2276 2235 2329 lsov
2330 2276 2780 2348 ὑπερασπιστὴν,
2824 2276 2919 2329 κα).
2958 2277 3038 2340 εἰς
3087 2275 3249 2328 τόπον
3308 2274 3530 2345 ὀχυρὸν,
3564 2272 3636 2327 τοῦ

424 2384 526 2441 pro
562 2370 731 2425 altero
756 2386 853 2425 nos
878 2370 1060 2439 jussit,
1092 2384 1190 2440 pro
1213 2355 1480 2427 universis
1509 2372 1815 2427 hominibus
1839 2372 1984 2443 306

2129 2366 2280 2421 ῖῶσαί
2327 2385 2428 2438 με·
2463 2369 2547 2422 ὃτι
2590 2369 2881 2440 στερέωμά
2934 2386 3035 2439 μου
3081 2368 3175 2422 καὶ
3226 2369 3513 2440 καταφυγή
3558 2385 3639 2438 μου

424 2463 692 2533 supplico,
736 2479 799 2519 ea
847 2463 1053 2529 dicens,
1105 2480 1224 2535 qua:
1274 2463 1478 2519 Psaltes
1526 2464 1579 2520 in
1637 2481 1743 2519 ιιι
1791 2465 1984 2535 pSaltltt

2132 2454 2156 2511 ἶ
2204 2460 2288 2513 σύ.
2345 2459 2405 2513 ’0
2450 2459 2583 2523 Θεός
2632 2478 2756 2531 μου,
2802 2459 2965 2530 ῥῦσαί
3011 2478 3077 2531 με
3108 2461 3172 2513 ἐκ
3201 2460 3389 2530 χειρὸς
3428 2462 3642 2531 ἀμαρτω-

424 2571 590 2611 orans
620 2556 697 2610 ait
726 2574 741 2611 :
777 2574 797 2609 ι
831 2556 885 2611 In
919 2568 993 2622 te,
1029 2558 1251 2612 Domine
1278 2558 1415 2628 (54),
1450 2557 1685 2627 speravi,
1740 2574 1808 2613 ne
1868 2574 1984 2613 con-

2129 2550 2223 2615 .οῦ,
2270 2553 2335 2604 ἐκ
2370 2551 2551 2625 χειρὸς
2591 2552 3034 2624 παρανομοῦντος
3076 2553 3168 2606 κα)⁵
3208 2552 3543 2615 ἀδικοῦντος·
3582 2551 3644 2603 ὅτι

429 2647 625 2703 fundar
658 2648 709 2703 in
735 2648 1033 2704 saeculum:
1074 2650 1125 2703 in
1158 2649 1367 2720 justitia
1424 2658 1513 2702 tua
1567 2648 1737 2703 libera
1792 2664 1898 2714 me,
1948 2664 1979 2705 e

2129 2643 2173 2696 ri)
2218 2637 2269 2695 εἷ
2311 2643 2343 2713 ἡ
2385 2643 2630 2714 ὑπομονή
2680 2661 2805 2715 μου,
2858 2644 3051 2715 Κύριε,
3096 2645 3290 2717 Κύριε,
3335 2645 3373 2716 ἡ
3404 2642 3541 2706 ἐλπίς
3566 2660 3644 2712 μου

425 2741 575 2809 eripe
604 2755 724 2806 me;
758 2740 957 2795 inclina
996 2741 1063 2795 ad
1090 2756 1174 2795 me
1209 2755 1394 2795 aurem
1425 2749 1592 2806 tuam,
1626 2751 1681 2795 et
1714 2740 1862 2797 salva
1895 2756 1979 2796 me

2129 2750 2172 2786 ,κ
2216 2734 2468 2805 νεότητός
2521 2752 2647 2805 μου.
2706 2736 2830 2788 Ἐπὶ
2868 2735 2926 2789 σὲ
2973 2736 3380 2808 ἐπεστηρίχθην
3434 2735 3529 2789 ἀπὸ
3569 2751 3649 2801 γι·

427 2829 561 2885 Esto
593 2830 723 2885 mihi
760 2832 811 2885 in
853 2833 1017 2887 Deum
1064 2842 1420 2901 protectorem
1455 2833 1592 2903 (55),
1642 2841 1696 2887 et
1736 2832 1788 2887 in
1825 2832 1984 2888 iocun

2129 2826 2288 2896 ιτρὸς,
2322 2827 2386 2878 ἐκ
2419 2826 2625 2890 κοιλίας
2661 2826 2865 2899 μητρός
2896 2845 2996 2897 μου
3037 2829 3099 2882 σύ
3134 2846 3235 2900 μου
3267 2824 3317 2880 εἴ
3350 2828 3645 2895 σκεπαστής.

428 2924 719 2988 munitum,
750 2935 806 2977 ut
830 2926 1037 2979 salvum
1071 2939 1154 2979 me
1183 2924 1381 2990 facias,
1406 2924 1661 2994 quoniam
1691 2925 2003 2979 firmamen-

2099 1270 2193 1325 νῦν
2230 1272 2287 1325 δέ
2332 1272 2577 1342 συνήθως
2622 1270 2917 1335 πιστεύων,
2964 1270 3040 1332 ὠς
3081 1268 3320 1340 σταθερά
3351 1269 3445 1321 καὶ
3475 1268 3632 1338 psam

2099 1361 2286 1415 ἐκεῖνά
2328 1362 2475 1416 ἐστιν
2519 1362 2675 1432 μόνα,
2713 1355 2789 1416 ὧν
2818 1364 3140 1435 προηγεῖται
3182 1361 3342 1432 αῦτη,
3382 1361 3634 1415 ἀνατείνων

2102 1454 2199 1507 σὺν
2232 1452 2310 1525 τῷ
2358 1452 2571 1524 σώματι
2614 1453 2717 1523 τῆς
2758 1454 2999 1519 διανοίας
3038 1454 3107 1507 τὰ
3134 1453 3380 1525 ὄμματα,
3418 1453 3631 1523 λίσσομαι

2120 2917 2207 2970 Ἐν
2247 2919 2328 2971 σοὶ
2360 2920 2393 2990 ή
2426 2917 2659 2989 ῦμνησίς
2696 2937 2797 2989 μου
2830 2919 3141 2983 διαπαντός.
3187 2920 3336 2973 Ὦσεὶ
3375 2920 3525 2991 τέρας
3553 2921 3648 2987 ἐγε-

430 3025 543 3072 tnm
580 3033 776 3085 meum,
805 3029 861 3072 et
895 3018 1162 3090 refugium
1190 3033 1367 3073 meum
1398 3033 1456 3073 es
1514 3027 1591 3075 tu.
1637 3018 1779 3074 Deus
1832 3033 2003 3086 meus,

429 3111 580 3179 eripe
634 3126 721 3165 me
773 3113 840 3166 de
869 3127 1033 3166 manu
1097 3111 1423 3181 peccatoris,
1478 3110 1543 3165 de
1596 3126 1757 3165 manu
1816 3121 2076 3194 contrac

430 3201 605 3270 legem
633 3204 842 3274 agentis
887 3213 942 3257 et
990 3203 1180 3272 iniqui.
1231 3202 1494 3269 Quoniam
1542 3211 1596 3256 tu
1652 3216 1711 3257 es
1745 3202 2003 3271 patientia

432 3310 574 3362 mea,
618 3294 862 3360 Domine,
894 3294 1135 3359 Domine,
1164 3310 1286 3363 spes
1316 3308 1433 3347 mea
1465 3312 1494 3347 a
1526 3295 1809 3364 juventute
1862 3308 2001 3348 mea.

436 3383 496 3439 In
536 3394 587 3440 te
620 3384 977 3439 confirmatus
1005 3400 1123 3438 sum
1159 3399 1225 3439 ex
1258 3394 1436 3451 utero,
1468 3385 1535 3438 de
1582 3394 1770 3440 ventre
1816 3385 2005 3440 matris

434 3492 570 3531 mea:
600 3484 655 3529 tu
686 3490 745 3531 es
785 3485 1056 3546 protector
1085 3490 1254 3531 meus.
1284 3474 1341 3529 In
1372 3485 1426 3530 te
1449 3475 1682 3531 laudatio
1713 3492 1830 3530 mea
1860 3491 2004 3530 sem-

434 3581 564 3635 per:
601 3574 855 3636 tanquam
893 3564 1190 3634 prodigium
1246 3561 1419 3618 factus
1463 3578 1583 3617 sum
1634 3561 1816 3616 multis
1867 3560 2003 3633 (56),

434 3668 492 3713 et
524 3668 607 3727 tu,
635 3658 860 3711 Domine
891 3655 1026 3727 (57),
1058 3654 1270 3723 adjutor
1294 3670 1445 3709 meus
1484 3654 1659 3710 fortis.
1722 3654 2008 3723 Repleatur

435 3766 498 3805 os
527 3766 703 3805 meum
736 3750 912 3814 laude,
956 3758 1014 3803 ut
1048 3759 1257 3818 cantem
1287 3748 1397 3820 (58)
1429 3747 1653 3818 gloriam
1695 3756 1863 3813 tuam,
1898 3756 2006 3801 tota

436 3842 525 3897 die
564 3840 1019 3911 magnificentiam
1071 3850 1236 3896 tuam.
1275 3840 1352 3896 Ne
1386 3838 1640 3911 projicias
1665 3852 1750 3893 me
1789 3838 1841 3893 in
1874 3850 2008 3892 tem-

437 3951 571 4006 pore
614 3935 908 3991 senectutis
956 3932 1104 4006 (59);
1159 3934 1285 3989 dum
1330 3934 1510 3989 deficit
1559 3932 1819 3989 fortitudo
1868 3945 2008 3997 mea,

508 4152 621 4223 (£8)
645 4150 1236 4227 Commemorationem._
1270 4150 1325 4206 In
1358 4152 1838 4227 Grmco,_pvﬁprjq.
1875 4153 2004 4227 Quae

437 4221 541 4277 vos
568 4221 671 4276 nOn
710 4224 842 4277 satis
872 4236 955 4277 est
998 4222 1167 4277 clara.
1217 4221 1520 4291 Legendum
1568 4221 1811 4291 forsitan,
1860 4223 2002 4293 γνώ-

441 4309 571 4363 μης,
598 4302 653 4345 et
688 4294 1001 4363 vertendum
1032 4310 1044 4346 :
1078 4312 1096 4342 ι
1130 4294 1450 4346 sententiam
1479 4294 1545 4346 de
1572 4305 1837 4349 :eterna...
1873 4294 1996 4347 Tri-

439 4362 630 4417 nitate.
661 4379 679 4410 ι
736 4362 887 4427 Quod
938 4364 981 4417 si
1030 4364 1151 4431 quis
1213 4364 1430 4433 μνήμην
1479 4363 1820 4433 interpretari
1868 4365 1997 4418 velit

447 4451 467 4483 ι
503 4435 836 4497 memoriam,
869 4452 889 4484 ι
933 4448 1123 4487 sensus
1153 4445 1295 4487 erit:
1339 4451 1357 4484 ι
1402 4434 1490 4502 qui
1532 4435 1914 4502 meminerunt,
1940 4445 1998 4488 ut

439 4516 561 4571 ego.
586 4516 771 4571 eorum
812 4518 930 4570 qua:
956 4504 1062 4556 dixi
1098 4505 1161 4557 de
1186 4513 1455 4557 αξιοι-ηδ...
1494 4502 1778 4557 Trinitale.
1813 4523 1839 4555 ιΔ

510 4572 621 4641 (49)
658 4570 928 4642 Largitur.
952 4572 1006 4625 In
1039 4572 1249 4637 Grcho,
1274 4571 1374 4642 τῆς
1397 4572 1663 4644 διδούσης,
1688 4583 1792 4644 etc.
1815 4574 2003 4644 Donec

439 4645 634 4715 melior
654 4654 903 4715 oecurrat
929 4644 1106 4715 lectio,
1130 4644 1354 4715 iegemlu
1363 4660 1423 4715 in
1436 4655 1517 4697 est
1538 4660 1551 4695 :
1577 4643 1674 4715 τὴν
1692 4643 2009 4699 διδοῦσαν...

438 4713 976 4785 οὑκμὰφαιρουμένην
1005 4713 1084 4785 δὲ,
1118 4713 1224 4765 οὐδ’
1248 4712 1622 4785 ὀνειδίζουσαν.

512 4783 623 4855 (50)
655 4781 973 4855 Emunxi.
1004 4781 1170 4855 Iacob
1220 4799 1260 4851 ι,
1304 4784 1358 4839 5.
1402 4786 1466 4837 Et
1512 4784 1876 4841 Ecclesiastic.
1914 4800 2010 4851 xx,

441 4853 509 4907 15
542 4853 743 4913 ειίω.
765 4853 856 4916 29,
893 4869 986 4908 seu
1019 4853 1109 4907 28.

512 4924 625 4995 (51)
652 4924 997 4979 Cessaverim.
1023 4923 1136 4995 ilic
1176 4938 1394 4995 quoque,
1444 4923 1689 4979 Graacum
1736 4925 2014 4995 exemplar

443 4994 969 5066 suﬁiobsenrumest.
1022 4993 1256 5048 Delenda
1313 4994 1525 5050 videtur
1571 4996 1759 5051 vocula
1805 4998 1840 5066 ἦ
1894 4993 2013 5066 post

441 5078 623 5134 vocem
653 5064 999 5134 ἐπαυσάμην.

514 5133 626 5205 (52)
653 5132 844 5206 Mentis
878 5132 1081 5199 oculos,
1104 5144 1208 5189 etc.
1243 5134 1374 5189 Cum
1412 5152 1794 5206 corporeorum
1826 5136 2011 5191 oculo-

445 5218 565 5256 rum
610 5204 818 5285 'visione
876 5215 1112 5272 careret,
1157 5207 1352 5261 mentis
1394 5204 1598 5263 tantum
1638 5209 1822 5265 oculos
1864 5224 2012 5263 com-

443 5284 784 5328 memorant.

517 5343 628 5415 (55)
667 5342 891 5415 Sursum
914 5345 1205 5401 intendens.
1230 5347 1512 5404 Precantis
1540 5356 1642 5414 est,
1669 5363 1860 5404 manus
1882 5347 2012 5402 ἀνα-

444 5413 662 5490 τείνειν,
721 5425 777 5490 ut
823 5414 1060 5490 loquitur
1120 5429 1175 5490 et
1220 5418 1409 5473 Pollux
1462 5421 1555 5474 lib.
1601 5434 1640 5485 ι,
1692 5435 1862 5490 segni.
1916 5419 2004 5473 25.

447 5484 739 5559 βιιιιειίαιιί
770 5494 948 5559 autem
973 5486 1091 5559 illas
1124 5489 1202 5542 sic
1229 5484 1639 5557 protendebant,
1670 5498 1729 5544 ut
1755 5484 2013 5559 corporis

450 5552 635 5624 habitu
690 5556 866 5610 crucis
936 5552 1241 5624 imaginem'
1272 5552 1633 5614 exhiberent.’
1680 5580 1697 5611 ι
1730 5558 1837 5614 Nos
1866 5552 2012 5613 'vero

450 5622 945 5699 (aitATertullianus
992 5622 1098 5699 _|ib.
1136 5627 1213 5681 De
1243 5632 1480 5684 oratione
1519 5646 1639 5698 cap.
1670 5630 1757 5699 11)
1787 5644 1891 5682 non
1927 5636 2009 5681 at-

453 5692 1380 5777 tollimustantum.(manus)_,_sed
1435 5692 1597 5754 etiam
1656 5692 2013 5777 expandimus

456 5773 490 5817 e
519 5762 789 5822 Dominica
816 5762 1069 5838 passione
1098 5762 1452 5840 modulatum,
1488 5780 1542 5828 et
1586 5762 1807 5827 orantes
1845 5771 2012 5828 conli-

2110 3010 2278 3081 νήθην
2309 3013 2422 3075 τοῖς
2452 3010 2691 3075 πολλοῖς,
2724 3011 2818 3064 καὶ
2847 3012 2931 3073 σὺ,
2971 3012 3159 3084 Κύριε,
3193 3012 3392 3083 βοηθός
3425 3030 3517 3083 μου
3544 3028 3651 3082 xpe-

2109 3100 2281 3162 ταιός.
2331 3100 2680 3173 Πληρωθήτω
2722 3102 2783 3154 τὸ
2834 3102 3007 3174 στόμα
3053 3122 3153 3175 μου
3194 3105 3487 3168 αἰνέσεως,
3534 3105 3650 3166 ὅπως

2111 3193 2405 3263 ἀνυμνήσω
2436 3193 2531 3263 τὴν
2576 3193 2731 3261 δόξαν
2768 3212 2883 3259 σου,
2915 3196 3043 3269 ὅλην
3068 3198 3166 3268 τὴν
3204 3198 3424 3269 ἡμέραν
3454 3198 3545 3268 τὴν

2110 3283 2517 3355 γαλοπρέπειάν
2569 3302 2682 3341 σου.
2736 3286 2828 3359 Μὴ
2876 3288 3187 3361 ἅπορῤἱψῃς
3250 3307 3318 3359 με
3372 3290 3451 3353 εἰς
3497 3286 3651 3356 καιρὸν

2113 3378 2353 3449 γήρους·
2405 3378 2463 3431 ἐν
2500 3378 2579 3449 τῷ
2613 3379 2884 3434 ἐκλείπειν
2916 3383 3014 3453 τὴν
3052 3383 3203 3453 ἰσχύν
3239 3400 3343 3454 μου
3398 3383 3472 3453 μὴ
3506 3384 3655 3449 ἐγκα-

2110 3468 2345 3540 ταλίπῃς
2379 3487 2466 3541 με.
2526 3489 2547 3522 ι
2590 3470 2744 3524 Οὕτω
2793 3471 2902 3544 γὰρ
2939 3474 3040 3539 ἂν,
3101 3473 3194 3527 σοῦ
3240 3475 3437 3537 ἕνεκα,
3473 3473 3579 3543 [Hi
3610 3470 3651 3543 ὁ]

2112 3562 2211 3633 τῆς
2237 3562 2339 3617 οὐκ
2382 3562 2615 3634 ἐχούσης
2646 3563 2707 3617 τὸ
2744 3565 3197 3636 ἀντιτασσόμενόν
3227 3584 3333 3633 σοι,
3372 3569 3429 3619 ἐν
3454 3565 3525 3635 τῷ
3560 3565 3656 3634 βου-

2109 3653 2359 3707 λεύεσθαι
2407 3654 2576 3707 ἐλεεῖν
2598 3655 2693 3709 καὶ
2724 3658 2851 3721 τοὺς
2882 3658 3237 3729 ἁμαρτωλοὺς
3269 3662 3445 3730 ἡμᾶς,
3474 3656 3656 3726 ἀγαθω-

2110 3746 2244 3817 τάτη
2278 3746 2372 3800 καὶ
2406 3746 2825 3819 παναλκεστάτη
2859 3749 3049 3821 Τριὰς,
3091 3752 3183 3820 ἀφ’
3209 3744 3276 3823 ἦς
3322 3752 3421 3805 καὶ
3457 3752 3576 3823 παρ’
3603 3745 3654 3819 ἧς

2114 3839 2224 3891 πᾶν
2246 3837 2472 3906 ἀγαθὸν,
2502 3838 2595 3891 καὶ
2622 3840 2703 3903 εἰς
2726 3840 2792 3909 ῆν
2828 3841 3043 3895 πάντων
3068 3843 3218 3895 πᾶσα
3249 3842 3485 3895 πάντοτε
3508 3841 3653 3903 ἐλπὶς,

2114 3929 2208 3986 καὶ
2264 3928 2381 4000 μεθ’
2432 3928 2499 4001 ἥν
2540 3931 2818 3996 παντελῶς
2862 3933 3047 4000 οὐδὲν,
3098 3932 3435 4006 ῥυσθείημεν
3476 3934 3574 3987 τῶν
3609 3950 3655 3985 τε

2112 4161 2285 4207 temur
2313 4152 2550 4208 Christo.
2589 4170 2607 4204 ι
2664 4155 2741 4206 Ac
2778 4168 2920 4207 nunc
2965 4152 3127 4207 etiam
3169 4154 3220 4208 in
3262 4169 3424 4209 sacra
3464 4155 3646 4223 liturgia

2106 4223 2404 4289 Canonem,
2427 4223 2728 4277 orationem
2757 4223 3111 4287 Dominicam,
3134 4225 3381 4293 aliasque
3411 4228 3653 4279 orationes

2103 4294 2373 4362 protensis
2409 4295 2460 4347 in
2507 4309 2629 4347 eum
2654 4294 2865 4362 modum
2887 4295 3131 4348 manibus
3170 4297 3434 4350 sacerdos
3475 4298 3651 4349 recitat.

2173 4363 2285 4431 (54)
2328 4361 2395 4416 In
2428 4374 2497 4425 te,
2534 4362 2777 4415 Domine.
2810 4360 2951 4418 Psal.
2982 4379 3109 4426 Lxx,
3143 4380 3174 4418 a
3206 4381 3351 4422 vers.
3384 4368 3405 4419 1
3455 4366 3516 4419 ad
3543 4368 3613 4421 10.

2173 4433 2285 4507 (55)
2326 4431 2701 4507 Protectorem.
2738 4432 2915 4487 Codex
2944 4436 3649 4507 rnendoseﬁnspaamnﬁg,

2028 4496 2076 4555 D
2110 4496 2204 4574 pro
2237 4496 2668 4574 ὑπερασπιστήν.

2184 4574 2299 4643 (56)
2334 4573 2609 4642 Tanquam
2648 4573 2945 4641 prodigium
2974 4573 3144 4638 [actus
3188 4592 3301 4627 sum
3337 4578 3537 4630 multis.
3565 4574 3653 4629 Me-

2112 4644 2216 4699 rito
2241 4646 2389 4698 hisce
2418 4643 2613 4715 Psaltis
2635 4644 2809 4696 verbis
2829 4655 2945 4695 orat
2970 4645 3251 4715 Didymus,
3283 4667 3301 4699 ‹
3331 4649 3605 4701 multorum
3634 4664 3647 4694 ι

2110 4716 2328 4768 nomine
2353 4714 2604 4775 Arianos,
2656 4721 2723 4783 ut
2755 4722 2903 4781 puto,
2955 4714 3183 4783 quorum
3239 4720 3536 4771 acerrimus
3581 4717 3656 4767 ad-

2111 4786 2385 4840 versarius
2416 4784 2532 4848 fuit,
2562 4782 2885 4851 intelligens.
2910 4782 2987 4837 At
3007 4786 3160 4839 nobis
3189 4787 3296 4841 alio
3326 4788 3492 4840 etiam
3518 4799 3654 4840 sensu

2112 4853 2224 4909 hrec
2250 4853 2376 4908 licet
2408 4860 2673 4924 accipere.
2705 4854 2836 4925 Quis
2864 4855 3007 4907 enim
3051 4870 3174 4908 eum
3211 4874 3230 4907 ι
3264 4859 3448 4911 multis
3498 4857 3653 4925 prodi-

2111 4926 2253 4996 gium
2291 4924 2534 4996 factum)
2578 4925 2768 4977 merito
2802 4924 2905 4996 dici
2935 4936 3112 4993 neget,
3140 4928 3252 4995 qui,
3277 4944 3405 4981 cum
3436 4943 3464 4980 a
3496 4924 3657 4996 quinto

2112 4995 2328 5047 circiter
2362 4994 2533 5048 aetatis
2563 5008 2703 5047 anno
2759 4994 2930 5066 oculis
2987 4994 3194 5063 captus,
3248 5008 3413 5066 atque
3461 4994 3653 5050 omnino

2113 5079 2289 5118 caecus
2323 5074 2489 5129 esset,
2538 5072 2647 5117 tam
2709 5064 2873 5117 multa
2927 5073 3104 5119 tamen
3140 5064 3350 5128 didicit,
3399 5083 3461 5122 ac
3513 5071 3656 5119 dicta-

2114 5134 2220 5188 vit?
2236 5134 2399 5188 Recte
2416 5134 2482 5187 de
2496 5134 2585 5187 illo
2610 5133 2941 5188 Sozomenus
2963 5135 3051 5190 lib.
3080 5152 3133 5189 ιιι
3160 5135 3655 5197 Hist.ecclesiastic.,

2111 5220 2229 5276 cap.
2266 5204 2352 5270 15,
2396 5224 2414 5257 ι
2446 5204 2563 5259 Fuit
2597 5214 2799 5276 autem,
2833 5205 3031 5273 inquit,
3060 5223 3166 5261 non
3202 5209 3424 5276 vulgare
3455 5209 3652 5261 miracu-

2112 5274 2220 5327 lum
2253 5293 2267 5330 :
2304 5276 2566 5345 multique
2596 5274 2738 5345 fama
2770 5276 2887 5343 ejus
2922 5277 3130 5344 impulsi
3186 5274 3564 5331 Aleiandriam
3612 5288 3659 5345 se

2113 5343 2493 5413 contulerunt,
2513 5344 2601 5400 alii
2632 5343 2748 5412 ejus
2783 5343 3054 5413 audiendi,
3087 5348 3178 5401 alii
3216 5359 3431 5403 tantum
3465 5344 3657 5401 videndi

2111 5430 2294 5469 causa.
2330 5434 2349 5469 ι

2185 5486 2296 5554 (57)
2327 5484 2577 5558 Domine.
2603 5483 2715 5558 νοις
2750 5501 2799 5558 _a_
2832 5486 3059 5558 Didymo
3105 5488 3331 5544 addita:
3385 5502 3489 5544 nec
3536 5485 3659 5541 enim

2111 5566 2289 5610 exstat
2325 5557 2376 5609 in
2410 5554 2613 5611 Graecis
2646 5554 2856 5610 Bibliis.

2183 5626 2293 5713 (5'8)
2344 5625 2578 5681 ﬂantem.
2638 5624 2846 5696 .Biblia,
2918 5628 3165 5701 ὑμνήσω.
3219 5630 3519 5701 Didymus,
3578 5626 3659 5679 ἁν-

2111 5715 2141 5751 υ
2150 5714 2356 5768 μνησω.

2184 5768 2297 5840 (59)
2339 5767 2654 5826 gemmam,
2708 5766 3181 5830 Francofurtensis
3229 5771 3423 5839 editio,
3474 5770 3656 5844 γήρως-
