3716 6308
174 377 255 433 765

172 485 509 566 ἡμαρτημένων
530 485 657 555 ἡμῖν
688 482 934 554 ψυχικῶν
964 484 1057 538 καὶ
1082 488 1408 557 σωματικῶν
1435 489 1491 541 ἐν
1521 488 1658 557 γνῶ·
1686 498 1730 554 Α

174 598 236 639 σει
257 581 339 634 καὶ
354 576 541 647 ἀγνοίᾳ,
569 576 627 628 ἐν
650 575 792 648 λόγῳ
816 578 911 631 καὶ
933 576 1098 649 ἔργῳ,
1114 566 1215 633 ὧδε
1236 579 1328 633 καὶ
1354 598 1372 631 ι
1398 580 1485 633 ὅτε
1506 582 1661 650 νικᾷς

172 677 215 727 ἒν
237 670 299 742 τῷ
324 668 503 739 κρίνειν
531 684 550 718 ι
576 665 643 719 τὰ
661 667 877 738 κρυπτὰ
893 668 999 721 τῶν
1028 668 1350 740 ἀνθρώπων,
1386 669 1493 722 τῶν
1518 687 1576 722 τε
1605 672 1662 722 ἐν

173 766 319 834 κόσμῳ
340 758 587 829 ἐπαχθῶν,
616 758 713 811 καὶ
736 758 829 811 τοῦ
854 762 966 823 τοῖς
988 760 1210 829 ἀγαθοῖς
1232 761 1318 815 ἀεὶ
1346 761 1663 830 φθονοῦντος

172 852 242 907 καὶ
270 848 478 902 ἐναντίου
512 847 795 917 ἱσταμένου
828 848 1098 919 δαίμονος,
1135 851 1228 903 καὶ
1262 852 1463 915 παντὸς
1497 852 1661 905 πνεύ-

170 955 304 1013 ματος
342 934 555 1006 πονηροῦ
592 936 686 987 καὶ
723 936 1030 1009 ἀκαθάρτου
1052 980 1066 1003 ,
1118 940 1211 992 καὶ
1242 938 1332 992 τοῦ
1369 941 1661 1010 μισοκάλου

179 1026 506 1097 Ἀντιχρίστου,
539 1018 768 1091 οὗτινος,
806 1026 880 1090 ὡς
911 1032 1201 1100 τεκμηριοῖ
1238 1028 1306 1083 τὰ
1339 1030 1658 1102 πράγματα,

167 1121 189 1174 ὁ
214 1118 412 1187 ἀγωνίας
439 1116 611 1187 δεινῆς
645 1118 830 1188 γέμων
872 1118 1061 1189 χρόνος
1091 1121 1316 1191 ἤγγικεν
1345 1122 1443 1193 ἦδη
1464 1138 1478 1153 ·
1519 1122 1660 1177 ὥστε

167 1210 351 1282 μηδένα,
397 1206 464 1279 μὴ
524 1207 630 1262 τῶν
670 1208 794 1270 νῦν,
840 1210 914 1281 μὴ
952 1210 1062 1264 τῶν
1099 1212 1218 1265 τότε
1255 1214 1657 1286 εὑρισκομένων

163 1298 421 1356 ἀπολέσθαι.
453 1296 635 1361 Οὕτως
665 1298 731 1352 ἂν
774 1301 881 1353 πᾶν
913 1300 1080 1354 κακὸν
1129 1301 1369 1356 ἐκποδὼν
1412 1303 1656 1375 γένηται,

161 1386 406 1458 διοικηθείη
434 1403 489 1439 τε
520 1387 698 1451 καλῶς
726 1389 818 1441 καὶ
843 1388 1079 1460 ἡσύχως,
1116 1391 1256 1445 κατὰ
1281 1392 1339 1444 τὸ
1375 1392 1464 1446 σὺν
1493 1393 1661 1462 ἄφθο-

163 1496 230 1532 νον
256 1479 334 1532 καὶ
367 1477 647 1547 φιλόψυχον
677 1478 904 1549 θέλημα,
932 1480 1001 1534 τά
1028 1497 1085 1533 τε
1122 1481 1294 1547 κοινὰ,
1328 1482 1397 1536 τά
1429 1499 1488 1535 τε
1520 1483 1662 1537 ίδιωο

158 1570 255 1623 me:
278 1568 549 1640 πράγματα
568 1586 582 1598 ·
616 1569 710 1622 καὶ
734 1569 921 1641 αἱρετὴ
948 1570 1130 1625 λοιπὸν
1156 1572 1249 1626 καὶ
1281 1572 1510 1627 εὐκταία
1551 1575 1661 1627 πᾶ-

166 1678 230 1714 σιν
262 1661 389 1712 ἐσται
416 1662 447 1731 ἡ
475 1661 530 1712 ἐν
574 1660 778 1734 ἑκάστῃ
826 1662 1010 1728 πόλει,
1060 1662 1318 1733 μενοῦνγε
1356 1665 1389 1735 ἠ
1421 1666 1477 1718 ἐν
1509 1665 1662 1736 ἀγρῷ

158 1749 340 1819 εὐσεϐὴς
362 1750 447 1802 καὶ
473 1750 843 1821 ἰδιοπράγμων
860 1751 1072 1823 οίκησις
1088 1772 1102 1786 ·
1122 1755 1214 1807 καὶ
1232 1754 1445 1827 ὑπάρξῃ
1472 1756 1654 1821 παντὶ,

156 1842 212 1904 ὡς
250 1844 344 1906 τοῖς
381 1841 536 1905 ὁσίοις
581 1820 849 1914 πατράσιν
892 1820 991 1898 ’καλ
1028 1848 1141 1910 τοῖς
1169 1847 1273 1918 πρὸ
1305 1820 1549 1911 ἐκείνων,
1598 1820 1659 1901 τδ
1691 1820 1733 1875 Β

157 1930 215 1992 ὠς
234 1932 315 2002 ἐρᾷ
343 1931 427 1984 καὶ
454 1930 699 2001 βούλεται
722 1934 841 1987 κατ’
872 1934 1117 1999 ἐξουσίαν
1139 1936 1314 2002 πλεῖν,
1336 1937 1656 2009 ὁδοιπορεῖν,

154 2019 258 2071 οἴκοι
303 2020 492 2090 μένειν,
531 2025 830 2092 γεωργεῖν,
881 2024 1154 2094 ἐπιμελῶς
1199 2027 1278 2089 είς
1324 2027 1658 2099 πανηγύρεις

155 2109 483 2179 παραϐάλλειν,
528 2110 712 2165 λαλεῖν
751 2114 1007 2185 χαρίεντα
1044 2118 1138 2170 καὶ
1180 2117 1421 2188 ἐπιεικῆ,
1459 2119 1553 2172 καὶ
1596 2118 1657 2173 τὸ

156 2198 297 2269 μεῖζον
324 2201 530 2267 τούτων,
570 2202 632 2255 τὸ
660 2205 1081 2277 ἀπερισπάστως
1109 2208 1203 2261 καὶ
1235 2208 1515 2277 νηφαλέως
1550 2226 1650 2280 με-

156 2288 344 2358 μνῆσθαί
368 2308 455 2343 σου
476 2333 489 2356 ,
524 2292 622 2345 καὶ
651 2295 852 2360 παντὸς
890 2298 1212 2367 πράγματος
1252 2299 1317 2351 ἐκ
1360 2298 1452 2353 σοῦ
1485 2300 1658 2372 ἀρχὴν

153 2379 367 2432 ποιεῖσθαι
397 2382 483 2434 καὶ
506 2382 780 2453 τελευτὴν,
815 2386 1148 2456 μεταδιδόναι
1173 2405 1229 2440 τε
1257 2389 1394 2461 πρὸς
1418 2388 1647 2461 δύναμιν

154 2470 234 2531 τοῖς
257 2468 583 2540 ἐνδεομένοις,
614 2475 914 2545 ἀρχόμενον
941 2478 1050 2531 ἀπὸ
1074 2478 1181 2531 τῶν
1208 2480 1343 2551 πρὸς
1373 2480 1528 2548 γένος
1564 2482 1659 2536 καὶ

151 2557 234 2610 τῶν
273 2560 497 2627 οίκείων,
538 2565 633 2617 καὶ
670 2564 821 2635 παρὰ
854 2567 947 2620 σοῦ
979 2569 1039 2622 τὸ
1073 2568 1199 2641 [142
1236 2569 1292 2642 α]
1324 2571 1532 2625 δάνειον
1574 2573 1655 2637 εἰς

150 2650 194 2701 τὸ
221 2650 382 2720 μέλλον
412 2654 748 2725 ἐκδέχεσθαι,
778 2658 874 2712 καὶ
901 2661 1195 2732 ἐπίμετρον
1224 2661 1369 2734 ζωὴν
1416 2662 1653 2718 αἰώνιον.

156 2762 169 2795 ι
194 2744 396 2815 Νηστεία
428 2766 447 2800 ι
476 2750 609 2821 γὰρ,
646 2752 829 2823 φησιν,
865 2771 883 2804 ι
917 2756 1009 2807 καὶ
1035 2755 1311 2827 προσευχὴ
1341 2758 1404 2808 ἐκ
1428 2755 1656 2810 θανάτου

152 2835 328 2906 ῥύεται·
366 2839 696 2916 ἐλεημοσύνη
740 2844 832 2912 δὲ,
862 2845 1003 2917 ὑπὲρ
1047 2846 1115 2900 τὰ
1148 2848 1453 2920 ἀμφότερα.
1507 2866 1525 2900 ι
1570 2849 1658 2913 Ὧς

152 2926 230 2998 γὰρ
252 2930 329 2982 καὶ
352 2932 397 2986 οί
421 2931 522 2998 ἔξω
554 2936 740 3004 φασίν⁹

1113 368 1199 423 DE
1238 367 1607 425 TRINITATE
1644 368 1846 425 LIBER
1885 368 2265 428 SECUNDUS.

3214 364 3317 422 766

1762 506 1829 546 ne
1865 490 2207 560 derelinquas
2261 502 2364 543 tne.
2398 504 2418 539 ι
2467 486 2557 541 Sic
2599 489 2743 541 enim
2786 499 2878 552 per
2932 494 2983 540 te
3014 482 3148 554 (60),
3197 499 3318 552 qua:

1762 580 1891 633 nihil
1922 579 2110 645 habes,
2144 579 2285 649 quod
2309 591 2429 632 sese
2456 576 2547 630 tibi
2601 582 2855 644 opponat,
2906 573 3030 627 dum
3074 581 3316 626 nostrum

1761 671 1945 735 etiam,
1991 671 2081 739 qui
2122 677 2432 740 peccatores
2476 681 2682 731 sumus,
2740 664 2981 719 misereri
3022 663 3234 724 statuis,
3283 676 3321 717 θ

1759 762 1958 830 optima
1993 769 2047 815 et
2072 759 2413 829 onmipotens
2442 757 2757 822 Trinitas,a
2809 770 2937 823 qua,
2993 763 3049 807 et
3098 767 3164 806 ex
3212 767 3318 822 qua

1760 860 1843 905 est
1882 864 2043 904 omne
2076 851 2296 915 bonum,
2330 859 2386 902 et
2432 848 2483 903 in
2534 861 2637 917 qua
2685 845 2861 900 omnis
2911 846 3148 899 onmium
3198 857 3321 911 spes

1760 953 1977 1007 semper
2015 940 2115 994 sita
2136 948 2238 1003 est,
2265 948 2317 993 et
2356 946 2656 1008 postquam
2702 934 2831 989 nihil
2872 933 3090 990 omnino
3134 940 3237 997 est,
3287 946 3318 985 a

1760 1030 1994 1101 peccatis
2030 1030 2254 1094 nostris,
2303 1042 2419 1098 qua:
2444 1027 2633 1080 anima
2660 1033 2715 1079 et
2740 1039 2983 1094 corpore,
3019 1023 3321 1089 cognitione

1759 1130 1812 1175 et
1839 1120 2161 1191 ignorantia,
2208 1118 2375 1174 verbo
2420 1128 2473 1174 et
2495 1131 2657 1187 opere
2713 1115 3071 1186 peccavimus,
3124 1113 3323 1167 libera-

1759 1211 2119 1281 bimurjnunc,
2151 1220 2347 1265 etcum
2386 1225 2405 1259 ι
2432 1208 2601 1263 vincis
2628 1208 2679 1260 in
2701 1206 2990 1276 judicando
3017 1204 3126 1275 (61)
3147 1222 3165 1255 ι
3201 1204 3323 1258 abs-

1759 1304 1970 1359 condita
2027 1304 2321 1369 hominum,
2376 1310 2430 1358 et
2481 1302 2663 1367 abiis,
2696 1300 2787 1370 qui
2830 1300 2982 1355 nobis
3035 1299 3322 1353 inmundo

1759 1395 1967 1451 molesti
2002 1404 2146 1461 sunt,
2181 1405 2234 1450 et
2258 1411 2286 1448 a
2316 1395 2579 1459 daemone,
2614 1394 2703 1462 qui
2736 1392 2892 1447 bonis
2928 1405 3139 1460 semper
3184 1390 3322 1444 invi-

1759 1483 1871 1551 det,
1900 1498 2192 1553 eorumque
2218 1483 2557 1538 adversarius
2584 1491 2686 1546 est,
2727 1488 2783 1536 et
2813 1480 2880 1534 ab
2926 1480 3070 1535 omni
3126 1479 3320 1548 Spiritu

1761 1575 1901 1630 malo
1933 1584 2093 1645 atque
2120 1575 2401 1630 immundo
2430 1613 2446 1639 ,
2487 1584 2542 1629 et
2585 1575 2652 1629 ab
2696 1573 2909 1629 honesti
2956 1586 3114 1627 osore
3164 1572 3319 1626 Auti-

1760 1666 1983 1730 οιιιίειο,
2027 1665 2200 1734 cujus,
2260 1674 2321 1718 ut
2373 1674 2567 1719 eventa
2608 1664 2867 1725 indicant,
2922 1662 3133 1731 plenum
3172 1662 3319 1730 gravi

1765 1755 2019 1811 conﬂictu
2050 1756 2386 1827 tcmpusjam
2414 1756 2863 1824 appropinquavit
2887 1754 3030 1825 (69.);
3078 1754 3212 1807 adeo
3262 1761 3324 1806 ut

1763 1861 1921 1902 nemo
1946 1860 2153 1909 eorum,
2188 1845 2347 1915 307
2373 1847 2461 1914 qui
2499 1860 2640 1898 nunc
2694 1853 2842 1906 sunt,
2904 1858 3061 1898 nemo
3110 1858 3319 1906 eorum,

1762 1938 1849 2006 qui
1882 1945 2006 1991 tunc
2031 1936 2388 2000 invenientur,
2421 1945 2625 2006 pereat.
2655 1935 2745 1990 Sic
2776 1935 2962 2004 procul
2990 1934 3129 1989 absit
3160 1948 3323 1989 omne

1762 2028 1980 2092 malum,
2028 2035 2083 2083 et
2132 2028 2388 2097 prteclare
2434 2044 2498 2082 ac
2548 2029 2749 2097 quiete,
2795 2025 2948 2095 juxta
3017 2025 3321 2084 munificam

1762 2128 1905 2174 tuam
1936 2118 2265 2174 voluntatem
2298 2118 2431 2190 (65),
2458 2129 2619 2187 atque
2651 2134 2912 2182 amorem,
2958 2132 3065 2187 quo
3116 2117 3323 2171 animas

1764 2211 2126 2280 prosequeris,
2153 2210 2452 2280 dirigantur
2499 2227 2620 2264 cum
2648 2224 2979 2272 communes,
3035 2218 3143 2262 tum
3198 2207 3313 2276 pri-

1760 2310 1896 2354 vatae
1926 2316 2048 2364 res;
2079 2308 2132 2353 et
2162 2301 2231 2354 ita
2260 2315 2448 2354 omnes
2491 2300 2544 2354 in
2584 2310 2855 2371 posterum
2899 2302 2951 2354 in
3003 2313 3324 2367 unaquaque

1758 2393 1995 2461 civitate,
2037 2392 2145 2447 imo
2181 2400 2235 2446 et
2261 2390 2313 2445 in
2344 2406 2495 2462 agro,
2559 2391 2646 2461 pie
2686 2405 2751 2444 ac
2806 2389 3074 2459 religiose,
3132 2398 3185 2443 et
3224 2403 3323 2441 sua

1756 2490 1963 2538 tantum
2003 2492 2255 2556 curantes
2292 2481 2498 2546 vivant,
2532 2491 2591 2535 ut
2636 2489 2844 2550 gratum
2901 2490 3060 2548 atque
3090 2480 3323 2546 optabile

1755 2574 1848 2629 ﬁat
1880 2574 2068 2630 iisdem
2097 2575 2147 2629 in
2180 2575 2312 2630 locis
2339 2574 2668 2629 domicilium
2700 2584 2787 2639 ;et
2814 2572 2973 2627 liceat
2996 2587 3136 2625 nunc
3158 2571 3321 2625 etiam

1758 2669 2075 2738 unicuique,
2114 2669 2255 2723 sicut
2302 2668 2509 2737 pridem
2548 2668 2753 2721 sanctis
2805 2666 3006 2720 nostris
3056 2665 3319 2734 patribus,

1752 2768 1807 2814 et
1839 2758 1925 2823 iis,
1953 2759 2044 2827 qui
2071 2770 2195 2812 ante
2228 2758 2350 2813 illos
2372 2757 2612 2822 fuerunt,
2649 2772 2747 2827 pro
2791 2756 2942 2810 libito
2987 2756 3127 2825 quod
3175 2756 3324 2824 quis-

1754 2861 1859 2915 que
1891 2855 2061 2911 autat,
2093 2855 2149 2901 et
2192 2846 2329 2912 vult,
2365 2846 2531 2902 libere
2558 2860 2742 2916 agere,
2786 2846 3061 2915 navigare,
3100 2859 3325 2915 peregre

1752 2938 1856 2993 iter
1901 2935 2101 3002 facere,
2143 2936 2288 2991 domi
2339 2950 2585 3001 manere,
2636 2952 2795 3005 agros
2834 2936 3031 2999 colere,
3087 2935 3325 2989 studiose

150 3020 199 3074 ad
242 3037 508 3096 pauegyres
561 3044 627 3083 ac
690 3029 821 3084 festa
882 3030 1175 3095 conﬂuere,
1233 3028 1500 3098 iucundos
1562 3040 1612 3085 et
1654 3032 1906 3085 honestos
1942 3045 2221 3084 sermones
2252 3030 2497 3095 ‘habere,
2533 3038 2608 3094 et,
2658 3030 2797 3099 quod
2830 3030 2913 3083 his
2980 3029 3153 3097 majus
3210 3026 3324 3097 (64)

150 3122 347 3182 esl,siue
374 3120 473 3177 ulla
514 3122 888 3186 distractione,
912 3122 977 3191 jet
1008 3122 1292 3191 vigilanter
1338 3122 1414 3175 tui
1452 3122 1780 3187 meminisse,
1820 3129 1873 3175 et
1899 3121 2136 3190 cujusvis
2166 3120 2241 3174 rei
2304 3108 2515 3175 initium
2588 3136 2618 3174 a
2660 3131 2731 3183 te,
2787 3134 2851 3175 ac
2910 3119 3066 3173 ﬁnem
3125 3117 3326 3198 facere,

152 3214 191 3258 ct
212 3209 283 3274 iis,
308 3213 390 3281 qui
414 3213 675 3281 indigent,
697 3210 877 3278 largiri
906 3226 1002 3280 pro
1030 3210 1248 3273 viribus,
1276 3225 1305 3263 a
1325 3211 1659 3280 propinquis,
1699 3219 1753 3265 et
1778 3210 2218 3280 consanguineis,
2255 3224 2319 3264 ac
2379 3209 2692 3264 domesticis
2717 3209 3048 3278 incipiendo,
3088 3217 3142 3262 et
3170 3206 3329 3262 fenus

150 3311 173 3350 ιι
212 3309 252 3354 te
282 3302 329 3356 ln
374 3314 644 3373 posterum
679 3315 915 3365 sumere,
956 3310 1010 3354 et
1045 3300 1267 3353 auctarii
1321 3300 1436 3354 loco
1492 3300 1654 3353 vitam
1694 3307 1948 3353 aeternam
1972 3298 2236 3368 accipere.
2272 3297 2405 3353 Nam
2434 3317 2455 3351 ι
2480 3297 2741 3369 jejunium
2782 3299 2914 3368 (65),
2944 3317 2963 3351 ι
2996 3299 3190 3369 inquit,
3227 3315 3247 3350 ι
3269 3284 3330 3353 etl

150 3390 283 3444 oratio
304 3391 481 3446 liberat
510 3407 538 3445 a
575 3399 787 3446 morte:
813 3390 1153 3458 eleemosyna
1184 3405 1314 3446 vero
1343 3398 1426 3445 est
1465 3405 1627 3459 supra
1662 3398 1970 3461 utrumque.
1995 3409 2015 3443 ι
2053 3390 2205 3446 Sicut
2228 3392 2372 3446 enim
2405 3390 2566 3447 etiam
2599 3389 2810 3461 profani
2841 3389 3014 3456 aiunt,

152 3501 391 3570 Εὐσεϐίης
412 3501 594 3558 οὐδὲν
618 3500 1094 3570 προφερέστερον
1122 3500 1192 3553 ἐν
1212 3500 1608 3570 μερόπεσσιν.
1687 3506 1729 3564 C

151 3630 294 3695 Οὕτως
331 3631 393 3684 ἂν
451 3632 590 3704 πρὸς
655 3630 868 3694 τούτοις
912 3630 1204 3699 ἐγγένηται
1267 3629 1329 3683 τὸ
1377 3630 1451 3701 μὴ
1482 3632 1658 3685 νοσεῖν

151 3721 471 3791 ὑπερηφανίαν
490 3723 587 3775 καὶ
612 3722 801 3790 τῦφον,
834 3723 955 3796 μηδ’
985 3719 1124 3775 εἶναι
1145 3723 1528 3793 καυχηματίαν
1550 3741 1564 3755 ο
1590 3724 1658 3778 δι’

152 3810 378 3882 ᾱάφυκτα
406 3813 575 3885 πάθη,
611 3815 641 3869 ὁ
670 3813 769 3885 μὲν
797 3812 1041 3883 ἔχθιστος
1074 3813 1247 3867 Σατὰν
1278 3814 1373 3868 τοῦ
1410 3814 1520 3869 ἄνω
1551 3832 1662 3883 φω-

154 4058 505 4137 Διὶω,γήρους,
559 4070 619 4117 ιιι
647 4062 925 4137 Didymus.
972 4062 1075 4128 Qui
1115 4074 1265 4137 suam
1327 4058 1494 4127 ipsius
1537 4063 1670 4137 aeta-

160 4138 239 4187 tem
262 4132 338 4186 hic
366 4131 640 4201 respicere
675 4131 919 4198 videtur;
952 4143 1069 4186 erat
1097 4131 1262 4197 enim,
1290 4139 1345 4184 ut
1374 4139 1525 4199 puto,
1556 4131 1667 4196 jam

156 4211 300 4264 senex,
333 4201 449 4255 dum
482 4203 586 4258 ista
622 4202 871 4257 dictaret.

206 4290 310 4365 (60)_
331 4290 415 4351 Sic
437 4295 573 4365 enim
632 4309 724 4365 per
768 4302 838 4349 te.
892 4291 1357 4365 Quemadmodum
1413 4292 1670 4365 Didymus

159 4362 396 4416 secundum
440 4362 584 4417 hunc
640 4363 834 4417 librum
883 4363 1145 4424 oratione,
1201 4377 1293 4415 seu
1354 4362 1669 4430 precatione

159 4430 395 4497 concludit,
424 4433 493 4486 ita
517 4433 768 4487 Clemens
799 4448 1011 4500 quoque
1044 4432 1437 4500 Alexandrinus
1464 4432 1665 4486 Pwda-

160 4515 323 4576 999w,
362 4512 415 4576 et
454 4502 687 4576 Hilarius
746 4499 975 4576 primum
1032 4499 1102 4553 De
1148 4499 1404 4554 Trinitate
1431 4502 1657 4576 _librum
1692 4517 1739 4576 ι)

162 4567 286 4623 simili
310 4575 457 4625 modo
484 4567 883 4626 concluserant.
941 4571 1179 4636 Quorum
1236 4571 1478 4636 exempla
1538 4574 1662 4626 inti-

161 4643 267 4711 tatus
291 4640 605 4711 Augustinus
656 4642 708 4693 in
750 4653 1206 4711 extremoAOpere
1259 4639 1334 4692 De
1383 4638 1664 4711 Trinitate,

162 4703 388 4761 «Librum
412 4712 596 4778 itaque
642 4711 824 4773 istum,
885 4703 1092 4777 inquit,
1129 4707 1239 4773 jam
1298 4706 1513 4763 tandem
1571 4703 1670 4765 ali-1

158 4778 328 4848 qtlando
350 4782 654 4845 precatione
684 4781 895 4843 melius,
923 4794 1084 4848 quam
1124 4778 1489 4848 disputatione
1538 4796 1668 4835 con-

160 4845 342 4900 cludam.
373 4849 592 4904 Domine
624 4853 761 4903 Deus
791 4845 993 4912 noster,
1025 4866 1042 4898 ι
1077 4854 1130 4901 et
1158 4846 1383 4916 reliqua.

210 4935 299 5003 (6l)
332 4936 498 4993 Vincis
531 4941 586 4994 in
613 4940 929 5009 judicanda.
963 4938 1040 4992 Ex
1070 4937 1200 5006 psal.
1234 4952 1287 4997 ι..

212 5025 301 5101 (62)
336 5029 453 5101 lant
504 5033 952 5101 appropinquavit.
983 5028 1323 5084 'Antieltristi
1375 5031 1663 5101 adventum

161 5100 406 5171 proximum
439 5100 627 5168 fuiSse,
664 5100 840 5171 plures
869 5111 994 5156 ante
1028 5101 1311 5171 Didymum
1342 5100 1528 5154 eodem
1564 5117 1663 5155 sae.-

163 5165 505 5239 cttlosuspicati
541 5165 685 5225 sunt.
722 5171 786 5225 Ut
822 5172 1051 5225 Basilius
1092 5165 1318 5238 Magnus
1365 5171 1524 5239 epist.
1559 5171 1663 5226 159

163 5235 213 5284 ad
237 5235 593 5294 Alexandrinos
626 5255 764 5294 anno
786 5241 891 5294 575
920 5242 1077 5294 data:
1116 5235 1204 5293 ubi
1259 5235 1541 5306 postquam
1596 5243 1663 5296 de

164 5306 454 5382 cruciatibus,
482 5311 677 5377 quibus
711 5310 1045 5382 Alexandriae
1078 5308 1326 5382 catholici
1383 5310 1457 5361 ab.
1492 5310 1664 5382 haere-

168 5378 260 5425 ticis
289 5378 625 5445 vexabantur.
665 5394 965 5434 sermonem
1014 5379 1220 5441 habuit,
1278 5378 1391 5431 haec
1442 5378 1662 5445 subjicit

168 5443 346 5519 num.2_,
375 5462 492 5519 pag.
520 5449 620 5504 251
652 5466 664 5501 :
702 5466 722 5501 ι
750 5449 829 5503 Ad
859 5451 954 5519 has
994 5449 1348 5519 cogitationes
1377 5443 1657 5519 illajet’iam

167 5515 379 5586 accessit:
427 5516 561 5572 Num
618 5519 874 5573 Dominus
916 5515 1185 5573 Eecle‘sias
1240 5532 1366 5572 suas
1408 5517 1661 5586 reliquit?

169 5572 279 5662 dum.
298 5586 573 5641 novissima
599 5589 741 5662 liora
771 5596 879 5662 est,
910 5572 1541 5662 etldel'ectionpermlnec'
1576 5589 1659 5642 in-

170 5651 380 5731 greditur,
402 5658 736 5731 utreveletur
756 5657 970 5712 tandem
994 5658 1210 5731 i_niquus
1240 5651 1328 5731 ille
1357 5655 1496 5710 ﬁlius
1527 5670 1654 5724 per-

170 5715 474 5793 ditionis,qui
505 5728 840 5793 adversatur,
869 5736 924 5782 et
955 5715 1177 5781 eﬂ'eriur
1228 5726 1485 5780 adversus
1527 5715 1656 5779 ὀιιι-

172 5794 383 5863 ηοω,ρυὶ
409 5796 601 5853 dicitur
651 5798 811 5864 Deus,
858 5806 948 5853 aut
992 5798 1236 5853 numen?
1271 5813 1292 5847 ι
1337 5796 1419 5853 Ac
1457 5793 1654 5852 similia

2040 3503 2251 3559 Pietate
2280 3503 2414 3559 nihil
2441 3504 2626 3558 utilius
2649 3513 2724 3560 est
2751 3504 3065 3559 hominibus.

1766 3636 1858 3693 Sic
1882 3636 2009 3691 illud
2035 3637 2196 3692 etiam
2227 3637 2444 3708 insuper
2471 3638 2627 3694 nobis
2654 3639 2938 3704 concedas,
2964 3648 3023 3693 ut
3050 3639 3101 3694 in
3133 3654 3324 3710 super-

1765 3726 1867 3782 bia:
1900 3737 2060 3795 atque
2085 3731 2407 3795 arrogantia:
2436 3729 2677 3785 morbum
2706 3745 2774 3784 ne
2803 3730 3122 3797 incidamus,
3170 3745 3234 3787 ac
3261 3748 3333 3789 ne

1769 3834 1906 3874 unus
1939 3818 2154 3889 quidem
2189 3821 2260 3874 sit
2291 3820 2554 3890 gloriosus
2576 3823 2760 3888 homo,
2793 3830 2954 3892 atque
2995 3831 3322 3890 ostentator;

1766 4058 2100 4131 scripserant
2133 4075 2257 4131 cum
2284 4058 2518 4115 Hilarius
2555 4069 2687 4117 tom.
2721 4061 2792 4124 ll,
2822 4076 2942 4131 pag.
2973 4062 3076 4117 595
3102 4062 3186 4115 ed.
3222 4061 3331 4117 Ve-

1765 4129 2029 4194 ronensis,
2065 4129 2460 4203 tutn‘Cyrillus
2505 4129 3026 4203 Hierosolymitanus
3059 4133 3328 4188 catecbesi

1764 4210 1860 4271 ἓν,
1884 4213 2031 4250 num.
2068 4199 2155 4252 18.
2194 4197 2357 4253 Paulo
2389 4208 2562 4271 autem
2593 4208 2733 4271 post.
2757 4197 2931 4271 'quam
2964 4202 3075 4255 haec
3102 4204 3332 4257 dictavit

1765 4264 2039 4344 Didymus,
2072 4284 2263 4344 nempe
2289 4270 2443 4344 annis
2476 4264 2609 4344 plus'
2637 4264 2813 4325 minus
2836 4278 2959 4344 octo
3008 4280 3133 4344 ante
3189 4288 3328 4341 qua-

1772 4336 2249 4405 dringentesimum
2309 4336 2510 4393 Christi
2574 4356 2796 4404 annum,
2862 4342 3037 4394 aiebat
3091 4336 3336 4397 Joannes

1765 4404 2175 4478 Chrysostomus
2193 4409 2243 4460 in
2270 4411 2661 4463 commentario
2682 4412 2735 4463 in
2752 4410 3009 4463 Joannem
3038 4418 3167 4463 tom.
3199 4410 3326 4478 Vlll,

1769 4489 1888 4542 pag.
1933 4475 2082 4531 200:
2134 4496 2171 4548 _r
2207 4479 2260 4530 Si
2286 4486 2381 4545 {tot
2432 4493 2694 4532 atntorum
2744 4475 3327 4548 quadringentesimum

1776 4558 1895 4597 esse
1922 4548 2080 4599 linem
2117 4546 2435 4611 dixerimus,
2472 4564 2573 4600 non
2598 4546 2999 4603 aberrabimusI
3024 4566 3043 4600 ι
3078 4548 3333 4614 Quinimo

1776 4616 2017 4669 nonnulli
2044 4618 2185 4669 circa
2212 4632 2272 4670 ea
2313 4627 2552 4685 tempora
2575 4618 2966 4671 Anticltristum
3000 4617 3110 4685 jam
3143 4630 3328 4671 uatum

1774 4695 2117 4755 censuerunt,
2155 4686 2315 4754 idque
2343 4702 2372 4739 a
2409 4689 2468 4743 δ.
2503 4686 2729 4740 Martino
2782 4688 3169 4740 Turonensium
3218 4691 3331 4755 epi-

1775 4767 1938 4821 scopo
1975 4754 2292 4808 allirtnatum
2323 4757 2526 4819 dixere,
2564 4767 2619 4807 ut
2647 4766 2859 4809 constat
2892 4772 2955 4809 ex
2985 4756 3201 4823 Sulpicii
3228 4754 3328 4809 Se—

1773 4825 1883 4875 veri
1921 4824 2134 4894 Dialogo
2167 4842 2224 4888 ιι,
2253 4841 2372 4895 cap.
2410 4826 2494 4889 M,
2530 4840 2646 4894 pag.
2678 4825 2782 4877 122
2815 4825 2942 4878 edit.
2982 4824 3326 4879 Veronensis.

1843 4912 1957 4987 (65)
1992 4913 2342 4987 Voluntatem.
2381 4915 2581 4987 codex,
2622 4915 2901 4987 θελήματά
2937 4932 2995 4987 τε
3022 4916 3193 4969 κοινά.
3225 4916 3333 4970 Sed

1772 4994 1915 5051 patet
1941 4986 2219 5052 legendum
2242 5001 2379 5049 esse,
2414 4985 2625 5054 θέλημα
2648 4987 2715 5037 τά
2745 4985 2801 5036 τε
2837 4986 3010 5039 κοινά.
3043 5048 3047 5053 τ

1771 5042 2175 5215 Σηᾟιέὶμζαᾶμσ.
2206 5042 2407 5145 ϐοάθέ,
2438 5042 2628 5147 μείξω,
2661 5093 2755 5146 pro
2788 5077 2992 5149 μεῖζον.
3026 5042 3181 5133 'Vide‘
3216 5088 3343 5209 not.‘

1842 5230 1961 5312 (ϐξ).
1979 5231 2270 5312 Jejnnium.
2312 5234 2424 5289 Duo
2437 5236 2781 5312 _Scriptur£e
2805 5234 3169 5312 _locaAaﬂ'e_rt,
3198 5306 3208 5312 μ
3234 5246 3328 5312 aut

1770 5304 2010 5370 respicit.
2040 5304 2190 5356 Alter
2227 5314 2401 5358 exstat
2437 5304 2619 5361 Tobiae
2665 5324 2764 5371 χιι,
2799 5308 2833 5361 8
2870 5316 2921 5360 et
2952 5306 3005 5371 9,
3057 5309 3143 5359 ubi
3197 5306 3329 5375 legi-

1772 5380 1893 5454 ιιιττ
1936 5371 2161 5456 “Tel-ev
2193 5375 2465 5456 προετευχὴ
2505 5377 2674 5456 ,μετὰ
2698 5377 2951 5456 νηστείας
2993 5376 3086 5456 xei
3106 5377 3331 5456 ἐλεημρτ

1818 5439 1932 5475 ’Iu'nf
2055 5439 2430 5475 ἐδεκηδριῖυιηη
2453 5439 2563 5475 lix).
2610 5439 2674 5475 ιδ
2718 5439 2945 5475 Ωᾏιηι-υιιλ
3008 5445 3183 5475 λάροι--
3238 5439 3248 5446 Ι
3279 5447 3290 5475 ί

1770 5442 1999 5510 σύνης...
2054 5442 2565 5517 ἐλεημοσύνη”γᾶρ
2608 5442 2674 5501 ἐξ
2718 5442 2945 5502 θανάτου
3004 5445 3209 5516 ῥύεται,
3239 5442 3248 5446 ’
3278 5446 3332 5500 id

1768 5519 1851 5563 est
1892 5529 1909 5561 ι
1944 5510 2086 5564 Bona
2117 5527 2203 5565 res
2225 5524 2306 5588 est
2327 5519 2500 5570 oratio
2527 5532 2648 5570 cum
2686 5518 2927 5588 jejunio,
2950 5525 3003 5569 et
3039 5530 3159 5568 cum
3190 5513 3331 5588 eice-

1768 5594 2056 5657 mosyua_._..
2087 5596 2215 5657 nam
2245 5582 2586 5657 eleetnosyna
2615 5603 2642 5639 a
2681 5582 2851 5657 morte
2876 5586 3089 5657 liberat.
3124 5601 3142 5633 ι
3177 5583 3329 5657 Alter

1766 5659 1944 5726 exstat
1976 5650 2334 5726 Ecclesiastic.
2360 5669 2449 5721 XL,
2476 5650 2546 5709 '26
2571 5674 2584 5709 :
2614 5658 2708 5709 καὶ
2729 5656 2864 5726 ὑπὲρ
2885 5654 3167 5724 ἀμφότερα
3185 5651 3331 5726 ὲᾉετι-

1769 5719 1971 5789 μοσύνη
2003 5720 2245 5797 ῥύσεται,
2278 5723 2330 5777 id
2358 5719 2463 5795 est,
2519 5743 2539 5778 ι
2567 5736 2621 5783 et
2652 5742 2815 5797 super
2835 5719 3142 5797 'utt'uhtqtt'e
3188 5719 3339 5778 eice;

1765 5804 1987 5860 tuosyna
2018 5791 2287 5848 liberabit.
2319 5810 2340 5846 ι
