3716 6308
425 330 529 383 767

1651 321 1884 380 DIDYMI
1922 316 2389 378 ALEXANDRINI
3531 307 3609 364 768

421 457 544 504 cum
568 447 782 510 propter
808 439 976 496 ftedas
1005 438 1115 510 (66)
1141 439 1321 504 hasce,
1345 453 1408 493 ac
1425 438 1582 507 plane
1607 439 1982 494 abominandas

2094 435 2186 500 τὸς
2217 431 2311 487 καὶ
2351 430 2448 499 τῆς
2491 427 2596 480 τῶν
2623 425 2857 493 δοκίμων
2895 423 3138 492 ἀγγέλων
3180 420 3417 492 ἑταιρίας
3453 421 3611 486 ἐξέπε.

423 530 728 601 passiones,
760 527 926 583 Satan
959 528 1046 583 ille
1074 528 1226 583 nobis
1256 528 1657 583 inimicissimus
1684 543 1748 583 ex
1781 529 1981 583 caelesti

423 623 540 677 luce
577 631 630 676 et
680 623 940 674 bonorum
972 621 1281 689 angelorum
1311 619 1566 674 societate
1593 619 1876 685 exciderit,
1930 627 1986 672 et

422 715 474 768 in
513 713 925 768 obscurissimos
954 721 1213 765 tartareos
1262 726 1508 766 recessus
1561 711 1841 781 prolapsus
1869 711 1980 765 sit:

423 819 654 873 cumque
724 802 1023 857 Pliarisieus
1075 801 1184 872 (67)
1245 802 1335 856 ille
1378 803 1476 856 snb
1533 802 1648 872 lege
1701 801 1981 860 educatus.

423 895 671 964 quamvis
701 903 751 947 et
779 894 1066 963 jejunaret,
1100 903 1152 947 et
1182 908 1275 948 sua
1312 893 1481 963 ipsius
1503 893 1637 947 bona
1668 892 1979 956 decimaret,

422 995 475 1040 et
527 985 829 1055 petentibus
881 1000 1033 1053 opem
1084 985 1268 1050 ferret,
1314 999 1425 1038 sum
1487 993 1663 1038 tamen
1719 983 1983 1052 superbia:

423 1090 582 1128 causa
613 1075 820 1127 inanem
850 1089 916 1127 ex
951 1074 1032 1127 his
1062 1074 1314 1133 oneribus
1364 1075 1414 1126 in
1465 1074 1660 1127 mundo
1708 1088 1855 1141 spem
1887 1074 1982 1126 ha-

421 1163 617 1228 buerit,
668 1172 726 1214 ut
767 1162 959 1230 legitur
1014 1162 1177 1231 308
1231 1163 1281 1214 in
1334 1162 1506 1216 sacris
1561 1163 1800 1217 Litteris.
1853 1161 1981 1215 Illud

420 1260 675 1319 praeterea
700 1253 951 1313 concede,
983 1263 1039 1304 ut
1075 1268 1103 1304 a
1131 1253 1472 1307 contentione
1518 1267 1579 1305 ac
1621 1268 1794 1320 pugna
1822 1252 1980 1305 alieni

420 1343 614 1408 simus;
653 1353 710 1395 ut
733 1357 851 1396 cum
886 1343 1034 1397 libris
1065 1343 1330 1404 vivamus,
1367 1353 1423 1397 ut
1449 1343 1697 1395 mundam
1727 1343 1982 1396 habentes

422 1431 833 1498 conscientiam,
869 1433 934 1486 ab
963 1433 1342 1486 ecclesiasticis
1397 1433 1688 1502 synaxibus
1744 1431 1876 1503 (68),
1929 1433 1982 1485 in

423 1524 616 1593 quibus
643 1524 756 1592 (69)
777 1525 934 1577 modo
957 1524 1124 1592 magis
1153 1525 1369 1592 speciali
1406 1525 1654 1578 omnibus
1719 1539 1983 1593 propone-

421 1614 494 1667 ris
518 1613 655 1683 (70),
688 1629 958 1682 nunquam
993 1629 1322 1682 separemur.
1361 1612 1450 1668 Sic
1487 1616 1838 1686 ignominiosa
1868 1631 1983 1668 am-

424 1706 561 1773 plius
590 1721 691 1757 non
725 1705 812 1766 sit,
846 1719 943 1757 nec
973 1714 1276 1772 contemptu
1309 1705 1486 1773 digna,
1536 1706 1650 1768 sed,
1702 1704 1842 1759 sicut
1872 1706 1980 1774 pri-

2085 544 2194 587 σεν,
2233 522 2328 577 καὶ
2369 523 2449 582 είς
2493 519 2618 582 τοὺς
2669 517 3102 586 ζοφωδεστάτους
3139 512 3487 584 ταρταραίους
3529 532 3610 584 μυ-

2083 617 2211 688 χοὺς
2260 609 2691 680 κατωλίσθησεν·
2731 609 2759 660 ὁ
2811 607 2854 660 δ’
2906 606 3010 659 ὑπὸ
3055 605 3218 676 νόμον
3258 603 3495 675 τραφεὶς,
3532 605 3609 657 καὶ

2084 700 2380 772 νηστεύων,
2434 699 2526 752 καὶ
2574 695 2920 751 ἀποδεκατῶν
2966 694 3033 747 τὰ
3073 691 3264 746 ἑαυτοῦ
3317 691 3610 762 ὑπάρχοντα,

2087 791 2184 846 καὶ
2221 789 2528 862 ἐπικουρῶν
2565 790 2675 850 τοῖς
2707 782 3088 857 προσαιτοῦσιν
3119 777 3426 854 Φαρισαῖος,
3454 783 3611 850 ἀνόνη-

2081 902 2170 937 τον
2205 883 2326 953 ἔσχε
2360 881 2497 945 τέως
2539 881 2595 932 ὲν
2630 877 2840 948 κόσμῳ,
2877 876 3000 928 ὅσον
3026 875 3084 926 ὲν
3112 873 3429 944 γράμμασιν
3456 872 3610 942 ἱεροῖς,

2080 972 2178 1044 τὴν
2230 969 2478 1025 ἐντεῦθεν
2521 966 2729 1020 ἐλπίδα.
2788 967 2908 1018 Ἔτι
2959 964 3016 1017 δὲ
3071 960 3287 1033 ὑπάρξῃ
3344 959 3405 1012 τὸ
3464 959 3612 1029 μάχης

2083 1063 2402 1133 ἀφεστάναι,
2444 1061 2542 1131 ζῇν
2591 1061 2650 1112 ὲν
2703 1057 2954 1128 βιϐλίοις,
3006 1054 3100 1108 καὶ
3145 1053 3443 1123 ἀχώριστον
3499 1048 3612 1104 εἷναι

2086 1155 2222 1227 μετὰ
2248 1152 2485 1224 καθαροῦ
2525 1151 2822 1214 συνειδότος
2867 1148 2975 1202 τῶν
3025 1144 3485 1214 ὲκκλησιαστικῶν
3518 1160 3615 1195 συν-

2083 1246 2287 1312 άξεων,
2322 1245 2380 1296 ὲν
2420 1238 2500 1305 οἷς
2559 1240 2866 1312 ἰδικώτερον
2914 1237 3200 1309 πρόκεισαι
3262 1236 3426 1286 πᾶσιν
3472 1232 3614 1294 οὕτως

2082 1336 2253 1400 ἔσται,
2283 1334 2382 1386 οὐκ
2423 1332 2502 1385 ἔτι
2533 1331 2890 1392 ἐπονείδιστος
2936 1328 3030 1381 καὶ
3069 1324 3456 1394 διεπτυσμένη,
3505 1324 3614 1375 ἀλλὰ

2083 1428 2198 1490 καὶ,
2225 1427 2298 1489 ὡς
2331 1426 2496 1481 πάλαι
2533 1426 2625 1479 καὶ
2651 1424 2944 1496 πρόπαλαι,
2974 1421 3225 1491 ἐπαινετὴ
3254 1421 3287 1489 ἡ
3321 1419 3419 1484 τῆς
3443 1417 3609 1487 ἀρετῆς

2082 1521 2176 1573 καὶ
2207 1520 2386 1590 πάσης
2433 1520 2738 1589 ἐπιστήμης
2764 1517 3028 1587 γενομένη
3055 1513 3205 1586 παρὰ
3238 1511 3337 1582 τὴν
3371 1509 3531 1581 ἀρχὴν
3555 1509 3615 1560 δι-

2082 1611 2345 1675 δάσκαλος
2387 1613 2420 1682 ὴ
2455 1609 2786 1681 συμμετρία.
2831 1607 2940 1660 Καὶ
2987 1602 3407 1677 σωφρονεστέρα
3451 1600 3614 1670 φανείη

2083 1705 2182 1774 τῆς
2216 1701 2446 1773 ἀρχαίας
2473 1702 2507 1771 ἡ
2538 1701 2661 1770 ἑξῆς
2699 1699 2962 1761 πολιτεία,
2993 1699 3102 1766 ὅσῳ
3132 1696 3225 1748 καὶ
3255 1694 3362 1747 ὑπὸ
3393 1692 3484 1762 τῆς
3507 1692 3614 1761 Χρι-

3626 829 3638 876 l

421 1796 541 1849 dein
603 1812 663 1850 ac
723 1796 833 1866 jam
899 1796 1124 1864 pridem,
1203 1796 1480 1850 laudabilis
1547 1795 1975 1851 Christianorum

2088 1796 2337 1862 στιανῆς,
2388 1792 2486 1861 τῆς
2533 1792 2688 1844 πάντ’
2736 1786 2794 1843 εὖ
2843 1788 3224 1858 πεποιηκυίας,
3261 1785 3616 1838 κατανύττεται

421 1887 724 1950 consensio,
772 1901 836 1940 ac
878 1888 1211 1956 symmetria,
1275 1902 1392 1957 quae
1441 1887 1650 1941 virtutis
1699 1887 1981 1954 omnisque

425 1977 720 2045 disciplina:
749 1975 1003 2046 magistra
1038 1977 1105 2029 ab
1140 1976 1293 2030 initio
1331 1976 1431 2030 fuit
1462 1993 1476 2029 :
1512 1989 1566 2030 et
1597 1984 1746 2031 tanto
1770 1977 1978 2044 sapien-

423 2069 524 2121 tior
561 2076 818 2136 appareat
856 2081 1069 2129 recens,
1103 2083 1261 2132 quam
1325 2069 1494 2134 prisca
1543 2067 1870 2135 gulzcrnandi
1918 2083 1978 2120 ac

420 2158 630 2210 vivendi
665 2157 820 2220 ratio,
851 2166 1055 2226 quanto
1093 2155 1261 2222 magis
1302 2154 1624 2209 Christianae
1675 2154 1818 2222 leges
1866 2169 1980 2206 om-

422 2247 578 2302 nibus
604 2245 857 2299 ὺεηθίίοω
885 2245 1028 2298 illam
1082 2243 1441 2313 perfecerunt.
1495 2243 1557 2296 Et
1599 2243 1835 2310 jucunda
1890 2243 1975 2296 lux

420 2334 644 2398 oriatur,
697 2349 758 2386 ac
821 2334 1118 2403 splendida.
1193 2330 1256 2385 Et
1313 2340 1455 2386 recta
1490 2333 1885 2386 administratio
1923 2335 1974 2384 in

419 2425 666 2479 Universa
724 2431 889 2489 terra,
935 2438 999 2477 ac
1048 2424 1204 2486 mari,
1263 2435 1315 2477 et
1364 2422 1632 2492 profunda
1678 2425 1778 2492 pax
1832 2424 1976 2476 omni

421 2514 596 2579 modo,
625 2525 676 2567 et
708 2513 914 2568 ratione
943 2513 1046 2568 sit:
1074 2522 1128 2567 et
1161 2513 1258 2566 Nili
1297 2513 1404 2582 (7t)
1435 2512 1629 2566 ﬂuenta
1684 2513 1841 2582 plena
1880 2530 1895 2565 :
1926 2521 1980 2566 et

422 2603 652 2654 maxima
688 2617 914 2656 annonae
947 2605 1162 2657 ubertas
1202 2604 1314 2674 (72)
1342 2621 1356 2657 :
1398 2612 1452 2657 et
1486 2619 1676 2671 magna
1702 2619 1731 2657 e
1755 2613 1978 2657 contra-

418 2692 517 2756 rio,
550 2691 659 2746 imo
685 2693 990 2748 oninimoda
1041 2694 1441 2748 arnbitiosorum
1477 2691 1685 2764 (73—74)
1717 2695 1976 2763 penuria:

417 2797 517 2838 nec
533 2781 666 2837 alter
695 2784 920 2854 amplius
933 2783 1084 2838 alteri
1102 2784 1672 2854 lugendioccasionem
1701 2785 1931 2852 prmbeat
1959 2798 1975 2848 ;

417 2882 471 2928 et
499 2889 660 2943 quam
695 2874 1040 2943 mihimetipsi
1070 2875 1320 2944 [imposui
1380 2875 1573 2944 legem,
1623 2889 1743 2930 eam
1789 2876 1978 2928 obser-

421 2978 546 3018 vare
585 2965 784 3033 possim
830 2980 950 3018 cum
1003 2967 1214 3029 decore,
1273 2976 1324 3020 et
1371 2967 1560 3035 gratia,
1613 2975 1664 3018 et
1716 2966 1979 3034 gravitate

417 3056 562 3116 vitai,
593 3070 656 3109 ac
679 3070 983 3109 sermonum
1009 3073 1024 3108 :
1057 3067 1109 3110 et
1139 3058 1492 3125 undecunque
1522 3056 1698 3117 nobis.
1729 3054 1976 3112 omnibus

419 3143 545 3199 ﬁliis
591 3146 808 3210 nostris,
849 3153 904 3199 et
924 3147 1172 3200 omnibus
1208 3147 1458 3200 domibus
1498 3148 1714 3209 nostris,
1731 3156 1780 3200 et
1799 3147 1979 3200 omni-

417 3233 520 3289 bus
548 3232 767 3289 familiis
791 3236 1012 3302 nostris,
1044 3246 1096 3291 et
1121 3239 1412 3306 generatim
1442 3236 1554 3307 (⁵15)
1580 3237 1828 3291 omnibus
1855 3251 1982 3291 eve-

495 3414 603 3488 (66)
642 3413 868 3484 Propter
896 3414 1083 3483 fwdas,
1111 3422 1216 3488 etc.
1247 3413 1527 3468 Liorar.us
1550 3416 1779 3484 primum
1813 3417 1984 3488 inter;-

421 3481 728 3554 punctionis
753 3481 952 3539 'notam
1003 3486 1180 3553 posuit
1241 3491 1361 3554 post
1419 3481 1575 3539 voces
1599 3489 1794 3549 νοσεῖν,
1826 3498 1878 3540 et
1906 3481 1984 3554 εῑέ

422 3553 510 3611 ναι
536 3575 549 3588 -
593 3570 752 3624 quam
801 3553 1286 3624 interpunctionem
1332 3555 1387 3624 in
1423 3556 1790 3624 translatione
1831 3553 1984 3621 sequi

423 3641 528 3696 non
554 3622 737 3696 potui:
773 3622 964 3696 deinde
991 3625 1226 3696 scripsit,
1401 3622 1622 3696 ἄφυκτα
1657 3625 1827 3696 πάθη.
1880 3625 1987 3680 Sed

420 3695 539 3765 lego
557 3692 716 3765 stata
745 3695 923 3764 φυκτὰ
949 3692 1117 3764 πάθη,
1149 3696 1226 3765 vel
1261 3693 1374 3746 δι’δι
1398 3695 1575 3761 φυκτὰ
1610 3695 1776 3765 πάθη.

495 3763 1178 3836 (6⁵7)ΫΡΙιαήειωιιτ-υυιιρχ
1218 3764 1396 3836 habet,
1425 3763 1754 3836 Φαρισαίοις,
1805 3765 1854 3818 id
1884 3773 1986 3826 est,

427 3853 448 3888 ‹
479 3832 1233 3905 Pharisaeispetentibusopem
1262 3832 1444 3905 ferret.
1485 3832 1518 3885 ί
1536 3835 1636 3905 Sed
1665 3837 1800 3905 lego,
1825 3835 1989 3905 Φαρι-

425 3909 594 3967 σαῖος,
631 3902 784 3967 quod
805 3909 917 3958 haec
973 3903 1130 3956 lectio
1169 3902 1336 3956 multo
1381 3904 1692 3956 concinnior
1715 3902 1983 3957 videatur.

497 3975 606 4042 (68)
637 3972 954 4042 Synaxibus.
982 3970 1116 4042 Vide
1145 3981 1255 4024 not.
1277 3974 1331 4035 2,
1355 3988 1476 4040 pag.
1515 3973 1642 4026 280.
1670 3972 1810 4025 Nihil
1831 3989 1990 4040 porro

423 4041 749 4098 crebrius’in
784 4053 1021 4095 veterum
1056 4041 1270 4094 Patrum
1302 4044 1517 4109 scriptis
1545 4053 1797 4102 UCCUl‘l‘ll,
1821 4058 1978 4110 quam

425 4123 483 4166 ut
531 4126 718 4166 omnes
763 4111 1097 4166 Christianos
1151 4111 1322 4164 sacris
1364 4113 1656 4180 synaxihus
1719 4114 1980 4166 interesse

423 4182 658 4235 cuniant.

494 4197 696 4318 filiglilin
728 4251 931 4318 quibus.
957 4247 1156 4314 Codex,
1182 4249 1238 4300 ὲν
1261 4243 1361 4311 οἷς.
1416 4246 1720 4316 Legendnm
1771 4250 1980 4302 videtur

430 4315 604 4388 potius
632 4320 689 4372 ὲν
713 4315 904 4388 arma
938 4328 1023 4372 est
1052 4336 1070 4369 ι
1102 4320 1158 4388 in
1186 4319 1376 4388 quibus
1399 4315 1708 4387 synaxibus.
1742 4337 1762 4370 ›
1828 4318 1976 4383 Quod

427 4385 469 4443 si
499 4389 660 4459 legas,
695 4390 754 4441 ὲν
782 4385 882 4453 οἷς,
917 4403 1106 4459 nempe
1140 4386 1381 4459 βιϐλίοις,
1410 4385 1493 4459 vix
1519 4404 1581 4442 ac
1613 4403 1680 4440 ne
1721 4389 1809 4459 vi;
1859 4390 1979 4459 qni-

2087 1881 2548 1951 θεσμοθετήσεως.
2593 1880 2701 1934 Καὶ
2729 1878 2901 1948 γλυκὺ
2947 1879 3062 1947 φῶς
3101 1874 3356 1945 ἀνατείλῃ
3385 1873 3474 1925 καὶ
3507 1872 3617 1943 λαμ-

2084 1971 2225 2041 πρόν
2247 1989 2259 2001 ·
2295 1973 2390 2026 καὶ
2418 1972 2648 2043 εὐαρχία
2688 1971 2785 2042 μὲν
2819 1970 2912 2022 καὶ
2950 1969 3140 2039 εἰρήνη
3182 1965 3286 2019 ἀνὰ
3325 1967 3500 2018 πᾶσαν
3535 1964 3616 2032 γῆν

2081 2065 2177 2117 καὶ
2207 2063 2498 2124 θάλατταν,
2538 2061 2679 2115 κατὰ
2719 2061 2898 2114 πάντα
2931 2061 3130 2131 τρόπον
3161 2059 3255 2112 καὶ
3285 2057 3462 2124 λόγον,
3494 2055 3617 2107 ἔσται

2082 2152 2288 2222 βαθεῖω
2325 2153 2418 2206 καὶ
2454 2151 2648 2222 μεστὸν
2695 2151 2790 2206 τοῦ
2823 2151 3019 2205 Νείλου
3065 2149 3194 2220 [in
3219 2147 3271 2219 bV]
3313 2147 3379 2200 τὸ
3418 2147 3614 2218 ῥεῖθρον,

2078 2245 2172 2297 καί
2199 2243 2453 2314 εὐετηρία
2481 2244 2704 2316 πλείστη
2731 2261 2745 2273 ·
2782 2245 2976 2306 σπάνις
3002 2242 3057 2295 δὲ
3085 2241 3251 2310 πολλὴ
3279 2241 3376 2294 καὶ
3418 2239 3613 2291 παντοία

2078 2333 2186 2385 τῶν
2224 2331 2656 2405 σπουδαρχιδῶν·
2694 2331 2788 2386 καὶ
2816 2332 2916 2384 οὐκ
2956 2329 3029 2382 ἔτ’
3069 2329 3326 2400 ὀδύρηται
3376 2327 3523 2388 ἄλλος
3549 2326 3616 2378 ἐπ’

2078 2422 2254 2492 ἄλλῳσ
2290 2424 2382 2476 καὶ
2414 2423 2472 2475 ὃν
2506 2421 2728 2492 ἐμαυτῷ
2753 2422 2916 2492 νόμον
2958 2421 3150 2490 ἔθηκα,
3182 2419 3417 2488 φυλάξαι
3441 2416 3617 2485 δυνηθῶ

2080 2511 2176 2564 σὺν
2217 2509 2356 2582 ὥρᾳ,
2385 2509 2478 2562 κα),
2511 2511 2716 2581 χάριτι,
2744 2509 2838 2562 καὶ
2867 2509 3152 2578 σεμνότητι
3188 2507 3301 2577 βίου
3326 2507 3424 2559 καὶ
3443 2507 3615 2574 λόγων·

2079 2600 2411 2670 πανταχόθεν
2456 2617 2516 2651 τε
2562 2601 2691 2669 ἡμῖν
2735 2598 3041 2661 παντεκνεὶ,
3087 2597 3182 2650 καὶ
3238 2595 3506 2658 πανοικεὶ,
3543 2596 3618 2647 καὶ

2077 2689 2368 2757 παγγενεὶ,
2417 2688 2511 2740 καὶ
2556 2686 2753 2750 ὑλικῶς
2799 2685 2934 2755 ἐκϐῇ
2980 2685 3048 2738 τά
3105 2684 3439 2755 πράγματα,
3482 2683 3618 2751 εὐχῆς

2077 2780 2280 2834 καλλίω
2341 2780 2435 2833 καὶ
2491 2778 2601 2831 τῶν
2670 2778 2934 2850 πρότερον
3003 2777 3214 2846 βελτίω.
3286 2778 3399 2829 Καὶ
3466 2777 3614 2827 πάντα

2076 2871 2246 2925 ταῦτα
2276 2872 2382 2935 ναὶ,
2416 2872 2524 2936 ναὶ,
2556 2871 2663 2932 ναὶ,
2696 2869 3053 2939 τετελεσμένα
3084 2869 3178 2920 καὶ
3199 2866 3611 2937 τελεσθησὸμενα

2077 2962 2251 3015 ἔσται·
2287 2964 2431 3026 ὅπως
2463 2962 2520 3025 ἐς
2558 2961 2644 3013 ἀεὶ
2684 2959 2983 3031 ἐργάζηται
3035 2957 3095 3011 τὸ
3133 2962 3191 3012 ὲν
3246 2959 3444 3027 Ἡσαΐᾳ,
3503 2974 3620 3026 παρ-

2078 3054 2334 3125 ηγορικὸν
2363 3052 2750 3124 κα“ιίαματικὸν
2775 3052 2924 3121 ῥῆμά
2942 3069 3054 3114 σου,
3081 3050 3141 3102 τὸ
3169 3049 3424 3120 περιέχον
3446 3047 3616 3105 οὕτως·

2085 3163 2102 3195 t
2138 3143 2277 3211 Ἐγώ
2301 3146 2414 3214 εἰμι
2442 3144 2602 3206 αὐτὸς
2627 3145 2655 3196 ό
2677 3142 2850 3195 λαλῶν
2872 3158 2885 3171 ο
2909 3141 3138 3212 πάρειμι
3167 3142 3241 3203 ὼς
3270 3140 3390 3209 ὥρα
3419 3141 3506 3190 ἐπὶ
3533 3138 3621 3190 τῶν

2077 3237 2270 3309 ὀρέων,
2329 3235 2404 3300 ὡς
2458 3233 2937 3305 εὐαγγελιζόμενος
2983 3231 3194 3300 ἁγαθάο
3241 3231 3323 3284 ὅτι
3381 3231 3622 3298 ἀκουστὴν

2085 3415 2243 3471 tustis
2267 3413 2498 3469 nummis
2536 3421 3121 3486 repraesentanturcum
3159 3413 3208 3466 in
3247 3410 3480 3482 jacentis
3510 3405 3621 3486 ﬁili

2085 3501 2310 3553 corpore
2339 3495 2416 3537 tot
2447 3483 2594 3552 pueri
2613 3481 2869 3553 salientes
2901 3479 3415 3553 exhibentur,'qu_ot
3443 3479 3616 3553 cubitis

2087 3549 2224 3624 aqua
2251 3549 2502 3618 creverit,
2539 3562 2602 3625 ut
2626 3551 2804 3605 videre
2830 3552 2952 3606 licet
2984 3555 3033 3605 in
3067 3549 3311 3606 nummo'
3341 3549 3620 3625 Marciam

2091 3618 2228 3689 rélii,
2257 3639 2414 3692 quem
2455 3625 2507 3676 in
2555 3620 2753 3674 Musaeo
2805 3632 2988 3694 nostro
3027 3635 3391 3694 asservamus.
3435 3618 3620 3694 Didymi

2092 3688 2464 3763 pot-r’o'wtate
2501 3705 2762 3763 aquarum
2820 3690 3222 3763 intumescentis
3246 3690 3386 3763 __Ni|i
3436 3688 3625 3763 partitio

2089 3754 2311 3817 caedium
2341 3754 2715 3823 occasio-erat,
2743 3768 2876 3812 teste
2893 3759 3126 3814 Palladio
3154 3763 3206 3815 in
3238 3754 3477 3813 Historia
3501 3754 3619 3807 Lau-

2098 3836 2261 3895 siaca,
2292 3845 2412 3899 cap.
2458 3830 2546 3892 38,
2582 3832 2714 3882 adeo
2759 3839 2816 3881 ut
2861 3832 3011 3884 vicus
3062 3832 3115 3883 in
3171 3829 3345 3883 vicum
3399 3829 3622 3880 irrueret.

2095 3902 2282 3970 Itaque
2315 3901 2415 3953 hac
2440 3900 2864 3970 etiamtortasse
2891 3901 2954 3952 de
2978 3915 3160 3960 causa,
3214 3899 3484 3970 pracipue
3515 3906 3624 3970 vero

2090 3973 2160 4024 ob
2194 3963 2564 4038 episcoporum
2597 3968 2915 4038 discordias,
2958 3977 3011 4023 et
3051 3971 3187 4022 bella
3215 3963 3516 4038 Theodosio
3542 3963 3626 4038 ini-

2090 4031 2506 4110 peraioriillata,
2535 4046 2655 4094 orat
2679 4036 2957 4106 Didymus,
2985 4049 3038 4092 ut
3071 4040 3142 4092 sit
3164 4038 3365 4106 ubique
3387 4031 3625 4107 profunda

2099 4127 2204 4164 tax.

2080 4127 2264 4248 pari?)
2292 4177 2529 4230 Annona:
2552 4175 2868 4248 ubertas._ln
2897 4176 3108 4248 Graeco,
3142 4177 3445 4248 εὐετηρία.Δ
3473 4171 3625 4248 Quam

2079 4243 2262 4302 vocem
2290 4249 2342 4300 in
2377 4247 2581 4316 Didymi
2619 4247 2755 4298 libro
2785 4245 2862 4299 De
2892 4246 2983 4314 Sp.
3014 4259 3212 4310 sancto,
3244 4243 3397 4300 nutu.
3427 4243 3510 4306 14,
3535 4243 3625 4316 lor-

2083 4327 2222 4371 lasse
2250 4311 2799 4383 vertitllieronytnus,
2849 4311 2939 4368 ubi
2991 4316 3224 4384 legitur:
3274 4326 3375 4367 cut
3429 4311 3626 4384 iecun‘de

2080 4404 2251 4442 annus
2279 4387 2426 4440 ﬂuat.
2457 4404 2475 4436 ι
2513 4381 2809 4454 Εὑετηρίαν
2839 4381 3078 4439 nominat
3123 4386 3284 4438 etiam
3335 4381 3628 4454 Aristoteles

425 4453 575 4513 dem'
593 4453 782 4513 sensus
824 4453 1108 4512 constabit.
1140 4453 1214 4510 'Si
1256 4473 1383 4510 vero
1420 4457 1578 4524 legas,
1633 4460 1690 4510 ὲν
1747 4453 1828 4519 οἷς
1871 4453 1974 4509 πᾶ-

2088 4459 2133 4510 in
2194 4457 2362 4526 θαυμ.
2412 4453 2834 4526 ἀκούσμηίοδρ.
2862 4454 2982 4520 127,
3028 4455 3183 4524 eique
3219 4456 3444 4523 opponit
3480 4453 3630 4517 ἀκαρ-

430 4545 534 4594 σιν,
571 4529 621 4582 id
651 4539 733 4581 est
767 4546 786 4580 ‹
819 4530 870 4581 ἱη
901 4528 1095 4596 quibus
1114 4527 1272 4580 rebus
1293 4526 1561 4589 omnibus,
1595 4546 1614 4578 ›
1645 4528 1803 4582 nimis
1839 4527 1971 4578 dura

426 4602 533 4653 erit
578 4599 767 4652 oratio.
816 4598 1075 4651 Similiter
1120 4597 1344 4667 delenda
1393 4605 1493 4667 est,
1541 4608 1597 4649 ut
1633 4606 1780 4667 puto,
1811 4597 1978 4649 inter-

429 4669 732 4738 punetiouis
762 4678 887 4722 nota
913 4677 1032 4736 post
1047 4680 1219 4738 _voces
1245 4665 1416 4728 οὕτως
1445 4665 1617 4720 ἔσται.

497 4737 610 4808 (70)
651 4735 1014 4808 Ργοροηενίδε-
1046 4736 1306 4808 Respicit,
1351 4746 1407 4789 ut
1452 4747 1598 4808 puto,
1655 4735 1974 4808 eucharisti-

427 4805 549 4862 cum
581 4805 902 4861 Sacriﬁcium
972 4805 1102 4858 Nam
1152 4806 1311 4858 simili
1357 4807 1512 4859 modo
1550 4822 1669 4875 pag.
1707 4805 1805 4858 201
1874 4806 1978 4859 ait:

435 4893 458 4929 ι
491 4875 850 4931 lndeticientia
883 4891 976 4929 sua
1007 4875 1143 4929 bona
1173 4876 1469 4943 proposuit,
1499 4893 1518 4927 ι
1558 4877 1606 4929 id
1639 4886 1772 4937 est,r
1792 4890 1983 4944 propo-

430 4961 559 5000 nere
585 4949 884 5000 consuevit.
917 4965 936 4998 ι
974 4945 1039 4998 Et
1078 4961 1196 5014 qua:
1245 4961 1343 4997 nos
1385 4944 1615 4998 dicimus
1665 4965 1682 4996 ι
1713 4947 1923 5008 Oblata,
1961 4964 1979 4995 ι

429 5030 494 5068 ea
538 5017 949 5084 Chrysostomus
988 5013 1196 5084 Didymi
1238 5014 1553 5084 aequalisin
1607 5016 1820 5068 homilia
1857 5031 1869 5067 l
1906 5014 1981 5084 De

430 5096 611 5137 sancta
650 5083 965 5149 Pentecoste,
1001 5083 1129 5138 tom.
1151 5083 1207 5147 Il,
1236 5099 1353 5151 pag.
1381 5083 1754 5147 463,vocatt&
1767 5083 1988 5154 προκεί-

434 5170 589 5226 μενα,
620 5155 669 5206 id
701 5162 787 5208 est
835 5154 1174 5226 «proposita,
1201 5171 1219 5204 ι
1252 5165 1306 5207 et
1336 5156 1405 5206 τὰ
1437 5155 1772 5226 προκείμενα
1810 5152 1987 5221 δῶρα,

433 5223 484 5277 id
513 5233 596 5275 e<t
631 5241 649 5272 ι
671 5222 939 5290 proposita
973 5225 1129 5277 dona.
1162 5242 1182 5274 ι

511 5292 620 5362 (71)
653 5291 786 5345 Nili.
823 5294 952 5358 Quis
994 5291 1328 5362 Atigyptmm,
1372 5291 1854 5348 Alexandrinumve
1897 5307 1993 5345 au-

425 5363 752 5442 Ctoremhic
777 5362 1192 5443 nonagnpscaot?
1225 5362 1459 5432 Egyptil
1483 5365 1626 5443 enim
1647 5363 1756 5443 soli
1773 5363 1994 5443 ubertas

436 5445 503 5500 ex
541 5432 762 5500 copiosa
793 5432 896 5484 Nili
940 5432 1273 5500 irrigatione,
1309 5443 1402 5500 aut
1440 5433 1618 5500 potius
1646 5434 1996 5487 inundatione

433 5499 721 5570 dependet,
779 5501 871 5569 qui
924 5499 1048 5554 cum
1101 5517 1282 5555 inense
1331 5499 1471 5555 Julio
1521 5505 1740 5558 circiter
1793 5503 1996 5555 sensim

433 5579 722 5638 augeatur,
749 5571 1000 5625 maxima:
1030 5582 1154 5623 tunc
1185 5571 1446 5625 ubertatis
1473 5586 1632 5626 causa
1675 5582 1794 5634 est,
1825 5571 1999 5624 Plinio

433 5646 597 5704 teste,
631 5655 752 5694 cum
786 5642 852 5694 ad
883 5643 1152 5695 sexdecim
1188 5641 1491 5694 cubitorum
1539 5643 1874 5696 altitudinem
1900 5639 2002 5692 ﬂu-

439 5709 606 5767 minis
633 5725 773 5770 aqua
802 5711 1126 5783 pervenerit.
1150 5709 1300 5778 Quod
1347 5713 1484 5767 satis
1523 5711 1798 5784 eleganter
1828 5712 1880 5766 in
1911 5725 2000 5766 vc-

2082 4545 2233 4582 πιαν.

2149 4594 2795 4667 (75—74)Ambitiosarum.
2811 4593 3022 4661 Optime
3044 4592 3310 4667 quadrant
3330 4591 3444 4667 bare
3467 4587 3625 4667 omnia

2081 4667 2132 4722 in
2158 4661 2375 4720 tetatem
2406 4665 2648 4735 Didymi,
2675 4672 2730 4735 u_t
2761 4674 2956 4716 norunt
2985 4661 3073 4735 qui
3108 4665 3159 4716 in
3190 4661 3449 4716 Ecclesia:
3480 4661 3626 4735 histo-

2085 4737 2162 4790 ria
2187 4737 2383 4790 versati
2411 4731 2567 4788 sun't:
2596 4733 2726 4788 illud
2756 4749 2882 4787 vero
2912 4733 3144 4785 maxime
3174 4735 3223 4784 in
3250 4748 3371 4783 eam
3400 4731 3628 4796 quadrat,

2083 4807 2222 4874 quod
2258 4806 2346 4858 hic
2373 4803 2882 4876 deambitiosisait.
2912 4800 3162 4876 ‘Utuenim
3197 4800 3326 4876 nihil
3355 4802 3526 4876 dicam
3568 4799 3629 4876 de

2085 4870 2349 4929 haereticis
2373 4874 2658 4941 episcopis,
2690 4873 2778 4940 qui
2817 4873 3098 4927 catholicis
3140 4871 3336 4941 passim
3389 4872 3456 4921 ab
3493 4870 3630 4941 Aria-

2087 4946 2170 4998 nis
2205 4940 2652 5010 subrogabantur,
2697 4953 2822 5014 tunc
2855 4945 3118 5014 etiioma:
3143 4940 3462 5014 ambitiosus
3492 4940 3630 5014 born-1

2093 5014 2320 5068 Ursinus
2347 5008 2633 5066 Damasum
2671 5012 2773 5066 sibi
2805 5011 3081 5082 praelatum
3114 5026 3217 5064 non
3262 5008 3445 5082 ferens
3473 5008 3632 5082 ponti-

2090 5085 2305 5138 ﬁcatum
2338 5083 2553 5148 invasit,
2586 5092 2639 5135 et
2671 5079 2970 5135 Antiochiae
2995 5080 3101 5134 duo
3131 5079 3298 5148 creati
3349 5089 3480 5148 sunt
3527 5079 3628 5143 epi-

2091 5155 2233 5222 scopi
2251 5153 2525 5222 Meletius.
2543 5167 2603 5204 ac
2631 5152 2906 5212 Paulinus,
2929 5158 3031 5222 duo
3055 5152 3234 5202 itidem
3251 5147 3633 5222 _Tyri._Alexan-

2091 5218 2220 5292 driae
2235 5237 2466 5292 quoque,
2485 5221 2891 5292 Hierosolymis,
2910 5229 2965 5272 et
2983 5218 3453 5292 Constantinopoli
3463 5218 3632 5292 omnia

2094 5287 2374 5346 ambitiosi
2404 5287 2769 5361 turbaverant.
2799 5308 2818 5341 ι
2847 5290 2948 5343 Sed
2984 5300 3038 5342 et
3066 5290 3118 5342 in
3151 5287 3632 5361 itiultis__aliis__ur«

2097 5362 2252 5416 hibus
2274 5361 2509 5417 Orientis
2541 5361 2620 5430 (ut
2651 5359 2828 5413 Ruﬁni
2861 5361 3038 5430 verbis
3071 5369 3193 5430 utar
3224 5372 3289 5430 ex
3318 5357 3416 5409 lib.
3435 5370 3487 5430 tt
3511 5352 3631 5407 Hist.

2094 5425 2605 5500 ecclesiasticucap.
2645 5430 2737 5493 2t,
2776 5428 3090 5498 desumptis)
3164 5425 3468 5493 huiusmodi
3524 5436 3634 5476 eon-

2096 5501 2354 5570 iusiones_
2368 5499 2646 5555 contentio
2672 5500 2852 5570 gen_uit
2883 5500 3242 5570 sacerdotum.
3270 5514 3289 5547 ι

2169 5571 2286 5643 (75)
2313 5568 2630 5643 Generatim.
2665 5564 2722 5643 lii
2747 5568 2956 5643 Graeco,
3005 5565 3217 5643 ὁλικῷς,
3263 5564 3407 5634 quod
3454 5565 3634 5643 fever:

2100 5633 2328 5695 bitim'in
2367 5640 2674 5709 vulgaribus
2711 5638 2898 5693 lexicis
2943 5637 3188 5709 exemplo
3231 5633 3636 5709 ca_re_t.__Citat_or

2106 5720 2309 5765 tantum
2349 5710 2402 5765 in
2454 5701 2589 5780 ipsis
2627 5707 2980 5768 Alexandrini
3026 5701 3363 5777 grammatici
3405 5701 3638 5773 Hes-genii
