3716 6308
397 281 500 338 775

1630 277 1857 333 Dll.‘YMl
1897 275 2364 333 ALEXANDRINI
3508 270 3602 329 πε

393 409 573 453 stones
604 396 772 467 ipsam
799 409 830 450 a
869 395 960 450 Dei
993 397 1266 451 consortio
1307 398 1541 463 abducit,
1583 415 1644 453 ac
1696 400 1936 452 deorsum

2125 415 2184 460 ις,
2225 399 2318 451 καὶ
2357 395 2654 464 καταφέρει
2702 392 2839 463 πρὸς
2883 391 2986 460 γῆν
3027 390 3120 443 καὶ
3158 389 3225 443 τά
3267 388 3394 457 γῆς,
3439 405 3599 458 οιμαι,

394 492 446 547 in
487 500 705 556 terram,
749 501 911 559 atque
943 491 997 545 in
1047 500 1310 555 terrenas,
1341 501 1397 545 ιιι
1436 502 1582 562 puto,
1635 491 1951 545 sollicitudi-

392 599 488 638 nes
520 585 687 653 ipsum
717 582 972 647 inclinat;
1021 593 1181 650 atque
1209 583 1280 636 ita
1322 583 1588 652 imperare
1625 595 1845 638 conatur
1876 585 1945 649 ei,

391 690 509 743 qua:
559 681 745 726 natura
774 670 1111 740 praestantior
1139 680 1242 739 est,
1286 680 1338 726 et
1387 681 1534 725 tanto
1577 673 1948 740 praestantior,

391 773 592 833 quanto
624 762 695 828 id,
731 762 870 832 quod
899 761 1198 815 immortale
1226 771 1329 822 est,
1363 763 1712 816 excellentius
1738 773 1821 817 est
1859 778 1946 828 eo,

391 854 532 923 quod
599 861 681 907 est
733 851 978 903 mortale.
1053 849 1388 904 Desiderium
1455 851 1670 920 insuper
1723 852 1950 921 propria:

394 945 559 1012 ipsius
597 941 870 1010 explenda:
903 939 1214 1003 voluntatis,
1261 951 1353 993 aut
1391 942 1731 1010 acquireudzn
1775 943 1946 1010 cogni-

394 1033 572 1094 tionis,
608 1031 730 1085 illuc
781 1046 898 1084 eam
935 1030 1115 1092 trahit,
1151 1045 1322 1099 eoque
1381 1033 1569 1096 tendit,
1611 1042 1667 1086 ut
1707 1033 1947 1101 quaedam

391 1125 528 1178 scire
557 1123 684 1176 velit
713 1142 726 1176 :
770 1122 863 1177 sed
907 1137 1028 1174 eum
1063 1130 1268 1174 rectum
1318 1137 1381 1175 ac
1428 1133 1598 1177 tutum
1631 1126 1730 1176 viae
1761 1123 1946 1176 ducto-

391 1233 503 1270 rem
547 1230 651 1269 non
696 1215 912 1275 habeat,
947 1222 1037 1266 aut
1074 1228 1360 1281 pravormu
1413 1213 1685 1267 hominum
1724 1228 1940 1268 consue-

394 1309 572 1360 tudine
601 1315 800 1366 utatur,
836 1305 1068 1368 aberrat,
1095 1314 1148 1356 et
1179 1318 1378 1373 anceps
1410 1303 1599 1366 haeret,
1637 1319 1700 1358 ac
1731 1304 1958 1358 tandem

393 1399 640 1466 adquam
699 1397 833 1452 forte
883 1395 1100 1463 appulsa
1137 1394 1294 1447 fuerit
1333 1395 1659 1463 Opinionem,
1687 1409 1804 1448 eam
1861 1394 1944 1448 in-

390 1490 728 1544 considerate
789 1487 1136 1556 amplectitur
1192 1506 1205 1541 :
1267 1499 1426 1556 atque
1484 1487 1556 1543 ita
1610 1501 1948 1557 summopere

391 1580 714 1634 miserabilis
749 1579 825 1644 iit,
857 1595 918 1632 ac
959 1579 1191 1643 misera;
1233 1579 1428 1648 quippe
1459 1594 1576 1648 qua:
1601 1580 1725 1633 dum
1750 1579 1943 1633 bonam

388 1671 745 1742 cognitionem
802 1679 1120 1737 aucupatur,
1157 1685 1384 1739 eamque
1441 1683 1499 1724 se
1553 1670 1821 1724 invenisse
1858 1685 1948 1738 pu-

2051 489 2455 560 φροντίσματαο
2500 488 2592 541 καὶ
2632 484 2771 539 οὕτω
2813 485 3177 555 κατακρατεῖν
3219 483 3487 551 ἐπιχειρεῖ
3518 481 3604 549 τῆς

2050 578 2207 647 φύσει
2247 578 2573 649 κρείττονος,
2625 575 2717 629 καὶ
2759 573 2996 642 τοσούτῳ
3041 571 3367 642 κρείττονος,
3405 571 3527 622 ὅσον
3550 570 3604 622 τὸ

2052 669 2316 721 ἀθάνατον
2359 669 2453 721 τοῦ
2501 667 2713 737 θνητοῦ.
2783 667 2847 717 Ἦ
2894 665 2951 718 δέ
2993 681 3057 733 γε
3105 665 3204 734 τῆς
3255 664 3389 726 ιδίας
3447 663 3602 732 αὐτῆς

2051 760 2434 831 προαιρέσεως,
2470 760 2503 829 ἢ
2536 757 2786 828 γνώσεως
2825 756 2985 809 πάλιν
3018 755 3302 826 ἐπιθυμία,
3343 756 3493 807 ἕλκει
3520 755 3603 823 μὲν

2050 855 2129 917 είς
2154 852 2213 906 τὸ
2239 853 2409 906 θέλειν
2430 853 2628 905 εἰδέναι
2650 868 2702 904 τι
2733 849 2924 920 αὐτὴν,
2949 849 3040 902 καὶ
3077 849 3167 901 ἐπὶ
3202 847 3360 901 τοῦτο
3386 847 3602 917 πορεύε-

2048 964 2159 1009 ται,
2189 945 2262 1017 μὴ
2295 945 2488 1015 ἔχουσα
2517 944 2575 997 δὲ
2613 943 2768 1014 ὀρθὸν
2793 945 2890 1007 τῆς
2920 941 3142 1012 πορείας
3175 941 3413 1008 ἀγωγὸν,
3514 957 3602 992 κα-

2050 1037 2161 1090 κῶν
2206 1035 2522 1108 χρησαμένη
2573 1034 2811 1105 ὁμιλίαις
2851 1031 3171 1102 ἀνθρώπων,
3216 1032 3485 1084 πλανᾶται
3526 1029 3608 1082 καὶ

2050 1130 2264 1199 ἀπορεῖ,
2307 1128 2402 1182 καὶ
2442 1127 2615 1190 τέλος,
2658 1128 2742 1196 ἐφ’
2780 1127 2846 1197 ἢν
2883 1123 3033 1195 τύχοι
3069 1123 3504 1194 προσορμήτασα
3536 1120 3607 1172 δό-

2052 1220 2167 1286 ξαν,
2202 1219 2425 1291 ἀμαθῶς
2460 1220 2661 1288 ταύτην
2701 1217 2944 1271 ἀνείλετο
2964 1235 2978 1248 '
3023 1217 3117 1268 καὶ
3141 1214 3281 1268 οὕτω
3306 1213 3370 1284 δὴ
3401 1213 3607 1280 γέγονεν

2049 1311 2290 1380 οίκτίστη
2320 1327 2378 1363 τε
2401 1311 2492 1362 καὶ
2521 1309 2697 1370 ἀθλία,
2723 1310 2779 1360 ἐν
2801 1307 3048 1376 γνώσεως
3069 1306 3276 1375 ἀγαθῆς
3302 1303 3510 1373 ὑποψία
3528 1302 3609 1356 καὶ

2050 1401 2174 1476 δόξῃ
2186 1401 2251 1471 θη
2259 1401 2539 1472 ρασαμένη
2553 1401 2856 1455 κακόνοιαν.
2868 1400 2985 1452 Ὀτι
3003 1399 3108 1468 γὰρ
3126 1398 3325 1460 πάντες
3343 1395 3441 1450 ἀνθ
3449 1412 3607 1465 ρωποι

2051 1493 2191 1546 κατά
2214 1491 2372 1561 φύσιν
2393 1491 2487 1545 τοῦ
2515 1490 2802 1559 γινώσκειν
2827 1488 3146 1561 ὀρεγόμεθα,
3169 1488 3318 1558 δηλοί
3341 1486 3520 1549 τοῦτο,
3546 1484 3610 1550 ὦς

2051 1600 2212 1652 φησιν
2269 1582 2671 1654 Ἀριστοτέλης,
2716 1581 2813 1634 καὶ
2876 1584 2909 1651 ἡ
2972 1580 3082 1633 τῶν
3136 1581 3446 1651 αἰσθήσεων
3500 1582 3608 1631 ἐπι-

2053 1675 2238 1746 θυμία,
2265 1675 2403 1745 πέρα
2431 1673 2528 1743 τῆς
2585 1673 2771 1744 χρείας
2790 1674 2936 1743 ἡμᾶς
2965 1673 3046 1741 ἐφ’
3087 1672 3279 1742 ἑαυτὴν
3320 1670 3609 1740 παραπέμο

393 1774 507 1825 tat,
564 1764 612 1815 in
676 1777 868 1831 pravas
943 1761 1184 1814 incidens
1253 1763 1546 1816 sententias
1606 1761 1936 1830 depravatur.

2125 1782 2243 1817 υσα.
2287 1764 2447 1836 Ὀρᾷν
2491 1761 2640 1831 γοῦν,
2670 1763 2704 1833 ἢ
2747 1765 2916 1814 ποιεῖν
2962 1761 3070 1814 ἔσθ’
3100 1762 3187 1814 ὅτε
3222 1759 3609 1830 ἐπιθυμοῦμεν,

388 1856 540 1924 Quod
596 1857 738 1910 enim
791 1868 889 1908 nos
963 1869 1152 1908 omnes
1235 1864 1429 1908 natura
1511 1854 1583 1908 ita
1654 1853 1944 1923 comparati

387 1949 599 2011 simus,
685 1955 742 2000 ut
842 1945 1119 1998 scientiam
1225 1955 1576 2014 appetamus,
1666 1946 1944 2011 ostendit,

393 2050 452 2096 ut
507 2040 682 2108 inquit
755 2039 1073 2093 Aristoteles
1138 2038 1290 2109 (80),
1355 2039 1513 2092 etiarn
1592 2038 1752 2109 315
1823 2053 1947 2094 sen-

388 2147 544 2187 suum
611 2130 971 2192 desiderium,
1016 2130 1159 2198 quod
1218 2130 1361 2183 nulla
1419 2139 1640 2198 urgente
1712 2129 1948 2186 necessi-

389 2233 498 2278 tate
535 2223 600 2276 ad
637 2236 696 2276 se
741 2208 913 2290 ipsum
973 2237 1072 2274 nos
1127 2219 1366 2273 attrahit.
1405 2219 1586 2288 Itaque
1631 2219 1812 2273 videre
1854 2219 1950 2273 ali-

389 2317 538 2386 quid,
569 2323 662 2368 aut
721 2328 880 2385 agere
931 2311 1222 2382 aliquando
1281 2321 1549 2379 optamus,
1581 2311 1678 2364 etsi
1731 2311 1950 2365 omnino

390 2405 756 2462 necessarium
811 2418 916 2458 non
977 2405 1086 2467 sit,
1136 2403 1228 2456 sed
1274 2401 1452 2469 potius
1531 2403 1751 2455 noxium
1809 2400 1949 2468 quod

389 2497 743 2567 conspicitur,
787 2503 879 2548 aut
907 2492 1158 2549 el'lieitur.
1217 2492 1370 2559 Quod
1409 2501 1590 2546 autem
1632 2493 1746 2546 haec
1786 2493 1858 2545 ita
1892 2506 1952 2546 se

391 2591 590 2646 habere
625 2596 807 2657 aperte
833 2585 1217 2640 aliirmaverint
1257 2599 1424 2638 sacrae
1465 2583 1710 2646 Littera),
1769 2585 1952 2638 deela-

391 2693 512 2736 rant
542 2680 704 2734 divini
741 2679 1038 2746 scriptores
1073 2675 1212 2746 (81),
1243 2677 1331 2744 qui
1363 2677 1440 2729 sic
1478 2674 1642 2730 locuti
1689 2683 1834 2728 sunt.
1861 2673 1926 2728 1a

390 2775 557 2828 cobus
614 2773 828 2842 inclyta:
877 2771 1150 2824 memoriae
1181 2770 1262 2823 vir
1296 2785 1310 2821 :
1355 2787 1374 2819 ι
1414 2767 1531 2822 Νοιι
1586 2776 1668 2822 εει
1700 2766 1833 2838 (82),
1871 2767 1952 2820 in-

391 2868 528 2936 quit,
551 2865 813 2934 sapientia
847 2863 947 2917 ista
989 2862 1277 2915 desursum
1316 2859 1666 2922 descendens,
1700 2859 1795 2914 sed
1838 2868 1953 2914 ter-

392 2975 548 3023 rena,
584 2957 874 3020 animalis,
929 2954 1213 3009 diabolica.
1253 2973 1271 3006 ι
1330 2953 1394 3007 Ει
1456 2953 1636 3006 subdit
1695 2971 1708 3007 :
1752 2970 1771 3004 ι
1825 2953 1954 3019 Quae

390 3053 532 3107 enim
563 3049 672 3121 (85)
695 3048 975 3103 desursmn
1011 3054 1092 3098 est
1123 3046 1407 3114 sapientia,
1461 3045 1692 3112 primum
1725 3044 1939 3113 quidem

391 3157 523 3212 pura
554 3152 654 3204 est,
689 3137 907 3208 paciﬁca
949 3135 1059 3208 (84)
1091 3175 1104 3198 ,
1134 3151 1304 3205 aqua,
1343 3135 1551 3197 docilis,
1595 3134 1749 3204 plena
1787 3135 1951 3190 mise-

392 3233 622 3287 ricordia
662 3243 717 3286 et
762 3229 1025 3283 fructibus
1063 3243 1284 3298 operum
1324 3229 1586 3280 bonorum
1643 3227 1777 3294 (85),
1845 3242 1952 3280 non

391 3325 711 3394 dijudieans,
740 3320 1098 3375 simulationis
1126 3334 1337 3389 expers.
1369 3338 1387 3371 ι
1416 3319 1492 3371 Ae
1544 3330 1806 3388 prazterea
1847 3319 1946 3374 du-

391 3416 544 3483 plicis
573 3414 762 3466 aninue
786 3427 879 3466 eos
907 3411 1148 3464 homines
1177 3420 1349 3471 vocat,
1391 3411 1478 3477 qui
1513 3426 1572 3462 ru
1596 3411 1692 3472 les,
1735 3418 1788 3461 et
1833 3424 1955 3478 gre-

391 3506 524 3573 garii
565 3513 714 3567 sunt,
782 3517 882 3556 nec
904 3558 922 3576 ,
945 3501 1201 3554 mundam
1235 3500 1629 3568 cognitionem,
1663 3510 1754 3552 aut
1783 3502 1954 3556 stabi-

392 3597 497 3650 lem
526 3595 638 3668 (86)
669 3595 856 3648 anima:
892 3595 1208 3648 eleCtionem
1260 3592 1662 3661 propositumve
1700 3592 1899 3646 habent
1933 3631 1948 3656 ,

392 3692 516 3742 dum
550 3687 663 3740 hmo
699 3683 925 3738 scribit:
959 3703 976 3736 ι
1008 3683 1444 3753 ApprOpinquate
1470 3681 1579 3751 (87)
1613 3679 1744 3743 Deo,
1769 3691 1822 3735 et
1849 3696 1948 3749 ap-

389 3775 768 3848 propinquabit
801 3776 972 3840 vobis,
1021 3774 1310 3827 emundate
1346 3789 1556 3833 manus,
1616 3787 1648 3824 o
1704 3779 1951 3841 peccatu.

393 3885 500 3932 res,
524 3876 577 3921 et
602 3865 880 3936 puriﬁeate
915 3865 1098 3930 corda,
1155 3880 1188 3918 o
1219 3864 1460 3931 duplices
1493 3864 1693 3928 animo.
1743 3884 1760 3916 ι
1807 3867 1948 3931 Quin

394 4131 605 4201 dymus,
635 4132 757 4184 dum
791 4132 870 4185 sic
906 4131 1158 4200 loquitur,
1193 4131 1408 4199 respicit
1452 4132 1579 4185 illud
1637 4131 1770 4200 psal.
1803 4148 1952 4198 cm,

393 4217 535 4255 vers.
563 4201 596 4255 8
629 4219 642 4255 :
675 4220 693 4251 ι
731 4201 875 4255 ΕιΙιιε
899 4203 964 4254 de
997 4202 1240 4255 custodia
1273 4202 1506 4252 animum
1533 4217 1728 4264 meam,
1763 4221 1781 4252 ι
1809 4206 1944 4265 siw,

394 4281 454 4324 ut
490 4271 678 4339 legitur
695 4272 834 4339 apud
853 4269 1234 4339 Hieronymum
1272 4270 1365 4323 lib.
1395 4272 1515 4323 adv.
1548 4271 1805 4323 Joannem
1830 4271 1954 4323 Hie-

392 4340 843 4410 rosolymitanum,
887 4356 1050 4410 num.
1079 4340 1129 4402 'l,
1153 4357 1186 4410 _¢
1210 4339 1354 4410 Educ
1381 4339 1446 4393 de
1476 4355 1690 4394 carcere
1717 4341 1948 4392 animum

2051 1855 2152 1908 κᾶν
2184 1855 2258 1925 μὴ
2293 1855 2430 1907 πάνυ
2459 1855 2773 1920 ἀναγκαῖον,
2798 1852 2933 1905 ἀλλά
2969 1853 3063 1905 καὶ
3090 1852 3378 1914 ἐπιϐλαϐές
3411 1852 3473 1903 τὸ
3495 1850 3615 1921 δρώ-

2054 1966 2233 2018 μενον,
2270 1947 2303 2018 ἢ
2353 1947 2718 2018 πραττόμενον
2837 1948 2956 1999 Ὀτι
2981 1947 3037 1998 δὲ
3070 1946 3240 2000 ταῦτα
3271 1945 3448 2008 οὕτως
3480 1944 3614 1997 ἄντι-

2051 2057 2186 2110 κρυς
2233 2039 2467 2108 εἴρηται,
2490 2039 2598 2091 τῶν
2653 2037 2812 2093 θείων
2857 2039 3134 2108 Γραφείων
3164 2037 3522 2106 διασαφοῦσιν
3571 2037 3613 2089 οί

2051 2130 2378 2196 ἀξιώσαντες
2399 2133 2570 2184 εἰπεῖν
2609 2131 2849 2184 τοιῶσδε’
2899 2132 3150 2194 Ἰάκωϐος
3181 2134 3209 2184 ὁ
3240 2131 3339 2199 τῆς
3369 2128 3613 2190 εὐκλεοῦς

2055 2225 2291 2294 μνήμης·
2331 2239 2350 2272 ι
2387 2223 2499 2276 Οὐκ
2545 2222 2690 2275 ἔστιν
2736 2224 2768 2293 ἡ
2825 2224 2985 2292 σοφία
3017 2223 3151 2293 αὕτη
3191 2223 3395 2276 ἀνωθεν
3425 2239 3613 2290 κατερ-

2052 2314 2275 2384 χομένη,
2290 2312 2400 2366 ἀλλ’
2413 2314 2670 2381 ἐπίγειος,
2687 2313 2907 2384 ψυχικὴ,
2925 2313 3294 2384 δαιμονιώδης.
3309 2312 3614 2380 »Ἑπιφέρει

2054 2422 2134 2458 τε·
2173 2423 2190 2456 ι
2234 2405 2300 2456 Ἦ
2333 2405 2440 2475 γὰρ
2468 2405 2671 2458 ἀνωθεν
2721 2405 2903 2474 σοφία,
2929 2405 3140 2476 πρῶτον
3177 2405 3270 2476 μὲν
3289 2402 3436 2474 ἁγνή
3461 2404 3614 2460 ἐστιν,

2054 2495 2322 2567 εἰρηνικὴ,
2362 2494 2631 2564 ἐπιεικὴς,
2669 2495 2793 2566 [HG
2829 2493 2880 2566 li]
2914 2495 3186 2564 εὐπειθὴς,
3235 2497 3408 2564 μεστὴ
3448 2491 3617 2552 ἐλέους

2055 2588 2148 2639 καὶ
2181 2585 2406 2656 καρπῶν
2439 2585 2615 2658 ἔργων
2670 2586 2907 2656 ἀγαθῶν,
2959 2586 3290 2657 ἀδιάκριτος,
3326 2583 3617 2652 ἀνυπόκριο

2052 2693 2162 2740 τος.
2183 2695 2202 2728 ι
2225 2677 2335 2730 Καὶ
2363 2676 2445 2729 ἔτι
2477 2677 2728 2747 διψύχους
2754 2677 3149 2748 προσαγορεύει
3165 2678 3288 2738 τοὺς
3315 2675 3616 2742 ἀγελαίους,

2055 2770 2149 2822 καὶ
2180 2770 2239 2822 ού
2281 2769 2524 2840 καθαρὰν
2567 2770 2766 2838 γνῶσιν
2821 2771 2915 2822 καὶ
2945 2768 3210 2838 σταθερὰν
3236 2768 3417 2838 ψυχῆς
3454 2765 3622 2836 προαί-

2058 2879 2208 2930 ρεσιν
2233 2861 2454 2932 ἔχοντας
2481 2861 2925 2932 τῶνάνθρώπων,
2957 2862 3178 2930 φάσκων
3205 2858 3404 2913 τοιάδε’
3445 2878 3464 2909 ι
3508 2859 3620 2924 Ἐγ-

2055 2953 2247 3020 γίσατε
2281 2952 2359 3023 τῷ
2389 2953 2528 3022 Θεῷ,
2558 2954 2650 3006 καὶ
2672 2955 2847 3021 ὲγγιεῖ
2871 2955 3015 3023 ὑμῖν·
3057 2953 3388 3023 καθαρίσατε
3420 2954 3619 3021 χεῖρας,

2055 3044 2388 3114 ἁμαρτωλοὶ,
2448 3047 2539 3098 καὶ
2559 3045 2810 3112 ἁγνίσατε
2845 3045 3088 3116 καρδίας,
3130 3045 3358 3114 δίψυχοι.
3404 3064 3424 3094 ι
3474 3043 3624 3096 ’Δλλά

2054 3134 2148 3187 καὶ
2178 3135 2311 3204 πρὸς
2343 3135 2467 3197 τοὺς
2498 3135 2856 3206 μισοπόνηρον
2880 3135 3037 3204 ζῆλον
3063 3136 3239 3206 ψυχῆς
3257 3137 3508 3206 ἔχοντας,
3538 3134 3625 3187 καὶ

2054 3227 2383 3296 νικηφόρους
2417 3227 2578 3290 ὄντας
2625 3229 2843 3297 ἀρετῆς,
2871 3227 2963 3290 οὓς
2983 3229 3041 3280 οὐ
3079 3228 3358 3297 διαφεύγει
3393 3227 3511 3281 τῶν
3552 3245 3624 3279 τι-

2059 3318 2194 3388 μίων
2223 3318 2345 3370 οὐδὲ
2371 3318 2448 3382 ἓν,
2481 3319 2802 3386 διαλέγεται,
2825 3319 2963 3371 ὥστε
2993 3320 3194 3390 εἴργειν
3221 3319 3328 3372 τῶν
3359 3319 3436 3388 μὴ
3457 3318 3625 3371 τοιού-

2053 3427 2161 3462 των
2197 3409 2496 3481 ἀνθρώπων
2539 3412 2600 3462 τὸ
2648 3411 2963 3474 ἀκόλαστον,
3011 3415 3102 3465 κα)⁵
3151 3413 3492 3483 μεταδιδόναι
3542 3413 3628 3463 καὶ

2056 3501 2253 3564 ἄλλοις,
2306 3495 2559 3554 ὧναύτοὶ
2607 3501 2818 3572 ἔχουσιν
2865 3503 3102 3570 ἀγαθῶν,
3155 3506 3393 3574 ῥήμασιν
3424 3506 3624 3563 αὐτοῖς·

2064 3610 2081 3642 ι
2131 3593 2408 3662 Ἂδελφοὶ,
2457 3594 2550 3646 ὲάν
2607 3613 2690 3658 τις
2735 3597 2864 3666 παρ’
2925 3597 3052 3665 ὑμῖν
3098 3595 3340 3664 πλανηθῇ
3383 3595 3497 3646 ἀπο
3537 3593 3629 3660 τῆς

2057 3683 2330 3756 ἀληθείας,
2350 3687 2441 3737 καὶ
2461 3687 2760 3758 ἐπιστρέψῃ
2791 3703 2874 3750 τις
2899 3686 3080 3747 αὐτὸν,
3117 3685 3460 3754 γινωσκέτω,
3495 3686 3574 3736 ὃτι
3605 3684 3630 3734 ό

2057 3775 2382 3848 ἐπιστρέφας
2395 3779 2711 3849 ἁμαρτωλὸν
2729 3781 2791 3832 ἐκ
2803 3778 3006 3848 πλάνης
3017 3777 3134 3832 ὁδοῦ
3151 3775 3336 3840 αὑτοῦ,
3361 3778 3527 3829 σώσει
3538 3777 3631 3845 ψδα

2057 3869 2156 3938 χὴν
2184 3870 2346 3922 αὐτοῦ
2360 3873 2424 3923 ἐκ
2445 3870 2695 3935 θανάτου,
2720 3871 2812 3924 καὶ
2833 3869 3061 3938 καλύψει
3075 3868 3272 3937 πλῆθος
3289 3867 3595 3937 ἀμαρτιιέιν.
3609 3884 3624 3915 ι

2132 4134 2242 4204 (81)
2276 4133 2480 4204 -Ιὶῑυίηἱν
2517 4137 2816 4202 scriptores.
2866 4133 3066 4196 Codex,
3114 4133 3224 4186 τῶν
3263 4132 3426 4204 θείων
3490 4132 3631 4204 Γρα-

2061 4203 2245 4271 φείων.
2276 4202 2577 4273 Legendum
2611 4207 2837 4258 fortasse
2859 4205 2965 4258 τῶν
2997 4204 3155 4256 θείων
3181 4203 3467 4273 γραφέων,
3515 4202 3629 4252 cum

2061 4289 2254 4344 ιιριιιεη
2289 4277 2546 4343 γραφεῖον
2588 4276 2828 4328 neutrius
2851 4275 3063 4344 generis
3102 4276 3192 4336 sit,
3223 4274 3449 4344 verbum
3490 4286 3629 4344 *νει-ο

2059 4341 2388 4406 ἀξιώσαντες
2413 4341 2688 4398 masculini
2726 4362 2738 4396 :
2770 4360 2831 4397 ac
2856 4341 3110 4410 praeterea
3143 4357 3337 4396 nomen
3369 4341 3502 4392 illud
3531 4351 3634 4393 tero

393 4399 642 4482 ιιιεειῖιεξ
667 4399 840 4480 Lege,
855 4409 898 4464 si
924 4399 1125 4480 placet,
1145 4407 1202 4462 S.
1232 4409 1464 4463 Zenonis
1485 4410 1579 4464 lib.
1611 4426 1652 4476 ι,
1683 4419 1840 4464 tract.
1868 4413 1951 4474 16,
1987 4399 2031 4456 D
2061 4399 2147 4482 tife
2181 4399 2383 4480 partis'
2405 4413 2742 4467 Testamenti
2787 4399 2995 4466 Velleris
3029 4413 3300 4482 proprium
3356 4410 3627 4482 videatur,

432 4495 514 4533 a2.
550 4479 670 4533 1‘20.

393 4495 920 4619 Ρθῗέθῖἳὲίὶιιοιειεε.
959 4547 1197 4619 Primum
1226 4547 1701 4619 Metaphysicorum
1751 4546 1950 4619 librum

392 4616 769 4689 sic‘exorditur
802 4620 1144 4689 philosophus
1165 4617 1420 4689 Stagirita
1445 4616 1466 4670 7:
1497 4617 1704 4689 Πάντες
1741 4616 1951 4689 ἄνθρω-

393 4688 602 4760 ποιᾼτοῦ
632 4686 828 4760 εἰδέναι
856 4688 1148 4760 ὀρέγονται
1173 4686 1366 4756 φύσει·
1411 4690 1652 4760 σημεῖονῌ
1681 4687 1726 4740 δ’
1759 4689 1792 4758 ἡ
1843 4686 1951 4760 τῶν

393 4757 694 4829 αἰσθήσεων
725 4757 1022 4829 ἀγάπησις.
1054 4759 1186 4829 Καὶ-
1219 4759 1342 4829 γὰρ
1375 4759 1547 4828 χωρὶς
1583 4757 1689 4829 τῆς
1713 4757 1948 4829 ηχρείας,

391 4826 709 4898 ἀγαπῶνται
747 4829 815 4882 δι’
848 4826 1064 4890 ἑαυτὰς,
1106 4827 1198 4880 καὶ
1256 4826 1483 4898 μάλιστα
1539 4826 1652 4879 τῶν
1691 4826 1864 4880 ἄλλων
1916 4830 1948 4898 ἡ

390 4899 479 4951 διὰ
515 4897 622 4951 τῶν
651 4900 1045 4969 ὀμμάτωνηΟύ
1086 4898 1194 4968 γάρ
1257 4897 1415 4969 μόνον
1463 4897 1559 4969 ’ίνα⁸
1602 4897 1946 4969 πράττωμεν,

393 4969 528 5040 ἀλλά
564 4969 665 5040 καί
687 4966 861 5039 ’μηθὲν
901 4966 1182 5040 μέλλοντες
1204 4966 1575 5040 πράττεινγ,-τὸ
1603 4968 1743 5040 ὁρᾷν
1767 4966 1950 5040 αἱρού-

439 5039 534 5089 εθα
566 5036 954 5103 ἀντί’πίάντων,
988 5039 1062 5101 ώς
1089 5036 1279 5099 εἰπεῖν,
1314 5037 1420 5088 τῶν
1453 5036 1644 5090 ἄλλων.
1675 5036 1852 5090 Αἴτιον
1881 5037 1946 5095 δ’,

439 5055 534 5089 sua.
566 5055 683 5090 αντι
720 5055 954 5103 παντων,
988 5055 1062 5101 ως
1089 5055 1279 5099 ειπειν,
1314 5055 1420 5088 των
1453 5055 1644 5090 αλλων.
1675 5055 1852 5090 Λιτιον
1881 5055 1908 5090 ο
1931 5076 1946 5095 ,

393 5055 484 5180 ἔτι
504 5107 743 5180 μάλιστα
760 5111 904 5161 ποιεῖ
928 5107 1210 5180 γνωρίζειν
1237 5125 1288 5160 τι
1336 5108 1482 5176 ἡμᾶς
1527 5105 1664 5180 αὓτη
1713 5107 1819 5159 τῶν
1854 5109 1950 5180 μαί-

394 5177 660 5246 σθήσεων.
715 5179 843 5244 Qua:
872 5181 950 5232 sic
974 5177 1131 5232 vei-tit
1165 5178 1443 5231 Bessarmn
1472 5195 1483 5232 :
1555 5195 1573 5226 ι
1600 5177 1798 5231 Omnes
1853 5177 1948 5230 bo-

395 5249 568 5300 mines
609 5258 802 5301 natura
831 5248 968 5302 scire
995 5249 1320 5301 desiderant.
1368 5249 1588 5314 Signum
1637 5257 1816 5300 autem
1866 5257 1950 5300 est

350 5326 646 5369 “sensuum
675 5318 928 5371 dilectio:
964 5333 1084 5370 nam
1116 5326 1171 5368 et
1213 5315 1416 5385 absque
1464 5332 1560 5370 usu
1628 5327 1847 5383 propter
1891 5332 1949 5370 se

393 5387 540 5454 ipsos
564 5396 836 5440 amantur.
865 5385 982 5441 Pra:
1013 5386 1221 5439 caeteris
1245 5398 1443 5448 autem,
1473 5386 1562 5454 qui
1610 5401 1702 5454 per
1762 5385 1948 5440 oculos

395 5457 492 5510 ﬁt:
533 5470 638 5526 nou
669 5458 811 5511 enim
841 5466 898 5509 ut
924 5470 1143 5526 agamus
1171 5457 1366 5526 solum,
1421 5471 1606 5526 verum
1659 5455 1821 5526 etiam
1877 5455 1950 5508 nil

391 5525 587 5596 acturi,
618 5526 790 5596 ipsum
820 5525 1003 5581 videre
1039 5538 1149 5592 prae
1199 5525 1453 5596 omnibus
1491 5525 1620 5596 aliis
1659 5525 1945 5596 eligimus.

395 5595 566 5650 Causa
619 5594 796 5650 autem
839 5605 942 5660 est,
973 5596 1114 5665 quod
1141 5607 1394 5665 sensuum
1443 5595 1531 5650 bic
1589 5594 1672 5651 vel
1719 5596 1950 5650 maxime

399 5681 498 5722 nos
520 5680 842 5737 cognoscere
876 5668 965 5736 qui
981 5664 1164 5734 {quam
1190 5664 1365 5718 facim

2057 4481 2230 4550 cujus,
2279 4491 2337 4535 ul.
2382 4483 2712 4552 Epiphanius
2761 4483 2951 4536 lueresi
2991 4480 3139 4547 XXIX,
3198 4495 3317 4552 cap.
3363 4480 3418 4543 7,
3467 4489 3633 4552 testa-

2059 4548 2167 4614 tnr,
2204 4561 2315 4605 tres
2347 4548 2462 4605 ista:
2484 4548 2927 4606 'numerabantur
2949 4564 3148 4619 partes,
3188 4549 3374 4619 νόμος,
3419 4548 3631 4617 προψῆ-

2054 4637 2163 4681 ται,
2188 4631 2241 4742 ft
2270 4625 2526 4691 γραφεῖα,
2573 4623 2622 4675 id
2653 4633 2730 4676 est
2791 4641 2810 4672 ι
2851 4623 2959 4684 lex,
3006 4621 3299 4690 prophetae,
3355 4631 3412 4672 et
3447 4619 3633 4688 lngio-

2054 4707 2181 4742 Erilli
2207 4706 2275 4742 Ia.
2310 4711 2329 4742 ι

2053 4706 2329 4760 ειειιιιε.)

2124 4760 2236 4828 (82)
2270 4759 2389 4816 Νοη
2415 4771 2512 4816 est.
2543 4761 2710 4828 Epist.
2731 4759 2916 4814 Jacob.
2947 4774 3033 4821 ιιι,
3068 4759 3156 4828 15,

2125 4825 2234 4900 (85)
2251 4830 2392 4900 Qua:
2417 4825 2794 4884 ειιὶηιίΙὺὶιΙειιι
2830 4828 3082 4900 versa”.
3117 4827 3302 4882 Grazca
3331 4826 3504 4900 editio
3536 4825 3631 4874 ha-

2056 4897 2144 4952 bet
2173 4917 2185 4952 :
2218 4897 2289 4953 Ἢ
2319 4901 2375 4955 δὲ
2422 4900 2647 4965 ἀνωθεν,
2693 4902 2744 4954 id
2791 4912 2874 4955 εει
2903 4917 2920 4949 ι
2953 4898 3081 4963 Quae
3119 4909 3296 4951 autem
3337 4897 3623 4948 desursum

2053 4979 2154 5022 Cal.
2195 4988 2212 5020 ι

2123 5039 2236 5112 (84)
2269 5038 2719 5112 Paci/Semiliblia
2763 5040 2980 5103 habent,
3009 5038 3202 5091 ἔπειτα
3240 5032 3520 5105 εἰρηνική,
3581 5033 3628 5084 id

2052 5119 2133 5162 εει
2166 5127 2184 5159 ι
2216 5111 2410 5163 deinde
2434 5111 2680 5177 pacilica.
2714 5128 2731 5160 ι

2123 5179 2232 5252 (85)
2267 5175 2548 5252 Fructibus
2580 5195 2791 5252 operum
2815 5177 3088 5231 bonorum.
3127 5176 3311 5252 Graeca
3339 5175 3511 5227 editio
3540 5187 3632 5225 ca-

2053 5249 2318 5320 ῗβίὝόεΘν
2358 5249 2553 5320 ἔργων,
2581 5249 2640 5320 rid
2674 5259 2753 5301 est
2792 5266 2811 5299 ι
2841 5262 3083 5320 operum.
3125 5266 3142 5299 ι
3185 5249 3355 5320 Quam
3372 5257 3634 5320 Δειιιιιᾷιιε

2052 5317 2312 5441 lVulgatus
2341 5312 2555 5388 quidem
2579 5319 2843 5386 interpres
2871 5312 3083 5386 legerit,
3103 5318 3286 5381 vertit,
3314 5334 3332 5366 ι
3368 5312 3634 5367 fructibus

2072 5404 2225 5441 )OIIIS.
2257 5407 2276 5439 ι

2072 5404 2225 5441 lOIIla‘.
2257 5407 2276 5439 ι

2125 5458 2235 5528 (86)
2287 5457 2562 5522 Stabilem,
2616 5454 2948 5528 etc.7Simili
3001 5454 3114 5528 fere
3166 5453 3325 5508 modo
3373 5450 3636 5528 διψύχους

2052 5524 2427 5597 interpretatur
2454 5528 2705 5582 Clemens
2749 5527 2799 5579 in
2854 5528 3028 5593 primo
3061 5524 3383 5597 Str-annuum
3413 5538 3485 5577 ex
3524 5524 3633 5574 Pu-

2051 5595 2214 5651 storis
2253 5597 2410 5661 libro,
2445 5600 2494 5651 id
2517 5606 2598 5652 est
2629 5614 2649 5648 ι
2687 5598 2967 5660 ancipites,
3002 5611 3066 5649 ac
3100 5595 3308 5648 dubios.
3357 5611 3375 5643 ι

2128 5669 2237 5740 (87)
2262 5667 2706 5738 Αρρτομξηᾳιιαιι.
2728 5668 2896 5736 Epist.
2914 5665 3098 5721 Jacob.
3122 5679 3194 5730 tv,
3217 5663 3274 5719 8.
