3716 6322
128 365 202 424 771
1115 362 1204 417 DE
1243 362 1622 423 TRINITATE
1661 367 1865 424 LIBER
1904 344 2224 427 TERTIUS.

3217 382 3322 445 778

126 481 249 538 οὐδὲν
274 478 321 533 δὲ
370 471 520 549 ἦττον
548 479 642 531 καὶ
677 478 882 551 Πέτρος
907 479 1195 547 διδάσκων,
1219 484 1382 539 πόθεν
1412 486 1606 561 ἀπαθὴ.

1757 493 1898 548 etiam
1923 509 2041 559 eos,
2074 510 2305 566 quorum
2334 497 2514 553 anima
2544 496 2661 555 zelo
2692 501 2910 561 incensa
2952 505 3157 563 malum
3179 509 3315 570 odit.

124 571 389 645 τυγχάνουσα
418 569 584 642 ψυχὴ,
641 571 829 625 παθῶν
879 572 1164 639 ἀνάπλεώς
1207 593 1339 630 ποτε
1392 577 1629 647 γίνεται,

122 665 395 737 ἐπιστρέφων
446 662 503 715 δὲ
541 665 622 728 είς
649 663 711 718 τὸ
747 666 1106 738 μνημονεύειν
1137 668 1237 739 τῆς
1275 670 1629 739 ἀποϐιώσεως

121 760 254 833 ἡμῶν,
300 757 541 829 ἔγραφεν·
606 777 626 809 ι
687 758 982 831 Ἀπέχεσθε
1025 760 1134 815 ἀπὸ
1180 762 1319 817 τῶν-
1349 768 1627 838 σαρκικῶν

120 848 373 920 ἐπιθυμιῶν,
398 849 593 914 αἵτινες
634 851 1018 922 στρατεύονται
1069 853 1213 909 κατὰ
1244 855 1344 927 τῆς
1369 856 1563 931 ψυχῆς.
1604 877 1624 912 ι

118 942 197 995 Καὶ
218 937 431 1010 Σολομὼν
462 938 519 992 δὲ
562 942 592 995 ὁ
646 941 741 995 τοῦ
795 943 961 996 Δαυῖδ
1012 962 1197 1016 φησιν·
1236 963 1254 995 ι
1294 947 1504 1020 Ὥσπερ
1530 949 1627 1021 οὐχ

116 1036 233 1101 ὅμοια
259 1032 498 1104 πρόσωπα
528 1031 853 1105 ἀνθρώπων,
873 1034 1045 1101 οὕτως
1074 1037 1193 1091 οὐδὲ
1211 1040 1264 1091 αί
1286 1040 1504 1111 καρδίαι
1519 1041 1628 1095 τῶν

115 1124 351 1197 ἀνθρώπων
397 1128 516 1189 ταῖς
555 1125 805 1199 καρδίαις
859 1129 1065 1200 ὅμοιαι.
1103 1149 1121 1181 ι
1173 1130 1398 1185 ’Ύπεισι
1439 1133 1496 1187 δέ
1561 1151 1627 1205 με

113 1222 180 1274 καὶ
206 1223 258 1273 ἐκ
282 1219 374 1273 τῶν
396 1221 489 1274 τοῦ
531 1220 769 1292 μεγάλου
804 1222 1114 1295 ἁθληφόρου
1182 1225 1418 1292 Παύλου,
1484 1227 1625 1301 ἅπερ

112 1313 249 1383 τοιῷδε
272 1313 437 1384 τρόπῳ
468 1314 778 1387 ἁνείρηκεν·
817 1318 1100 1389 ιΨυχικὺς
1137 1320 1193 1374 δὲ
1246 1300 1530 1395 ἄνθρωπος
1566 1300 1625 1376 ού

111 1407 274 1475 δέχεται
296 1407 354 1459 τὰ
378 1405 468 1459 τοῦ
522 1409 836 1479 Πνεύματος
861 1410 954 1464 τοῦ
989 1411 1147 1465 Θεοῦ·
1189 1414 1315 1486 [146
1343 1415 1395 1487 b]
1444 1417 1625 1488 μωρία

110 1499 187 1569 γὰρ
210 1497 332 1567 αύτῷ
370 1500 536 1552 ἐστιν·
574 1520 593 1552 ι
632 1502 725 1555 καὶ
756 1502 939 1557 πάλιν·
980 1523 999 1557 ι
1055 1506 1110 1559 Ὀ
1133 1506 1191 1560 δὲ
1250 1508 1619 1579 πνευματικὸς

107 1589 327 1659 ἀνακρίνει
355 1589 449 1660 μὲν
482 1590 711 1657 πάντας.
747 1593 909 1659 αὐτὸς
932 1594 990 1648 δὲ
1030 1596 1121 1650 ὑπ’
1158 1597 1373 1663 οὐδενὸς
1396 1599 1624 1672 ἀνακρί-

104 1699 231 1733 νεῖαι.
261 1701 276 1734 δ

1737 589 1938 657 quique
1970 591 2023 645 in
2049 590 2268 646 virtutis
2297 607 2471 661 agone
2520 603 2796 651 certantes
2824 597 3058 668 palmam
3118 600 3317 656 retule-

1738 694 1885 746 runt,
1943 693 1992 737 et
2038 699 2178 752 quos
2238 684 2384 739 nulla
2432 686 2577 754 fugit
2624 703 2689 744 ex
2732 690 2896 746 rebus
2953 691 3318 748 aestimatione

1735 773 1947 843 dignis,
1983 775 2130 831 hisce
2157 775 2289 846 ipsis
2314 777 2496 832 verbis
2529 777 2824 850 alloquitur
2847 822 2863 848 ,
2904 793 2963 838 ut
3003 783 3309 848 hominum,

1734 869 1824 937 qui
1877 868 1957 925 eis
2022 869 2225 925 similes
2271 886 2377 924 non
2437 884 2587 941 sunt,
2656 874 3131 946 intemperantiam
3160 892 3318 933 coer-

1734 969 1927 1023 ceant,
1967 968 2021 1014 et
2044 960 2183 1015 alios
2219 961 2383 1016 etiam
2415 962 2682 1019 bonorum
2708 1005 2723 1030 ,
2771 981 2891 1035 quze
2943 966 3045 1037 ipsi
3091 967 3313 1031 habent.

1741 1050 2035 1120 participes
2073 1052 2274 1106 faciant
2310 1070 2322 1107 :
2362 1070 2380 1103 ι
2415 1052 2637 1109 Fratres
2659 1055 2773 1126 (88)
2796 1097 2811 1120 ,
2843 1057 3058 1127 inquit,
3116 1057 3160 1112 si
3192 1057 3316 1127 quis

1736 1143 1875 1212 apud
1904 1158 2001 1199 vos
2048 1145 2315 1199 erraverit
2359 1161 2389 1199 a
2440 1147 2692 1214 veritate,
2737 1156 2791 1203 et
2823 1150 3157 1204 converterit
3187 1150 3315 1220 quis

1734 1250 1880 1295 eum.
1930 1234 2087 1302 sciat,
2125 1237 2265 1303 quod
2316 1236 2410 1306 qui
2465 1242 2799 1293 converterit
2846 1250 3186 1310 peccatorem
3242 1240 3312 1295 ab

1734 1338 1919 1379 errore
1976 1323 2078 1378 viae
2132 1322 2272 1394 ejus,
2332 1326 2565 1398 salvahit
2606 1328 2841 1381 animam
2879 1328 3047 1397 ipsius
3102 1329 3214 1403 (89)
3277 1312 3309 1383 a

1734 1406 1907 1468 morte
1928 1455 1941 1476 ,
1968 1426 2020 1469 et
2049 1417 2261 1484 operiet
2295 1408 2704 1472 multitudinem
2740 1429 3107 1487 peccatorum.
3155 1439 3173 1472 ι
3213 1419 3311 1473 Pa-

1731 1507 1772 1560 ri
1812 1508 1971 1562 modo
2004 1506 2199 1561 Petrus
2248 1522 2463 1580 quoque
2506 1523 2603 1587 nos
2654 1508 2854 1564 docens
2879 1551 2895 1576 ,
2957 1526 3191 1582 quanam
3229 1528 3298 1566 ex

1736 1613 1897 1653 causa
1929 1599 2045 1670 (90)
2086 1598 2266 1653 anima
2300 1614 2421 1653 cum
2460 1599 2529 1653 sit
2563 1600 2911 1669 impassibilis
2937 1642 2953 1670 ,
2990 1603 3305 1672 passionum

1729 1700 1913 1769 tamen
1954 1691 2113 1761 plena
2155 1691 2445 1760 aliquando
2488 1691 2735 1758 exsistat,
2784 1703 2840 1747 et
2894 1709 2990 1762 per
3011 1696 3303 1766 quamdam

107 1777 227 1830 veluti
254 1778 625 1846 digressionem
656 1779 933 1835 interitum
970 1790 1212 1836 nostrum
1244 1782 1357 1854 (9|)
1383 1799 1836 1859 commemorans,
1870 1785 1984 1840 haec
2060 1786 2274 1855 scripsit
2304 1804 2316 1840 :
2355 1803 2373 1837 ι
2421 1786 2704 1841 Abstinete
2730 1785 2844 1858 (9:2)
2896 1782 2991 1843 ves
3038 1805 3068 1844 a
3105 1806 3300 1859 carna-

101 1867 204 1923 libus
236 1871 521 1938 desideriis,
552 1860 716 1945 316
763 1890 883 1945 quae
931 1876 1164 1930 militant
1200 1876 1461 1931 adversus
1491 1857 1748 1931 animam.
1774 1897 1791 1928 ι
1823 1876 2042 1931 Davidis
2106 1892 2233 1931 vero
2264 1877 2403 1931 (ilius
2468 1878 2724 1954 Salomon
2786 1857 2897 1934 ait:
2926 1898 2946 1932 ι
2981 1880 3134 1937 Sicut
3188 1857 3303 1954 (93)

100 1978 178 2017 nm
202 1974 309 2019 sunt
355 1965 557 2021 similes
590 1968 773 2022 vultus
824 1969 1144 2033 hominum,
1185 1970 1258 2024 ita
1299 1986 1400 2025 nec
1477 1970 1641 2025 corda
1685 1970 1968 2023 hominum
2001 1968 2257 2024 cordibus
2307 1970 2529 2025 similia.
2576 1988 2594 2022 ι
2649 1952 2726 2026 Ex
2796 1972 2881 2027 his
2945 1987 3073 2029 vero
3108 1952 3300 2045 etiam,

98 2075 186 2125 qua:
222 2072 423 2125 magnus
459 2059 856 2137 ,‘invictusque
886 2060 1091 2113 athleta
1123 2060 1319 2117 Paulus
1364 2061 1707 2129 conscripsit,
1746 2076 1805 2115 ea
1836 2060 1968 2114 mihi
2017 2061 2068 2114 in
2109 2071 2346 2115 mentem
2402 2062 2658 2129 veniunt,
2725 2078 2845 2132 qua:
2914 2065 2995 2137 sic
3055 2069 3305 2136 promuL

97 2152 239 2217 gavit:
283 2168 301 2200 ι
341 2134 604 2204 Δηίιὶῖθιίδ
645 2148 757 2221 (94)
823 2158 1003 2203 autem
1056 2149 1219 2205 homo
1260 2166 1367 2206 non
1426 2150 1617 2219 recipit
1655 2163 1717 2203 ca
1744 2164 1860 2216 qua:
1887 2160 2011 2204 sunt
2035 2148 2271 2218 Spiritus
2292 2150 2426 2217 Dei;
2460 2151 2687 2206 stultitia
2717 2149 2861 2208 enim
2922 2134 3021 2226 ipsi
3056 2134 3298 2227 sunt“

95 2256 131 2296 et
158 2258 310 2296 rursus
340 2260 353 2297 :
390 2259 408 2293 ι
455 2239 731 2312 Spiritalis
782 2241 895 2313 (95)
926 2251 1105 2296 autem
1134 2242 1341 2313 jndicat
1385 2245 1605 2314 quidem
1638 2258 1849 2307 omnes,
1876 2243 1991 2310 ipse
2014 2258 2142 2297 vero
2166 2258 2193 2296 a
2231 2244 2446 2297 nemine
2478 2242 2811 2311 judicatur.)

153 2338 264 2389 Ἀλλ’
290 2339 416 2409 ὅπερ
454 2338 556 2409 μὲν
590 2338 795 2407 ἔλεγον,
839 2340 872 2409 ἡ
915 2338 1234 2410 προαίρεσις
1261 2338 1400 2410 αὕτη
1430 2339 1523 2393 καὶ
1554 2339 1606 2392 τὲ

1789 2338 1918 2400 Sed.
1963 2347 2019 2393 ut
2053 2338 2212 2392 modo
2260 2325 2538 2402 dicebam,
2578 2338 2768 2393 isthaec
2806 2338 2920 2411 (96)
2952 2340 3168 2409 quidem
3199 2357 3299 2397 vo-

92 2431 211 2499 σῶμα
238 2430 482 2493 πολλάκις
537 2429 822 2484 καθέλκειν
850 2431 941 2484 ἐπὶ
964 2433 1031 2484 τά
1061 2431 1207 2502 πάθη
1244 2432 1454 2501 πέφυκε
1515 2432 1614 2504 τὴν

91 2519 240 2591 ψυχήν·
267 2523 386 2574 ποτὲ
410 2523 467 2575 δὲ
499 2523 596 2576 καὶ
622 2516 983 2593 συνεισφέρει,
1004 2522 1142 2594 αὐτῇ
1183 2540 1325 2595 φημι
1356 2527 1421 2595 τῇ
1444 2524 1611 2595 ψυχῇ,

90 2614 222 2681 ἀγαθὰ
242 2616 330 2668 οὐκ
357 2614 535 2682 ὀλίγα·
581 2613 641 2667 τὸ
671 2614 769 2685 μὲν
816 2613 994 2685 σῶμα,
1039 2616 1140 2689 τὴν
1171 2617 1282 2670 τῶν
1339 2615 1613 2688 αἰσθητῶν

90 2705 242 2772 γνῶσιν
267 2706 354 2758 καὶ
390 2707 491 2776 τὴν
539 2706 703 2778 ἀλλην
732 2708 1057 2779 ὑπηρεσίαν·
1112 2710 1146 2779 ἡ
1197 2710 1255 2763 δὲ
1293 2710 1613 2782 προαίρεσις

88 2797 229 2865 αὐτῆς,
276 2796 367 2867 τὴν
392 2798 503 2851 ἀπὸ
522 2798 620 2868 τῆς
641 2798 927 2863 εὐϐουλίας
956 2801 1050 2853 καὶ
1086 2799 1395 2872 ὁρθοδοξίας
1433 2818 1611 2871 μακα-

88 2889 278 2958 ριότητα·
306 2889 491 2961 ῶσπερ
525 2890 686 2943 πάλιν
736 2890 961 2963 ἡψυχὴ,
992 2893 1120 2945 ὅταν
1142 2888 1201 2945 εὖ
1233 2893 1299 2963 ζῇ
1336 2893 1474 2962 μετὰ
1508 2891 1612 2945 σώ-

85 2999 228 3048 μιτκ,
255 2983 338 3035 καὶ
362 2986 705 3054 κατακρατῇ,
735 2984 829 3035 καὶ
864 2984 999 3056 πρὸς
1024 2984 1157 3038 Θεὸν
1190 2985 1605 3057 ὲπιστρέφηται,

83 3075 147 3125 καὶ
164 3075 255 3128 τῶν
288 3075 447 3129 αὑτοῦ
485 3076 789 3147 πληροῦται
818 3078 1081 3145 νοήσεων,
1116 3076 1336 3132 πλείονα
1374 3079 1470 3132 καὶ
1516 3096 1607 3131 σε-

80 3167 267 3240 μνότερα
296 3169 530 3224 δίδωσιν.
585 3170 658 3222 Τὸ
702 3170 800 3241 μὲν
838 3170 946 3240 γὰρ
978 3171 1187 3241 γήινον.
1236 3172 1448 3236 ἀπαθὲς
1495 3168 1608 3226 οἷον

78 3260 343 3326 ἀποφαίνειν
383 3260 697 3325 σπουδάζει,
735 3261 1016 3332 κοσμοῦσα
1072 3264 1203 3317 αὐτὸ
1256 3264 1461 3337 ἱδρῶτι,
1511 3268 1607 3320 καὶ

77 3353 307 3424 καρτερίαι,
342 3354 435 3407 καὶ
477 3356 645 3407 πᾶσιν
667 3356 779 3417 τοῖς
821 3354 880 3418 ἑξ
910 3354 1114 3427 ἀρετῆς
1138 3355 1342 3420 πόνοις,
1373 3358 1466 3410 καὶ
1493 3358 1605 3412 δια-

76 3441 359 3507 κνϐερνῶσα,
394 3443 493 3495 καὶ
538 3442 626 3496 διὰ
652 3443 752 3513 τῆς
787 3443 896 3496 τῶν
932 3442 1201 3511 ἀλγεινῶν
1238 3445 1454 3515 πείρας,
1512 3446 1605 3500 ἐπὶ

76 3530 137 3599 ti}!
184 3531 391 3604 θεοσεύῆ
418 3533 567 3605 ζωὴν
606 3533 984 3603 ἀνεγείρουσα·
1015 3534 1114 3606 τὴν
1153 3533 1211 3587 δὲ
1245 3534 1380 3588 ίδίαν
1410 3538 1604 3607 προαί-

79 3634 204 3684 ρεσιν,
234 3626 320 3677 καὶ
356 3625 458 3695 τὴν
488 3624 694 3689 πίστιν,
730 3624 1028 3679 ἄπταιστον
1049 3626 1355 3698 διακρατεί,
1393 3629 1487 3681 καὶ
1507 3628 1598 3681 τὸν

1716 2428 1859 2484 lendi
1884 2428 2225 2498 eligendique
2262 2426 2495 2482 facultas
2521 2435 2576 2482 et
2604 2441 2824 2499 corpus,
2862 2424 3005 2496 saepe
3059 2422 3297 2505 animam

1714 2535 1932 2591 quoque
1970 2519 2224 2575 deorsum
2280 2517 2534 2581 trahere,
2575 2525 2628 2572 et
2685 2518 2752 2572 ad
2803 2514 3083 2587 passiOnes
3134 2519 3292 2573 incli-

1714 2625 1845 2666 nare
1893 2615 2326 2675 consueverunt;
2389 2607 2678 2677 aliquando
2718 2615 2896 2663 tamen
2941 2610 3104 2664 etiam
3158 2610 3298 2666 bona

1714 2703 2008 2772 important
2042 2700 2142 2770 ipsi
2191 2700 2384 2753 anima:
2416 2712 2526 2753 non
2562 2697 2886 2766 mediocria;
2933 2694 3127 2770 nempe
3167 2716 3293 2757 cor-

1710 2806 1811 2860 pus
1834 2790 2077 2860 quidem,
2128 2778 2410 2844 sensilium
2442 2786 2832 2857 cognitionem,
2874 2786 2929 2843 et
2965 2789 3132 2863 alium
3165 2805 3285 2865 om:

1710 2899 1833 2938 nem
1880 2866 2232 2946 famulatum,
2282 2895 2442 2950 quem
2486 2890 2706 2949 prazstat
2745 2880 2987 2947 animre;
3052 2881 3291 2952 eligendi

1710 2990 1840 3030 vero
1868 2973 2133 3039 facultas,
2184 2987 2304 3043 qua:
2336 2972 2435 3044 ipsi
2487 2970 2681 3028 animae
2743 2972 2923 3040 inest,
2980 2973 3291 3029 felicitatem

1711 3066 1857 3122 illam
1892 3107 1909 3133 ,
1969 3081 2086 3136 qua:
2119 3080 2184 3119 ex
2234 3079 2364 3119 sana
2431 3056 2819 3143 deliberatione
2896 3075 2951 3120 et
2987 3081 3053 3120 ex
3099 3067 3292 3121 ortho-

1712 3161 1871 3215 doxia
1907 3160 2205 3215 derivatur.
2235 3160 2313 3215 Ac
2342 3156 2597 3214 vicissim
2626 3156 2805 3213 anima
2854 3157 2903 3213 si
2944 3167 3091 3213 recte
3144 3159 3293 3213 vixe-

1708 3254 1779 3308 rit
1810 3268 1932 3308 cum
1965 3267 2217 3322 corpore.
2250 3260 2306 3308 et
2338 3251 2464 3306 illud
2496 3249 2597 3304 sibi
2620 3250 3023 3320 obtemperans,
3057 3264 3121 3304 ac
3150 3251 3290 3304 sub-

1700 3346 1909 3418 jectum
1950 3355 2153 3411 teneat,
2192 3353 2246 3400 et
2276 3346 2342 3399 ad
2369 3330 2539 3399 Deum
2579 3352 2945 3408 convertatur,
2991 3352 3045 3398 et
3077 3343 3167 3397 Dei
3206 3359 3293 3401 co-

1706 3437 2057 3506 gitationibus
2090 3437 2399 3507 impleatur,
2426 3435 2577 3505 plura
2615 3445 2669 3491 et
2698 3434 3007 3501 augustiora
3040 3439 3239 3505 prmbet
3270 3454 3285 3491 :

1706 3547 1828 3586 nam
1854 3532 1997 3601 quod
2050 3540 2321 3585 terrenum
2365 3539 2466 3593 est,
2501 3529 2551 3583 id
2598 3543 2660 3583 ea
2690 3528 2914 3583 reddere
2948 3526 3287 3583 nititur'vel-

1705 3624 1782 3678 uti
1829 3622 2101 3692 passionis
2146 3636 2364 3693 expers,
2404 3616 2601 3677 sudore
2630 3620 2759 3674 illud
2790 3634 2856 3674 ac
2886 3612 3201 3686 tolerantia,
3229 3631 3285 3677 et

78 3709 304 3782 ἄνθρωπον
340 3718 481 3789 ὑπὲρ
535 3716 823 3789 ἄνθρωπον
857 3720 1023 3784 ποιεῖ,
1060 3717 1245 3772 πίστει
1289 3718 1384 3772 καὶ
1427 3719 1604 3789 λόγοις

1757 3716 1984 3781 mnibus,
2036 3730 2174 3784 quos
2225 3714 2447 3768 virtutis
2478 3714 2638 3767 causa
2688 3712 2943 3778 sustinet,
3008 3713 3287 3769 laboribus

75 3802 285 3872 αὑτῆνεὶς
337 3810 398 3862 τὸ
435 3809 638 3880 σεμνὸν
696 3808 1124 3881 προϐιδάζουσα,
1171 3812 1267 3866 καὶ
1310 3812 1447 3883 πρὸς
1494 3815 1607 3866 ἱκε-

76 3895 278 3971 σεαυτῆς
308 3903 545 3974 Τριάδος
595 3905 859 3975 ῥέπουσα,
906 3906 1001 3983 κα)¹
1048 3904 1254 3977 τροφὴν
1307 3907 1603 3980 ποιουμένη

73 3988 141 4051 τὴν
163 3992 253 4044 ἀπὸ
293 3996 500 4049 τούτων
536 3995 825 4065 ὠφέλειαν.
855 3998 916 4049 El
940 3993 1050 4068 γὰρ
1066 3997 1364 4069 νομιοῦμεν
1401 3997 1601 4070 ψυχὴν,

34 4120 47 4139 .
76 4085 337 4145 κθπμειτθαι
364 4090 458 4143 καὶ
484 4088 785 4162 τρέφεσθαι
812 4089 912 4142 οὐκ
949 4089 1153 4155 ἄλλοις,
1209 4090 1377 4161 ἀλλ’ἢ
1422 4089 1603 4159 λόγοις

72 4168 138 4217 καὶ
160 4169 324 4222 πίστει
355 4180 622 4239 πέφυκεν.
674 4179 967 4251 Ἀνθρώπῳ
991 4179 1100 4253 γὰρ
1128 4181 1300 4252 τροφὴ
1332 4182 1520 4251 ἀμφων
1559 4181 1594 4252 ἦ

72 4259 175 4310 τεὲκ
193 4260 281 4329 τῆς
308 4263 610 4335 γεωργίαςδ
634 4273 669 4335 ἡ
710 4289 769 4324 τε
804 4273 868 4325 ὲκ
895 4273 1004 4325 τῶν
1036 4272 1209 4342 λόγων
1248 4273 1344 4328 καὶ
1377 4274 1475 4345 τῆς
1503 4273 1595 4326 πί-

72 4364 214 4413 στεως·
244 4352 351 4407 ἀλλ’
387 4356 420 4425 ή
455 4356 559 4425 μὲν
586 4358 646 4408 τὸ
673 4357 830 4429 σῶμα
854 4358 990 4415 εἷναί
1018 4381 1078 4417 τε
1103 4364 1196 4417 καὶ
1246 4364 1510 4436 ἀντέχειν,
1561 4367 1595 4436 ὴ

132 4446 225 4506 ταῖς
264 4446 461 4517 ψυχαῖς
516 4447 578 4501 τὸ
611 4449 814 4520 ἐτέρων
843 4454 1093 4524 προέχειν
1123 4455 1357 4520 δίδωσιν,
1399 4456 1597 4510 κα“ιδιά

70 4534 250 4601 πίστεως
281 4540 372 4592 καὶ
398 4540 580 4610 λόγων
604 4541 696 4595 καὶ
727 4544 760 4613 ἡ
793 4542 927 4615 ἄλλη
950 4545 1214 4617 σύμπασα
1239 4548 1600 4621 κατορθοῦται

71 4623 169 4696 ζωή.
202 4629 317 4700 [H7
340 4631 395 4705 α]
437 4636 636 4705 Φωρᾷν
681 4634 857 4688 ἔνεστι
894 4636 1063 4691 ταῦτα
1096 4638 1172 4709 μὴ
1204 4639 1379 4703 ἄλλως
1430 4640 1595 4711 ἔχειν,

66 4715 467 4795 ἐκπορευόμενον
488 4726 569 4797 τῷ
596 4726 692 4797 νῷ,
734 4727 810 4790 ὡς
866 4729 1063 4784 αὐτίκα
1091 4729 1169 4802 τῷ
1201 4731 1428 4802 τοιούτῳ
1471 4734 1596 4784 ἐπι-

66 4805 218 4879 λάμπει
258 4817 347 4869 καὶ
390 4820 648 4886 συνεργεῖ
682 4820 711 4871 ὁ
748 4818 1096 4891 ἐπιϐεϐηκὼς
1128 4825 1241 4886 τοῖς
1292 4823 1433 4887 ὅλοις
1463 4822 1595 4886 Υἱὸς

114 5031 200 5098 (88)
242 5035 477 5095 Fratres.
539 5040 654 5096 Jac.
718 5061 771 5108 v,

439 5114 608 5167 habet
639 5114 699 5168 ὲν
722 5116 871 5186 ὑμῖν,
896 5117 946 5172 id
972 5128 1057 5215 est
1082 5136 1101 5169 ι
1133 5119 1184 5172 in
1200 5118 1374 5181 vobis,
1400 5135 1420 5168 ι
1447 5116 1581 5177 sive,

221 5266 405 5347 Ipsius.
457 5273 618 5347 Deest
643 5276 758 5330 haec
784 5293 887 5331 vox
912 5278 964 5331 in
994 5278 1199 5333 Graecis
1221 5278 1433 5334 Bibliis.
1473 5278 1580 5334 Sed

61 5337 271 5420 mi‘lkgtl
298 5338 455 5411 Vulg.
481 5345 770 5414 interpres,
803 5356 859 5401 ut
890 5349 1168 5420 Didymus.

58 5418 197 5525 qm}
246 5427 483 5488 Quartam
551 5454 619 5491 ex
678 5456 828 5495 caua.
886 5418 1087 5507 Codex,
1140 5442 1327 5496 ποθέν.
1392 5443 1561 5497 Leno.

63 5487 197 5543 πόθεν.

34 5579 972 5673 ’Μὶίιθίλξὶηεεεξςιηηῃοιιιηξηικιῐλῑιπο
1002 5604 1223 5671 quoque
1258 5584 1332 5657 De
1376 5602 1469 5673 Sp.
1520 5602 1578 5658 S.

62 5655 273 5740 ῗυῘξΪζδθε
310 5674 328 5740 ἵ
360 5661 557 5740 “fervis
588 5661 872 5740 εθρίστιξιίρ,
894 5655 1253 5737 ῖικιιιῖι,νὶῙΙίοο
1278 5655 1581 5728 mortesibi

57 5730 232 5861 ἓξὲξ,
257 5730 512 5849 ἰιίωτίίεἰι
537 5745 646 5797 eos,
676 5731 766 5799 qui
800 5730 1216 5799 juxla’cai‘nem
1239 5745 1583 5811 gradiuntur,

144 5807 153 5817 '
202 5811 281 5850 tun

319 5891 590 5955 Pareat.
638 5892 755 5958 Gtt.
799 5896 1099 5962 XXXIX.-

1709 3821 2006 3873 exornans,
2037 3816 2090 3861 ct
2121 3808 2295 3875 ipsum
2355 3818 2551 3874 regens
2587 3819 2650 3859 ac
2715 3804 3027 3870 moderans,
3087 3814 3141 3859 ct
3192 3821 3288 3874 per

1712 3902 2087 3956 molestiarum
2121 3900 2475 3968 dolorumque
2496 3938 2511 3963 ,
2558 3913 2694 3970 quos
2726 3898 3033 3971 experitur,
3069 3915 3288 3971 perpes—

1704 3995 1937 4056 sionem,
1986 3993 2052 4045 ad
2086 3992 2395 4063 religiosam
2439 4006 2502 4045 ac
2542 3993 2682 4061 piam
2724 3992 2892 4044 vitam
2941 3990 3070 4045 illud
3132 3994 3283 4046 ext-i-

1706 4095 1847 4151 tans,
1889 4100 1954 4140 ac
2003 4085 2168 4139 veluti
2224 4100 2437 4139 sursum
2489 4085 2705 4154 erigens
2748 4102 2762 4139 :
2811 4083 3083 4155 propriam
3152 4098 3282 4138 vero

1704 4178 2037 4232 voluntatem
2080 4178 2182 4233 sibi
2236 4175 2533 4243 subjectum
2564 4185 2730 4240 tenet,
2768 4192 2834 4233 ac
2885 4176 3071 4252 ﬁdem,
3101 4186 3286 4233 servat

1708 4268 2073 4338 inculpatam,
2094 4279 2147 4322 et
2168 4268 2440 4322 hominem
2463 4284 2626 4337 supra
2642 4268 2911 4323 hominem
2937 4269 3137 4336 evehit,
3180 4271 3285 4325 lide

1704 4369 1759 4414 et
1786 4359 2050 4415 doctrinis
2083 4375 2205 4413 eum
2239 4362 2609 4414 venerandum
2643 4360 2876 4415 reddens
2899 4400 2915 4426 ,
2952 4369 3006 4414 et
3044 4363 3109 4415 ad
3144 4377 3275 4431 sup-

1704 4450 2012 4521 plicandum
2051 4451 2304 4505 Trinitati
2336 4467 2395 4506 se
2424 4450 2713 4519 inclinans,
2772 4462 2827 4506 et
2878 4452 3280 4522 adjumentnm,
3351 4484 3354 4487 λ

1699 4543 1839 4612 quod
1870 4559 1935 4599 ex
1984 4544 2135 4600 hisce
2185 4545 2349 4599 rebus
2402 4544 2654 4616 percipit,
2695 4560 2850 4599 suum
2884 4545 3046 4599 veluti
3099 4545 3279 4599 cibum

1698 4636 1943 4705 faciens;
1993 4654 2118 4692 nam
2157 4639 2204 4693 si
2236 4638 2472 4692 animam
2531 4647 2675 4692 recte
2724 4638 3098 4705 aestimemus;
3135 4638 3280 4692 nulla

1694 4730 1798 4785 alia
1833 4746 1892 4785 re
1937 4729 2120 4784 ornari
2177 4730 2290 4799 ipsa
2347 4745 2410 4784 ac
2449 4730 2643 4784 nutriri
2686 4739 2900 4800 potest,
2965 4745 3125 4798 quam
3184 4732 3280 4782 do-

1696 4824 1871 4880 ctrina
1901 4833 1953 4879 et
2001 4822 2108 4878 (ide
2133 4842 2146 4877 :
2173 4823 2379 4880 homini
2404 4823 2553 4879 enim
2585 4823 2743 4878 ambo
2777 4823 2890 4876 btec
2927 4823 3082 4877 cibus
3109 4833 3278 4886 sunt,

842 5046 907 5101 19
939 5055 993 5100 et
1040 5046 1130 5100 20.
1183 5045 1368 5101 Grzeca
1418 5043 1583 5099 editio
1625 5030 1669 5083 D
1770 5043 1880 5115 (92)
1909 5041 2400 5115 AbdsrineteJPetr.
2445 5056 2507 5103 ιι,
2544 5041 2630 5094 ll.
2664 5038 2832 5094 Biblia
2865 5038 3089 5095 Graeca:
3141 5040 3275 5094 Ἀπ-

1692 5112 1909 5185 ἐχεσθαι
1935 5113 2047 5166 τῶν
2074 5112 2373 5185 σαρκικῶν,
2391 5121 2496 5185 εις.
2527 5162 2555 5185 μ

1766 5187 1877 5255 (95)
1914 5186 2085 5239 Sicut.
2150 5176 2273 5237 llaec
2308 5184 2404 5255 ‘in_
2444 5176 2671 5255 Vulgata,
2705 5179 3075 5255 translatione
3108 5179 3275 5255 _Lati-

1692 5246 1899 5309 na‘nu'n
1939 5264 2174 5313 exstant.
2229 5251 2322 5306 sed
2367 5246 2569 5305 Graéca'
2589 5246 2754 5306 editio
2798 5268 2861 5305 ea
2896 5252 3054 5305 habet
3106 5250 3271 5305 Prov.

1691 5341 1862 5386 xxv",
1894 5323 1980 5388 19,
2012 5322 2630 5394 ιιὺὶνλιοείῑυτλεμὭᾳπερ
2672 5324 2771 5394 οὐχ
2793 5324 2953 5394 ὃμοια
2978 5393 2982 5394 ν
3004 5322 3273 5394 πρόσωπα

1684 5394 2034 5479 προσώποις,
2073 5391 2245 5458 οὕτως
2302 5392 2424 5446 οὐδὲ
2461 5392 2518 5444 αἱ
2559 5391 2779 5464 καρδίαι
2815 5391 2924 5448 τῶν
2962 5391 3273 5465 ἀνθρώπων

1681 5483 1882 5537 ομοιαι.

1753 5535 1865 5607 (94)
1893 5535 2173 5590 Animalia.
2210 5533 2369 5607 [Cor-
2396 5549 2456 5600 11,
2488 5534 2575 5590 H-
2782 5605 2806 5607 _
2932 5600 2933 5607 η
3033 5602 3064 5607 --
3098 5602 3110 5607 -
3226 5596 3231 5607 ι

1755 5602 1868 5675 (95)
1900 5606 2192 5674 Spiritalis.
2243 5605 2442 5659 Ibidem
2470 5621 2608 5659 vers.
2659 5604 2744 5659 15.
2768 5602 2955 5661 Grmca
2982 5602 3149 5658 editio
3170 5602 3269 5669 pro

1684 5676 1894 5739 πάντας
1928 5678 2088 5730 habet
2118 5675 2317 5743 πάντα,
2347 5675 2397 5728 id
2437 5685 2519 5731 est
2547 5694 2564 5727 ι
2596 5678 2799 5743 otnnia.
2843 5695 2862 5728 ι
3072 5736 3073 5743 η

1754 5746 1868 5817 (96)
1893 5746 2107 5801 Ιειίιωε.
2129 5744 2306 5817 Codex
2330 5747 2447 5801 sine
2475 5742 2666 5812 spiritu
2714 5757 2888 5817 atque
2903 5750 3147 5805 accentu,
3176 5757 3265 5797 αν-

1683 5814 1772 5888 τηζ
1796 5814 1980 5890 Itaque
1998 5819 2115 5887 lege
2138 5814 2301 5888 αὕτη,
2337 5825 2430 5872 aut
2466 5817 2628 5885 αύτῇ,
2662 5826 2722 5870 ut
2755 5814 2947 5870 mavis.

2878 5907 2956 5967 95
