3740 6312
344 290 461 350 ’119

1596 276 1746 330 DIDY
1758 275 1827 328 Ml
1863 272 2140 326 ALEXAN
2152 269 2336 326 DRlNl

3526 261 3649 316 780

357 412 551 478 nempe
593 418 715 460 cum
753 401 861 466 illc,
889 397 979 469 qui
1011 412 1074 451 ex
1110 395 1460 468 agricultura,
1495 402 1604 448 tum
1633 395 1740 456 ille,
1767 392 1860 462 qui
1882 407 1946 445 ex

2089 390 2222 459 ςὸγος
2254 387 2348 441 τοῦ
2396 385 2553 448 Θεοῦ,
2588 387 2616 439 ὁ
2662 382 2887 457 μηδενὸς
2942 381 3073 452 μηδὲ
3112 379 3289 433 αὐτῶν
3318 377 3423 431 τῶν
3457 394 3650 431 κατα-

357 500 608 558 doctrina
631 507 685 553 et
710 496 814 550 fide
838 499 1223 563 comparatur:
1248 490 1342 546 sed
1368 490 1457 544 ille
1474 488 1690 559 quidem
1715 485 1931 553 corpori

357 591 461 648 hoc
500 590 719 653 tribuit,
741 597 801 643 ut
822 586 1074 647 exsistat,
1106 593 1162 638 et
1194 583 1469 652 perduret,
1504 581 1609 636 iste
1653 593 1783 633 vero
1832 576 1935 631 hoc

359 684 644 739 animabus
674 680 907 740 confert.
959 685 1018 730 ut
1044 674 1164 730 aliis
1203 673 1532 730 antecellunt
1576 694 1589 727 :
1632 688 1695 726 ac
1738 685 1835 741 per
1870 669 1934 722 fi-

360 778 480 833 dem
511 778 752 846 iusuper,
802 771 1217 838 doctrinamque
1260 770 1513 823 universa
1566 765 1676 819 vita
1729 771 1933 825 nostra,

367 868 545 941 quoad
576 866 679 921 alia
712 865 901 929 etiam,
937 862 1064 917 felix
1110 859 1312 925 evadit,
1368 866 1423 912 et
1472 865 1643 912 recta.
1683 853 1797 909 Non
1838 851 1937 907 ali-

2041 480 2379 553 φρονούντων
2422 476 2586 531 αὐτοῦ
2643 472 3027 546 καταφρονῶν,
3066 473 3095 525 ὁ
3125 474 3191 542 τῇ
3226 470 3394 541 ψυχῇ,
3425 470 3522 532 εἰς
3581 468 3653 535 ἣν

2039 574 2125 627 διὰ
2150 571 2242 626 τοῦ
2287 571 2607 642 φυσήματος
2658 568 2719 622 τὸ
2748 566 2903 637 ἅγιον
2944 565 3109 620 αὐτοῦ
3141 564 3368 634 Πνεῦμα
3396 559 3657 631 κατῴκι-

2042 682 2154 726 σεν,
2182 664 2273 717 τὸν
2298 663 2454 732 λόγον
2475 662 2585 714 τῶν
2614 660 2831 714 πάντων
2865 658 2926 711 τὸ
2956 656 3282 728 τιμιώτατον
3329 652 3655 706 κατασπεί-

2045 776 2164 831 ρας.
2187 757 2280 811 Διὸ
2307 758 2400 810 καὶ
2433 754 2766 827 θαυμαστῶς
2798 751 2903 806 ὑπὸ
2916 750 3025 805 τῶν
3048 748 3154 817 ἔξω
3175 748 3256 811 εἰς
3284 747 3480 815 στίχου
3502 742 3656 804 τινὸς

2044 849 2451 924 ἀκροτελεύτιον
2489 848 2725 917 εἴρηται·

365 925 579 1022 terhaec
604 978 663 1019 se
694 925 910 1024 habere,
936 957 1098 1030 317
1118 971 1278 1026 quam
1339 954 1474 1018 dixi,
1538 951 1823 1023 perspicue
1890 947 2189 1017 comperiet
2222 946 2345 1015 quis
2380 984 2395 1009 ,
2444 943 2489 998 si
2563 941 2690 996 illud
2745 940 2927 993 animo
2986 942 3218 1005 reputet,
3273 929 3371 986 tali
3428 925 3655 1030 homini

359 1057 540 1113 statim
602 1054 941 1118 illucescere,
1002 1061 1058 1105 et
1106 1056 1512 1119 cooperatorem
1551 1046 1738 1100 adesse
1798 1058 1944 1108 eum,
1986 1040 2078 1110 qui
2117 1041 2298 1095 omnia
2328 1037 2595 1109 pervadit,
2627 1050 2692 1090 ac
2754 1046 2919 1102 supra
2978 1031 3158 1085 omnia
3183 1024 3503 1087 extollitur,
3549 1018 3651 1072 Dei

357 1149 594 1203 Verbum
648 1145 881 1204 Filium.
918 1144 1009 1215 qui
1053 1143 1345 1207 neminem,
1379 1156 1445 1195 ne
1502 1154 1566 1194 ex
1606 1139 1671 1193 iis
1706 1136 1948 1200 quidem,
1988 1149 2018 1188 a
2056 1133 2251 1204 quibus
2294 1132 2591 1202 spernitur,
2656 1125 2978 1191 contemnit,
3031 1123 3233 1193 quique
3283 1117 3522 1177 animae,
3597 1111 3652 1163 in

359 1253 464 1309 qua
505 1251 600 1306 per
629 1209 1044 1291 insumationem
1077 1242 1323 1288 sanctum
1383 1246 1536 1286 suum
1605 1228 1864 1298 Spiritum
1904 1226 2146 1281 habitare
2199 1224 2350 1290 fecit,
2420 1223 2683 1276 rationem
2711 1258 2725 1282 ,
2785 1230 2905 1288 qua}
2945 1229 3033 1270 res
3069 1223 3154 1267 est
3189 1209 3440 1266 omnium
3505 1218 3655 1275 prae-

362 1333 724 1398 stantissima,
769 1331 1022 1387 inseruit.
1074 1327 1200 1385 Ideo
1260 1345 1289 1383 a
1362 1326 1604 1399 profanis
1673 1337 1889 1395 quoque
1947 1322 2204 1393 praeclare
2250 1322 2302 1376 in
2359 1319 2641 1391 cujusdam
2692 1331 2882 1372 versus
2929 1322 3170 1369 extrema
3222 1318 3385 1380 parte
3435 1304 3651 1359 dictum

364 1424 466 1479 fuit
499 1440 515 1477 :

651 1518 953 1589 Ubicunque
974 1528 1050 1573 est
1076 1518 1232 1572 homo
1264 1558 1278 1582 ,
1303 1517 1377 1571 ibi
1410 1525 1488 1572 est
1512 1517 1667 1570 ratio.

363 1610 471 1669 Sed
530 1612 603 1667 ita
659 1612 876 1682 quidem
934 1611 1053 1666 hazc
1106 1625 1165 1666 se
1227 1609 1450 1665 habent.
1514 1607 1762 1663 [heretici
1822 1621 1949 1661 vero

366 1705 496 1762 nihil
550 1705 655 1762 nisi
710 1705 854 1775 quod
896 1703 1230 1759 immundum
1293 1703 1383 1771 sit,
1441 1702 1729 1773 spirantes,
1789 1699 1949 1755 allata

364 1798 432 1854 de
478 1797 839 1867 Redemptore
900 1795 1010 1851 Deo
1064 1795 1242 1850 Verbo
1284 1810 1465 1851 rerum
1507 1796 1747 1849 omnium
1807 1793 1951 1846 Con-

367 1892 545 1947 ditore
568 1890 819 1945 sublimia
883 1888 1213 1952 testimonia,
1273 1887 1498 1957 ejusque
1536 1887 1677 1942 dona
1732 1895 1785 1941 et
1834 1901 1945 1938 ma-

366 1985 560 2056 gnifica
607 1996 771 2053 opera
837 1997 942 2035 non
1006 1980 1365 2044 attendentes,
1415 1980 1483 2033 ad
1541 1978 1709 2046 ipsius
1777 1977 1951 2031 deita-

368 2086 477 2130 tem
524 2072 761 2128 rcferuut
812 2081 973 2139 atque
1020 2068 1294 2139 applicant
1330 2083 1390 2124 ea
1444 2068 1738 2137 Scriptura:
1789 2066 1943 2133 loca,

370 2182 492 2233 tmte
538 2167 603 2220 de
632 2178 843 2220 summe
878 2163 1156 2229 ineffabili,
1185 2172 1239 2216 et
1284 2175 1551 2215 summam
1595 2159 1711 2230 ejus
1754 2161 1951 2213 immu-

370 2257 691 2313 tabilitatem
726 2270 830 2310 non
865 2254 1092 2308 laedente
1130 2253 1367 2323 benigna
1404 2251 1781 2307 lucaruatioue
1811 2253 1951 2305 dicta

370 2358 518 2416 sunt,
584 2362 811 2419 quasque
846 2346 955 2401 illis
989 2345 1214 2400 humilia
1272 2346 1546 2409 videntur,
1596 2352 1762 2412 atque
1794 2343 1946 2395 iude-

369 2456 497 2497 cora
532 2459 547 2495 :
598 2449 653 2496 et
694 2439 891 2509 quibus
932 2453 997 2493 ex
1029 2436 1189 2492 rebus
1223 2435 1449 2505 gloriam
1495 2434 1587 2489 Dei
1625 2435 1949 2505 perspicere,

370 2531 599 2603 ejusque
635 2530 688 2584 in
726 2527 977 2585 homines
1016 2527 1409 2598 benignitatem
1454 2526 1629 2598 magis
1672 2525 1954 2581 celebrare

379 2625 642 2679 deberent
690 2636 789 2694 per
838 2622 935 2677 has
969 2621 1114 2692 ipsas
1160 2620 1317 2691 longe
1346 2635 1377 2673 a
1415 2620 1648 2674 veritate
1674 2618 1831 2673 alieni
1860 2618 1950 2671 de-

378 2703 805 2787 prehenduntur,
852 2728 918 2769 ac
960 2728 1024 2770 eo
1077 2713 1394 2778 deveniunt,
1437 2720 1494 2765 ut
1548 2710 1951 2766 henefactorem

377 2822 442 2862 ac
470 2807 808 2862 Salvatorem
851 2805 1205 2862 contumeliis
1230 2804 1506 2859 alliciant:
1542 2818 1641 2859 nec
1674 2819 1797 2861 eum
1840 2803 1952 2872 pla-

2229 1502 2546 1573 Πανταχοῦ
2575 1502 2776 1568 λόγος,
2808 1496 2952 1550 ἔνθα
2978 1491 3070 1546 καὶ
3090 1490 3426 1557 ἅνθρωπος.

2064 1599 2222 1653 Ἀλλὰ
2249 1598 2421 1652 ταῦτα
2465 1595 2563 1665 μὲν
2620 1586 2721 1645 ὧδέ
2753 1608 2827 1660 πη
2874 1587 3003 1658 ἔχει.
3037 1581 3310 1654 Αἱρετιχοὶ
3348 1578 3431 1643 δὲ,
3476 1576 3650 1647 μηδὲν

2050 1691 2413 1753 ἀναπνέοντες
2442 1686 2707 1758 καθαρὸν,
2743 1685 2864 1745 ταῖς
2913 1678 3194 1749 κειμέναις
3236 1672 3371 1744 περὶ
3409 1671 3513 1723 τοῦ
3556 1670 3650 1720 λυ-

2048 1782 2256 1855 τρωτοῦ
2291 1780 2424 1836 Θεοῦ
2472 1779 2666 1847 Λόγου,
2699 1775 2793 1829 τοῦ
2820 1773 3036 1827 πάντων
3068 1763 3485 1839 γενεσιουργοῦ,
3505 1763 3644 1830 ὑψη-

2049 1854 2169 1940 λαῖς
2207 1872 2536 1946 μαρτυρίαις
2575 1887 2633 1922 τε
2670 1868 2764 1923 καὶ⁵
2799 1866 3050 1936 δωρεαῖς,
3077 1861 3172 1915 καὶ
3207 1854 3649 1931 μεγαλουργίαις

2051 1968 2114 2022 οὐ
2145 1967 2524 2038 προσέχοντες,
2563 1960 2632 2014 τά
2658 1960 2786 2031 περὶ
2813 1959 2911 2029 τῆς
2945 1952 3321 2028 ἀῤῥητοτάτης
3355 1950 3454 2002 καὶ
3484 1948 3647 2017 ἀτρε-

2053 2061 2323 2131 πτοτὰτης
2358 2053 2740 2127 φιλανθρώπου
2790 2049 3251 2121 ὲνανθρωπήσεως
3283 2042 3457 2096 αὑτοῦ
3492 2057 3645 2108 νομι-

2053 2155 2254 2225 ζόμενα
2303 2150 2528 2212 ἐκείνοις
2567 2141 2705 2200 εἶναι
2755 2140 3108 2215 μικροπρεπῆ
3146 2140 3391 2211 ῥήματα,
3439 2137 3508 2204 τῇ
3534 2132 3647 2184 95d-

2051 2264 2175 2317 τητι
2213 2243 2378 2299 αὐτοῦ
2407 2239 2834 2312 προσάπτουσιν
2874 2237 2966 2289 καὶ
2998 2235 3089 2303 ἀφ’
3126 2226 3201 2285 ὦν
3238 2228 3503 2299 ὥψειλον,
3544 2229 3641 2295 τήν

2053 2357 2114 2393 τε
2141 2337 2299 2404 δόξαν
2327 2333 2580 2389 διειδέναι
2606 2332 2701 2385 τοῦ
2749 2324 2908 2393 Θεοῦ,
2942 2328 3035 2381 καὶ
3072 2327 3326 2395 ἁνυμνεῖν
3369 2320 3541 2374 πλέον
3590 2318 3645 2370 εδ

2054 2430 2434 2501 φιλάνθρωπον
2459 2424 2645 2489 αὑτοῦ,
2676 2423 2762 2477 διὰ
2784 2420 2993 2475 τούτων
3028 2418 3132 2485 ἔξω
3157 2435 3214 2470 τε
3243 2417 3341 2485 τῆς
3384 2414 3647 2483 ἀληθείας

2056 2523 2345 2595 φερόμενοι
2399 2518 2732 2579 ἁλίσκονται,
2783 2514 2877 2567 καὶ
2930 2512 3174 2584 ὑϐρίζειν
3217 2508 3307 2561 τὸν
3341 2505 3645 2578 εὐεργέτην

2056 2618 2150 2671 καὶ
2169 2614 2396 2685 Σωτῆρα
2425 2609 2777 2683 προάγονται·
2812 2604 3031 2679 φροντίς
3058 2620 3115 2655 τε
3150 2602 3355 2663 αὐτοῖς,
3378 2599 3481 2667 οὐχ
3501 2599 3647 2656 ὅπως

2056 2706 2449 2775 ἐξιλεώσωνται
2486 2702 2649 2755 αὑτὸν
2682 2700 2758 2763 ὼς
2797 2697 3010 2769 κριτήν’
3066 2693 3181 2747 ἀλλ’
3211 2692 3362 2752 ὅπως
3392 2690 3501 2742 ὑπὸ
3528 2688 3645 2759 κρί-

2058 2818 2141 2855 σιν
2182 2798 2330 2861 ὅντα,
2371 2796 2446 2860 ὡς
2484 2792 2724 2855 κτιστὸν,
2778 2791 2873 2844 καὶ
2927 2788 3064 2859 μετά
3120 2784 3217 2855 τὴν
3260 2784 3338 2845 είς
3382 2780 3647 2852 οὐρανοπ

374 2915 501 2955 care
529 2900 747 2955 student
776 2908 835 2953 ut
871 2898 1135 2966 judicem,
1169 2897 1263 2953 sed
1292 2911 1322 2951 e
1348 2896 1629 2951 contrario
1658 2869 1945 2951 ostendere

2089 2888 2242 2945 ινοδον
2258 2888 2352 2942 καὶ
2377 2885 2475 2956 τὴν
2514 2886 2579 2937 ὲκ
2616 2880 2805 2946 δεξιῶν
2845 2879 2939 2932 τοῦ
2985 2875 3179 2930 ἑαυτοῦ
3214 2873 3435 2943 [ἰατρὸς
3486 2869 3645 2922 ἰσότιο

375 3001 665 3055 conantur,
700 2992 900 3061 ipsum,
956 3000 1145 3059 utpote
1196 2999 1481 3053 creatum,
1521 2989 1726 3060 judicio
1778 2987 1957 3057 subje-

375 3093 524 3137 ctum
585 3096 705 3137 esse
772 3096 918 3137 nunc
964 3096 1199 3153 quoque,
1258 3090 1541 3150 postquam
1590 3089 1646 3136 et
1688 3080 1740 3134 in
1789 3081 1960 3135 caelos

378 3174 645 3239 ascendit,
668 3181 724 3229 et
756 3174 820 3227 ad
849 3174 1130 3229 dexteram
1159 3172 1337 3228 Patris
1370 3172 1451 3227 sui
1485 3172 1730 3227 considet
1760 3170 1959 3241 aequali

380 3282 443 3323 ac
466 3267 556 3325 ille
596 3268 802 3322 honore
837 3264 1172 3321 afﬁciendus.
1208 3264 1348 3333 Quin
1385 3263 1549 3320 etiam
1588 3279 1961 3333 saepenumero

380 3374 500 3429 qum
536 3358 603 3414 de
643 3358 761 3428 ipso
802 3354 964 3422 Filio,
1007 3366 1101 3411 aut
1135 3358 1203 3411 ab
1249 3357 1367 3425 ipso
1412 3355 1558 3409 dicta
1590 3368 1696 3408 non
1743 3352 1962 3407 fuerunt

382 3460 476 3506 aut
522 3464 643 3520 qua;
674 3464 876 3506 arcano
929 3458 1089 3519 atque
1127 3446 1473 3519 aenigmatico
1532 3462 1695 3503 sensu
1755 3446 1959 3514 scripta

381 3553 531 3610 sunt,
582 3556 645 3598 ea
687 3542 806 3599 sine
857 3542 1130 3607 examine,
1168 3539 1325 3612 quasi
1379 3550 1569 3596 contra
1614 3542 1814 3609 ipsum,
1872 3546 1963 3591 aut

385 3636 453 3691 ab
505 3637 624 3704 ipso
664 3636 1012 3707 pronuntiata
1044 3642 1373 3706 proponunt,
1413 3644 1469 3689 et
1500 3648 1727 3704 pravam
1775 3645 1963 3702 quam-

386 3729 516 3783 libet
560 3740 719 3799 atque
768 3726 1040 3783 infirmam
1074 3726 1578 3797 interpretationem
1610 3723 1829 3796 plurimi
1883 3722 1964 3775 fa-

383 3821 574 3877 ciunt:
607 3836 672 3877 ae
700 3821 1019 3887 semetipsos
1042 3818 1174 3873 nihil
1210 3816 1279 3871 ab
1311 3816 1716 3870 irrationalibus
1755 3815 1966 3867 anima-

385 3915 526 3972 libus
547 3914 916 3985 discrepantes
961 3910 1224 3966 exhibent
1277 3908 1403 3963 huic
1455 3904 1797 3978 Optatissimo
1856 3902 1963 3955 Do-

382 4009 533 4064 mino
554 4047 570 4073 ,
602 4008 693 4079 qui
725 4005 1009 4061 credentes
1037 4001 1186 4056 ducit
1226 4000 1341 4054 sine
1367 3997 1621 4052 violentia
1657 3996 1712 4050 in
1737 3994 1916 4049 Patris
1948 4034 1963 4057 ,

387 4107 444 4151 et
472 4097 553 4152 sui
588 4096 797 4165 ipsius.
836 4104 891 4148 et
941 4092 1113 4146 sancti
1149 4089 1385 4159 Spiritus
1417 4101 1580 4140 unum
1626 4084 1959 4140 individuum

387 4202 645 4258 regnum,
701 4182 905 4253 quique
951 4182 1020 4237 ob
1072 4195 1223 4235 suam
1266 4194 1393 4247 erga
1446 4193 1545 4233 nos
1574 4175 1963 4246 indulgentiam

2062 2998 2160 3052 μον
2191 2976 2470 3049 συνεδρίαν
2491 2972 2867 3037 ἀποδείξωσιν.
2908 2968 3173 3030 Πολλάκις
3202 2967 3259 3020 δὲ
3299 2966 3398 3018 καὶ
3426 2963 3498 3016 τὰ
3524 2961 3647 3029 περὶ

2059 3073 2244 3135 αὑτοῦ,
2281 3067 2469 3142 ἦπαρ’
2522 3065 2686 3119 αὑτοῦ
2729 3064 2804 3135 μὴ
2831 3062 3111 3133 λεχθέντα,
3135 3059 3167 3130 ῆ
3189 3058 3253 3111 δι’
3296 3054 3647 3126 ἐπικρύψεως

2060 3164 2349 3238 ᾐνιγμένα,
2389 3163 2465 3226 ὡς
2503 3162 2625 3215 κατ’
2658 3157 2843 3223 αὑτοῦ,
2866 3157 2900 3226 ἢ
2940 3155 3068 3226 παρ’
3103 3149 3299 3223 [1471)]
3330 3148 3502 3203 αὐτοῦ
3524 3149 3647 3200 ἀπο·

2061 3257 2388 3329 πεφασμένα
2452 3253 2837 3315 ἀϐασανίστως
2895 3246 3252 3310 διατιθέασιν,
3315 3242 3414 3295 καί
3474 3241 3644 3294 πάντα

2064 3350 2262 3421 σαθρὸν
2300 3348 2395 3401 καὶ
2422 3346 2650 3401 ἄναλκιν
2704 3340 3096 3412 ὲκτετιμήκασι
3136 3335 3281 3390 νοῦν·
3325 3334 3482 3387 οὐδὲν
3521 3331 3644 3421 καλέ

2062 3420 2212 3504 λίουίς
2247 3438 2456 3507 ἀλόγων
2483 3436 2637 3501 ζώων
2688 3435 2914 3496 ἑαυτοὺς
2941 3428 3306 3502 προσάγοντες
3344 3425 3525 3494 τούτῳ
3574 3420 3646 3488 τῷ

2065 3531 2417 3603 περιποθήτω
2467 3529 2737 3601 Δεσπότῃ,
2778 3526 2855 3596 τῷ
2913 3525 3097 3592 ἄγοντι
3160 3520 3285 3590 δίχα
3344 3516 3472 3587 βίας
3528 3513 3647 3569 τοὺς

2065 3622 2422 3693 πειθομένους
2455 3622 2536 3685 εἰς
2566 3620 2667 3692 τὴν
2724 3618 2826 3672 τοῦ
2865 3614 3098 3686 Πατρὸς,
3140 3612 3235 3666 καὶ
3280 3607 3504 3671 ἑαυτοῦ,
3558 3603 3645 3656 καὶ

2064 3716 2158 3770 τοῦ
2204 3716 2360 3785 ἁγίου
2419 3712 2757 3785 Πνεύματος,
2830 3711 2958 3783 μίαν
3005 3709 3310 3779 ἀδιαίρετον
3350 3698 3640 3775 βασιλείαν.

2066 3811 2160 3864 καὶ
2186 3808 2354 3879 φειδοῖ
2400 3811 2468 3880 τῇ
2489 3807 2626 3879 πρὸς
2649 3807 2799 3877 ἡμᾶς
2823 3801 3199 3877 παραινοῦντι⁹
3247 3816 3265 3849 ι
3309 3797 3402 3867 Μὴ
3441 3788 3643 3863 γίνεσθε

2066 3904 2143 3967 ὡς
2193 3902 2360 3967 ἵππος
2387 3900 2483 3954 καὶ
2521 3900 2767 3972 ἡμίονος,
2803 3892 2884 3963 οἷς
2910 3898 3010 3951 οὐκ
3050 3896 3193 3948 ἔστιν
3239 3892 3477 3952 σύνεσις.
3512 3906 3531 3937 ι
3573 3882 3645 3934 Τὰ

2065 3996 2175 4067 γὰρ
2195 3995 2364 4064 ἄλογα
2397 3994 2532 4059 ζῶα,
2566 3995 2754 4065 φησιν,
2799 3986 2879 4055 οἷς
2902 3993 2935 4061 ἡ
2962 3989 3108 4061 ψυχὴ
3145 3988 3204 4040 τὸ
3234 3985 3294 4050 ἐξ
3330 3984 3469 4054 ὕλης
3492 3975 3639 4042 εἶξαν

2066 4066 2209 4142 κατὰ
2229 4088 2319 4141 τὸν
2337 4088 2559 4141 εἰπόντα
2609 4090 2666 4140 ὲν
2696 4089 2761 4157 τῇ
2805 4084 3043 4147 Γενὲσει,
3076 4100 3095 4133 ι
3140 4080 3213 4134 Τὸ
3255 4075 3389 4149 αἷμα
3425 4066 3635 4135 -ιίττοῧή
3700 4098 3701 4101 ‘

2067 4178 2214 4250 ψυχὴ
2244 4178 2433 4240 αὑτοῦ,
2473 4197 2490 4229 ι
2530 4180 2611 4241 εἰς
2638 4176 2742 4247 γῆν
2766 4176 3038 4237 νένευκεν,
3084 4173 3172 4227 ἀεὶ
3194 4175 3255 4235 ’τῇ
3272 4162 3474 4233 γαστρὶ
3514 4160 3635 4231 μάντι

390 4251 489 4333 ηυέ
530 4277 603 4330 ita
653 4251 940 4329 hortatur:
971 4290 989 4323 ι
1028 4270 1206 4326 Nolite
1240 4268 1353 4339 (97)
1382 4268 1495 4323 fieri
1526 4268 1662 4323 sicut
1693 4282 1863 4337 equus
1911 4274 1966 4321 et

2089 4270 2412 4333 ἱουλεύοντα,
2445 4271 2539 4324 καὶ
2569 4270 2669 4323 οὐκ
2707 4268 3003 4333 ἀνέστηκεν
3045 4258 3124 4330 τῷ
3176 4256 3387 4328 σώματι
3421 4255 3515 4308 καὶ
3571 4251 3639 4319 τῷ

388 4368 586 4433 mulus,
630 4368 827 4437 quibus
864 4379 969 4419 non
1005 4374 1091 4418 est
1132 4362 1455 4417 intellectus.
1502 4380 1521 4413 ι
1559 4361 1724 4426 Quasi
1774 4360 1959 4414 dicat:

390 4476 515 4515 nam
572 4460 779 4513 ratione
812 4457 1069 4513 destituta
1121 4456 1439 4519 animantia,
1496 4468 1726 4524 quorum
1783 4451 1963 4506 anima

388 4560 474 4609 est
496 4552 716 4623 sanguis
738 4550 1063 4616 malerialis,
1098 4549 1252 4620 juxta
1284 4565 1429 4614 eum,
1468 4549 1557 4618 qui
1588 4548 1668 4602 ait
1697 4547 1752 4601 in
1791 4547 1973 4602 Gene-

389 4648 435 4700 εί
459 4642 568 4713 (98)
607 4660 620 4696 :
664 4660 683 4694 ‹
727 4640 959 4711 Sanguis
998 4641 1115 4710 ejus
1139 4650 1223 4695 est
1256 4640 1434 4695 anima
1464 4641 1579 4710 ejus
1606 4677 1621 4703 ,
1661 4657 1679 4690 ι
1715 4638 1769 4694 in
1808 4636 1974 4708 318

395 4751 590 4793 terram
621 4751 785 4807 prona
820 4744 947 4790 sunt
977 4750 1214 4804 semper,
1248 4735 1421 4790 ventri
1454 4744 1663 4787 tantum
1719 4733 1973 4786 servien-

391 4831 490 4893 tia,
552 4841 727 4896 neque
779 4842 1008 4895 corpore
1039 4842 1101 4881 ac
1144 4836 1324 4881 tuente
1373 4832 1658 4895 eriguntur
1689 4834 1746 4877 ut
1789 4825 1973 4885 homo,

389 4921 481 4993 {lui
516 4930 567 4974 et
602 4930 817 4976 terrena
852 4919 1037 4982 sentit,
1064 4929 1116 4972 et
1162 4917 1411 4973 sublimia
1452 4916 1614 4978 videt,
1637 4926 1692 4967 et
1719 4914 1784 4968 ad
1814 4914 1977 4967 c-cle-

390 5024 530 5067 stem
557 5010 963 5065 serenissimum
986 5050 1002 5075 ,
1032 5018 1085 5063 et
1114 5008 1356 5077 cujusvis
1383 5007 1539 5076 plane
1572 5005 1843 5074 passionis
1881 5020 1977 5057 ex-

394 5109 824 5167 pertemstutum
859 5099 1117 5162 festinat,
1148 5114 1311 5168 atque
1370 5100 1423 5152 in
1461 5099 1662 5151 mundo
1719 5096 1864 5150 velut
1918 5098 1967 5147 in

398 5190 611 5254 publico
634 5190 867 5257 quodam
901 5188 1137 5257 hospitio
1168 5189 1436 5257 hospitem
1472 5202 1530 5241 se
1560 5185 1827 5241 diversari
1868 5202 1971 5254 pu—

399 5295 501 5349 tat,
543 5292 598 5339 et
620 5284 859 5353 quotidie
894 5298 1014 5339 sese
1043 5284 1159 5354 (99)
1191 5284 1256 5337 ad
1288 5284 1493 5337 exitum
1522 5297 1586 5336 ex
1631 5281 1730 5335 hac
1756 5282 1863 5334 vita
1891 5296 1978 5334 sa-

400 5382 615 5454 pienter
645 5380 855 5452 agendo
916 5390 1217 5450 praeparat;
1262 5380 1493 5448 ideoque
1527 5378 1631 5433 fide
1679 5388 1734 5432 et
1800 5389 1981 5434 mente

474 5542 590 5612 (97)
618 5541 819 5612 Nolite.
848 5538 993 5612 Psal2
1024 5556 1174 5612 ηδε,
1203 5540 1261 5594 Η
1300 5541 1415 5609 (seu
1442 5540 1517 5609 9).

478 5607 591 5683 (98)
628 5613 693 5667 In
718 5610 949 5683 Genesis
977 5609 1053 5683 In
1078 5610 1271 5665 Genesi
1311 5607 1437 5683 iure
1480 5607 1583 5665 non
1621 5609 1821 5683 inveni.
1844 5607 1977 5683 Be—

408 5680 590 5750 spirit,
630 5695 689 5735 ut
736 5694 881 5751 puto,
933 5681 1157 5735 Levitic.
1202 5698 1335 5745 xvtt,
1384 5682 1443 5735 H
1510 5690 1565 5751 et
1620 5680 1709 5751 νε.
1768 5680 1855 5735 ubi
1901 5680 1977 5751 lc:

408 5746 551 5823 gitur
600 5772 613 5806 :
676 5746 750 5806 Ἠ
789 5753 897 5823 γὰρ
948 5752 1093 5823 ψυχὴ
1150 5753 1328 5815 πάσης
1380 5750 1582 5820 σαρκὸς
1632 5746 1769 5821 αἷμα
1814 5747 1978 5802 αὑτοῦ

2068 4363 2165 4434 νῷ,
2215 4362 2290 4427 ὡς
2320 4364 2348 4414 ὁ
2391 4350 2698 4434 ἄνθρωπος,
2746 4363 2774 4411 ὁ
2822 4354 2917 4408 καὶ
2956 4353 3065 4407 τῶν
3105 4350 3363 4419 ἐπιγείων
3402 4345 3667 4401 αἰσθανόι⁴

2072 4474 2250 4528 μενος,
2281 4456 2374 4509 καὶ
2412 4456 2480 4508 τὰ
2529 4454 2778 4525 μετέωρα
2826 4449 3059 4520 βλέπων,
3108 4446 3201 4498 καὶ
3247 4443 3341 4494 ἐπὶ
3402 4441 3502 4511 τὴν
3542 4440 3639 4493 ἀνω

2070 4547 2446 4619 γαληνοτάτην
2481 4548 2575 4600 καὶ
2603 4541 2993 4611 ἀπαθεστάτην
3015 4538 3353 4591 κατάστασιν
3388 4531 3638 4587 σπεύδων,

2073 4642 2165 4695 καὶ
2213 4639 2318 4706 ὡςῖ
2352 4642 2409 4693 ὲν
2452 4638 2726 4709 πανδοκίῳ
2764 4636 2872 4689 τινὶ
2910 4635 2968 4686 ὲν
3009 4630 3085 4702 τῷ
3131 4630 3318 4700 κόσμῳ
3354 4626 3641 4697 ἡγούμενος

2074 4731 2522 4795 καταλελυκέναι,
2563 4731 2657 4783 καὶ
2695 4722 3255 4797 παρασκευαζόμενος
3302 4718 3372 4771 ἵν’
3423 4714 3638 4785 εὐᾳρονῇ

2076 4826 2157 4892 ἐφ’
2197 4823 2432 4893 ἑκάστης
2465 4822 2600 4891 πρὸς
2632 4820 2730 4891 τὴν
2762 4821 2825 4872 ὲκ
2862 4816 3050 4870 τούτου
3080 4810 3378 4877 ἔξοδον-διά
3405 4826 3466 4861 τε
3503 4806 3641 4859 τοῦτο

2079 4914 2280 4978 ἁπλοῦς
2301 4914 2397 4984 τὴν
2417 4915 2597 4966 πίστιν
2632 4913 2725 4966 καὶ
2760 4911 2857 4981 τὴν
2881 4908 3105 4979 γνώμην
3139 4906 3167 4957 ὁ
3192 4902 3354 4972 σοφὸς
3401 4900 3638 4984 ὑπάρχειΓ

2078 5004 2247 5057 Παντὶ
2268 4981 2377 5074 γάρ
2420 5020 2497 5073 τῳ
2525 5001 2708 5072 δῆλον,
2740 5000 2815 5062 ὼς
2844 4999 3023 5066 πάσης
3056 4994 3154 5063 τῆς
3203 4990 3290 5045 διὰ
3342 4988 3516 5054 λόγων
3563 4981 3641 5033 καὶ

2080 5099 2136 5149 ἐν
2158 5097 2334 5164 λόγοις
2356 5095 2554 5167 τέχνης
2592 5095 2628 5164 ἡ
2682 5091 2909 5162 ἀλήθεια
2953 5088 3216 5158 κρείττων
3242 5084 3349 5146 ἀεὶ,
3379 5082 3501 5152 ἥτις
3524 5092 3642 5145 cup.-

2086 5191 2330 5259 πέφυκεν
2352 5192 2417 5260 τῇ
2454 5188 2735 5259 ἁπλότητι.
2771 5184 3073 5256 Ταράττειν
3108 5180 3163 5233 δὲ
3186 5177 3279 5231 καὶ
3300 5168 3641 5245 ταράττεσθαι

2087 5281 2336 5335 δοκοῦσιν
2368 5283 2416 5335 οἰ
2458 5281 2697 5350 τεχνικο).
2726 5278 2895 5346 λόγοι,
2934 5276 2983 5328 οἳ
3027 5268 3411 5333 πλεονάζουσιν
3456 5266 3638 5333 αἱρετι·

2092 5378 2206 5438 κοῖς
2234 5378 2347 5439 τοῖς
2393 5375 2492 5445 τῆς
2526 5373 2841 5443 Θεολογικῆς
2873 5369 3127 5441 θεωρίας,
3161 5367 3235 5428 ὡς
3273 5362 3371 5415 καὶ
3409 5358 3639 5419 Ἕλληνες

2082 5538 2220 5616 ἐστι,
2258 5536 2307 5588 id
2337 5544 2441 5599 est,
2477 5551 2497 5585 ι
2530 5531 2708 5586 anima
2741 5529 2886 5586 enim
2914 5526 3095 5583 omnis
3130 5514 3309 5570 carnis
3335 5523 3419 5569 es!
3447 5508 3637 5581 $3M"is

2081 5623 2269 5744 “"239;
2301 5674 2595 5744 Iiospitio._
2622 5671 2824 5744 Codex,
2882 5655 3174 5744 πανδοκίω.
3216 5654 3317 5739 ιειῑῑ
3350 5650 3639 5723 πανδοχεῖον

2088 5730 2350 5803 scribunt.
2396 5730 2737 5808 f‘ttrynichus
2774 5730 2975 5786 mavult
3008 5730 3345 5780 πανδοκεῖον.
