3716 6310
149 367 228 422 789

1157 352 1241 408 DE
1280 351 1656 407 TBINITATE
1696 346 1900 404 LIBER
1939 344 2258 403 TERTIUS.

3233 338 3340 393 390

145 498 261 556 τριυν
312 474 540 543 ἀδελφὸν,
590 473 711 527 οὑδὲ
744 473 961 542 λέγεται
1007 473 1212 543 πατὴρ,
1247 473 1414 541 μήπω
1469 488 1652 540 γεγεν-

1810 468 1929 521 abet
1978 466 2239 525 fratrem,
2303 460 2520 530 quicum
2583 471 2924 513 communem
2989 456 3181 511 habeat
3237 472 3334 527 pa-

144 576 303 649 νηκώς.

196 752 253 801 Δό
282 747 333 800 ΕΞ
357 747 584 814 εὐλόγως
600 747 814 819 εἴρηται
842 746 1010 815 Λόγος
1047 744 1179 801 Θεοῦ
1203 744 1330 816 [150
1358 742 1413 815 α]
1448 744 1476 795 6
1511 742 1656 807 Υἱὸς,

140 843 421 910 συνυπάρχει
444 838 518 908 τῷ
570 841 912 908 γεννήσαντι,
962 838 1181 901 οἰκείως
1227 839 1293 907 τῇ
1338 836 1493 905 φύσει
1523 834 1660 905 ἔχων

139 934 273 1003 αὐτῷ,
305 932 389 985 καὶ
418 931 641 991 ἀπαθῶς
676 932 771 984 καὶ
795 931 1044 1003 ἀνάρχως
1062 929 1356 1000 γεννηθείς.
1393 927 1527 981 Οὐδὲ
1552 926 1660 997 γάρ

137 1030 158 1079 ό
194 1025 350 1095 Πατὴρ
378 1023 527 1087 ἐκτός
557 1023 653 1076 τοῦ
686 1021 987 1075 ὑποστατοῦ
1020 1021 1193 1089 Λόγου
1240 1018 1402 1074 αὑτοῦ
1430 1020 1660 1071 ἐπινοεῖ-

140 1120 233 1170 σθαι
260 1116 475 1168 δύναται·
510 1116 632 1168 οὒτε
679 1114 787 1185 μὴν
819 1114 989 1181 Λόγος
1016 1110 1281 1176 κτίζεται,
1312 1110 1447 1164 ἀλλά
1476 1111 1661 1178 γεννᾶ-

135 1228 200 1262 ται
222 1207 435 1269 ἀπαθῶς.
477 1206 864 1278 Παραλλήλως,
892 1205 1053 1260 εἰτοῦ
1086 1204 1221 1257 Θεοῦ
1254 1204 1425 1272 Λόγος
1454 1203 1549 1255 καὶ
1580 1218 1660 1254 (ιό⁴

136 1300 207 1368 εἷα
226 1298 424 1360 δικαίως
454 1298 834 1367 ἐγγέγραπται
876 1298 904 1349 6
954 1295 1106 1358 Υἱὸς,
1143 1294 1239 1346 καὶ
1276 1293 1341 1345 δι’
1376 1289 1539 1344 αὑτοῦ
1566 1289 1659 1358 γέ-

132 1409 226 1459 γονε
248 1391 306 1443 τά
344 1390 531 1454 πάντα,
579 1390 678 1443 οὑκ
714 1389 823 1442 άπὸ
867 1388 1041 1456 Λόγου
1089 1385 1181 1438 τοῦ
1229 1383 1363 1437 Θεοῦ
1394 1382 1655 1444 ἔκτισται,

132 1485 219 1539 ἀλλ’
250 1482 344 1536 ἀπὸ
378 1481 610 1554 γαστρὸς
656 1481 822 1535 αὑτοῦ
862 1479 1204 1551 γεγέννηται.
1254 1472 1350 1539 Εἷς
1389 1472 1658 1545 γάρότοῦ

130 1576 233 1629 θεοῦ
245 1576 418 1644 Λόγος,
446 1575 543 1627 καὶ
571 1574 628 1626 ὲν
651 1573 789 1644 ποίῳ
812 1572 954 1642 ἄλλῳ
981 1570 1138 1641 Λόγῳ
1168 1563 1313 1640 εἶχεν
1342 1565 1657 1636 κτισθῆναι;

129 1667 280 1720 Ταῦτα
304 1665 403 1735 γάρ
443 1666 541 1718 καὶ
577 1664 843 1735 Ἑλλήνων
872 1661 1097 1731 λογάδες
1122 1657 1550 1732 διαγορεύουσιν⁹

180 1865 397 1930 “prima
420 1862 533 1931 γὰρ
564 1865 872 1918 τίκτουσιν
902 1865 961 1916 αἱ
995 1859 1142 1915 Θεοῦ
1164 1859 1354 1931 γοναί.

174 1929 373 2000 namq
406 1929 638 2001 πάθους
667 1934 737 1987 δὲ
764 1933 863 1987 καὶ
885 1934 1125 2003 φύσεως
1152 1929 1492 1999 ὑπέρτερος.

174 2111 235 2162 E'.
260 2111 312 2162 Ei
354 2109 497 2162 ἔστιν
541 2109 569 2161 6
621 2108 767 2174 Υίὺς,
803 2109 879 2172 ὡς
923 2106 1160 2177 ἐδείχθη,
1193 2103 1331 2176 αὑτὴ
1369 2104 1402 2175 ἡ
1437 2100 1651 2165 αἰώνιος

122 2202 208 2272 ζωὴ
249 2202 331 2255 καὶ
370 2202 486 2269 φῶς
544 2202 603 2255 τὸ
641 2201 920 2271 ἀληθινὸν,
953 2199 1047 2253 τοῦ
1095 2193 1235 2253 εἶναι
1280 2198 1375 2250 καὶ
1420 2197 1518 2266 ζῇν
1551 2194 1652 2246 οὑκ

122 2292 297 2361 ᾗρξατο.
354 2293 461 2344 Καὶ
522 2290 912 2363 παραλλήλως,
967 2292 1015 2343 εί
1061 2289 1207 2343 ἔστιν
1252 2287 1427 2342 ταῦτα
1478 2286 1569 2339 καὶ
1622 2285 1651 2336 6

121 2386 296 2455 Πατὴρ,
327 2383 444 2437 οὐδὲ
502 2384 650 2437 κατά
716 2381 1015 2453 ἐνθύμησιν
1070 2381 1127 2434 ἐν
1180 2398 1288 2435 τινι
1341 2377 1649 2450 παραλλάτ-

170 2567 242 2635 cr.
271 2567 328 2620 Ei
354 2566 589 2639 δύναμις
643 2566 734 2621 καὶ
774 2569 935 2637 σοφία
962 2568 991 2620 6
1022 2565 1150 2630 Υἱὸς
1198 2558 1340 2619 εἶναι
1376 2562 1470 2616 τοῦ
1512 2560 1648 2615 Θεοῦ

119 2661 305 2728 εἴρηται,
352 2660 691 2732 συνάναρχός
738 2663 855 2713 ἐστι
881 2659 959 2731 τῷ
1009 2659 1348 2729 γεννήσαντι⁹
1388 2654 1509 2709 οὑδὲ
1542 2654 1649 2725 γὰρ

118 2744 178 2817 ἦν,
206 2749 283 2801 ὅτε
321 2750 473 2813 ἐκτὸς
525 2750 731 2804 τούτων
769 2750 1059 2821 ὑπῆρχενὸ
1094 2746 1302 2818 Πατὴρ,
1336 2745 1457 2797 οὑδὲ
1490 2759 1651 2814 προσ-

116 2842 217 2907 ἦκεν
244 2842 428 2904 εἰπεῖν,
470 2841 559 2894 ὅτι
597 2841 672 2912 μὴ
717 2840 875 2910 ἔχων,
908 2839 1132 2911 ὕστερον
1162 2835 1340 2891 ὁτιοῦν
1382 2834 1649 2908 προσέλα-

115 2930 199 2983 εεν.
228 2932 325 2984 Καὶ
344 2932 391 2985 οἱ
446 2932 563 2985 ἀπὸ
610 2932 711 3003 τῆς
744 2929 940 2995 ἔξωθεν
973 2932 1030 2985 δὲ
1067 2930 1258 2998 σοφίας
1284 2947 1336 2981 τι
1370 2927 1647 2999 μαθόντες,

115 3022 157 3071 οὐ
192 3022 414 3093 δεύτερον
448 3018 617 3086 εἶδος,
650 3024 709 3075 οὑ
750 3022 1003 3093 δεύτερον
1037 3021 1248 3092 χρόνον,
1279 3020 1328 3072 εί
1368 3018 1523 3090 θέμις
1554 3017 1649 3071 οῦ-

118 3130 171 3165 τω
204 3115 369 3182 φάναι,
419 3116 712 3185 ὑπάρξεως
746 3115 999 3189 θεότητος
1027 3114 1421 3186 θεωρήσαντες,
1439 3111 1651 3181 ἔφησαν

115 3208 222 3281 πρὸς
252 3209 345 3280 τὴν
381 3209 567 3263 αὐτῶν
619 3208 848 3281 δύναμιν
872 3207 1020 3262 τάδε·
1682 3203 1723 3258 C

115 3408 264 3476 Αὐτὸς
283 3410 475 3465 πάντα
504 3410 673 3480 φέρει
709 3408 854 3476 Θεὸς
882 3408 1190 3480 ἄμϐροτος·
1228 3406 1412 3473 αὐτὸς
1435 3405 1652 3461 ἑαυτοῦ

113 3542 196 3596 Καὶ
218 3543 474 3614 γενέτης,
508 3545 614 3599 καὶ
630 3544 764 3613 ῥίζα
794 3544 985 3609 πέλει,
1017 3545 1117 3598 καὶ
1146 3544 1349 3613 τέρμα,
1377 3541 1473 3597 καί
1500 3544 1648 3608 υἱός.

165 3657 223 3707 Z'.
251 3657 406 3728 Είτῷ
458 3659 641 3731 Πατρὶ
678 3658 809 3722 ἴσως
842 3657 1025 3723 σώζει,
1065 3658 1159 3711 ἆτε
1194 3657 1323 3729 [150
1353 3657 1406 3729 b]
1441 3656 1652 3728 Σωτὴρ,

113 3749 171 3800 ἔτι
199 3751 289 3820 μὴν
318 3750 410 3802 καὶ
439 3749 678 3818 σοφίζει,
708 3749 982 3821 ἀληθεύει,
1007 3749 1224 3814 δικαιοῖ,
1262 3748 1498 3818 ἁγιάζει·
1562 3750 1656 3801 καὶ

115 3840 148 3888 εξ
174 3842 347 3904 πάντα,
376 3843 476 3896 ὅσα
506 3842 575 3895 ἂν
624 3844 654 3895 6
709 3841 898 3913 Πατὴρ
933 3845 1083 3913 ποιῇ,
1130 3841 1303 3895 ταῦτα
1336 3842 1429 3895 καὶ
1455 3843 1483 3895 6
1529 3840 1656 3905 Υἱὸς

113 3930 273 3998 ἀμίαις
299 3936 462 3999 ποιεῖ,
493 3934 600 3987 οὑκ
633 3933 885 4005 ἀνόμοιος
904 3933 1053 4005 αὑτῷ
1082 3933 1453 4004 ἀναφαίνεται.

166 4120 234 4177 Η’.
264 4123 325 4177 Ei
372 4124 469 4178 τοῦ
523 4122 664 4178 Θεοῦ
705 4124 801 4178 τοῦ
828 4124 1088 4191 ἀνειδέου,
1121 4126 1218 4179 καὶ
1245 4125 1501 4197 ἀοράτου,
1564 4126 1659 4179 καὶ

117 4212 331 4283 ἀναρχου,
374 4216 452 4279 ὡς
490 4215 709 4280 Παῦλος
762 4216 1034 4288 Ἑϐραίοις
1070 4218 1291 4288 γράφει,
1319 4217 1661 4289 ἀπαύγασμά

114 4306 229 4357 ἐστιν
253 4309 344 4377 τῆς
367 4308 555 4379 δόξης,
602 4309 699 4361 καὶ
720 4310 1004 4381 χαρακτὴρ
1044 4310 1143 4377 τῆς
1166 4310 1539 4376 ὑποστάσεως,
1568 4312 1661 4364 καὶ

117 4394 245 4448 εἰκὼν
282 4399 309 4449 6
356 4400 697 4470 Μονογενὴς,
729 4402 821 4454 καὶ
870 4403 918 4453 εί
971 4401 1137 4464 αὑτὸς
1178 4400 1434 4472 ἀληθεύει
1463 4400 1655 4470 λέγων·

122 4503 135 4533 ι
175 4488 223 4543 Ὀ
268 4491 533 4560 ἑωρακὼς
576 4493 701 4563 ἐμὲ,
766 4492 1010 4564 ἑώρακεν
1055 4494 1146 4547 τὸν
1195 4494 1431 4565 Πατέρα’
1474 4515 1491 4547 ι
1528 4495 1658 4558 καὶ,

122 4596 135 4623 ι
171 4579 289 4647 Ἐγὼ
306 4585 397 4636 καὶ
427 4586 458 4637 6
495 4585 689 4655 Πατὴρ
718 4585 776 4637 ἓν
809 4587 995 4656 ἐσμεν·
1028 4605 1046 4637 ι
1066 4587 1347 4657 όμοοὺσιός
1371 4591 1539 4651 ἐστιν,
1568 4590 1661 4643 καὶ

121 4670 429 4744 συνάναρχος,
488 4677 586 4729 καὶ
656 4676 787 4740 ίσος,
837 4678 930 4731 καὶ
963 4678 1379 4750 ἀπαράλλακτος
1433 4681 1508 4751 τῷ
1540 4681 1659 4753 Θεῷ

118 4760 271 4827 Πετρὶ.
300 4765 407 4818 Καὶ
438 4766 554 4837 γὰρ
578 4767 642 4819 ἐκ
679 4767 856 4837 φωτὸς
894 4768 1007 4837 φῶς
1036 4770 1136 4840 οὑχ
1169 4772 1520 4843 ὲτεροουσίως
1541 4773 1661 4826 οὐδὲ

120 4852 374 4917 μετέπειτα
414 4860 699 4925 γεννᾶταν
733 4861 828 4914 καὶ
884 4862 1171 4934 χαρακτὴρ
1210 4865 1560 4929 ὑποστάσεως
1604 4867 1665 4921 τὸ

118 4946 272 4996 ταυτὸν
300 4948 393 5001 καὶ
424 4950 852 5021 ἀπαράλλακτον
900 4953 1002 5024 τῆς
1053 4955 1289 5024 φύσεως,
1333 4957 1428 5009 καὶ
1485 4956 1663 5026 δόξης,

120 5035 190 5085 καὶ
213 5043 675 5113 παντοκρατορίας
712 5044 878 5112 δηλοί’
911 5047 1005 5099 καὶ
1044 5046 1209 5100 είκὼν
1235 5048 1428 5119 λογικὴ
1461 5049 1521 5101 τὸ
1554 5050 1665 5102 ἴσον

119 5127 189 5177 καὶ
211 5128 381 5196 ὅμοιον
412 5136 696 5203 σημαίνει’
754 5137 848 5189 καὶ
881 5137 909 5189 6
945 5136 1159 5207 βλέπων
1198 5138 1402 5209 κτίσμα
1449 5141 1510 5192 οὑ
1551 5139 1667 5209 βλέ-

120 5232 189 5268 τιει
208 5220 287 5272 τὸν
312 5224 594 5280 ἀκτιστον.
636 5225 733 5281 Ἒν
769 5227 878 5300 γὰρ
910 5228 1064 5282 εἶπεν
1094 5226 1312 5302 εἷναιτῇ
1339 5231 1552 5301 θεότητι.
1572 5232 1670 5294 τάς

120 5308 426 5383 ὑποστάσεις,
458 5320 563 5373 καὶ
600 5321 657 5375 ἐν
700 5321 849 5375 ἑνάδι
880 5323 1068 5387 οὐσίας
1115 5323 1396 5377 διέσταλκε
1428 5323 1551 5395 δίχα
1602 5323 1670 5377 τά

123 5403 368 5471 πρόσωπα.
1657 5416 1661 5421 ι

176 5586 273 5659 (54)
304 5590 660 5648 Subaistenle.
718 5594 775 5649 In
834 5595 1046 5659 Grazco,
1104 5597 1430 5651 ὑποστατοῦ.
1488 5596 1665 5652 Simili

122 5658 691 5741 Woplemensdib.
749 5683 887 5741 vni,
935 5666 1134 5722 Strom.
1175 5683 1296 5739 pag.
1345 5669 1469 5735 915,
1524 5668 1668 5738 quod

122 5729 353 5795 Subsistit,
376 5745 544 5788 vocat.
570 5735 890 5791 ὑποστατόν.

181 5796 280 5871 (55)
318 5800 381 5859 In
408 5822 512 5874 quo
552 5806 656 5861 alio
688 5805 875 5864 Verbo.
907 5807 1171 5866 Praeclare
1206 5811 1538 5882 Augustinus
1566 5810 1667 5866 hac

1766 570 1940 623 trem;
2012 571 2112 611 nec
2178 553 2378 609 dicitur
2438 558 2589 621 pater
2648 550 2694 603 is
2742 548 2831 619 qui
2887 548 3123 602 nondum
3175 562 3336 618 gene-

1761 650 1918 704 ravit.

1833 735 1922 791 IV.
1969 736 2024 790 Si
2066 745 2212 790 recte
2258 732 2426 788 Filius
2476 731 2654 785 dictus
2691 739 2774 785 est
2827 728 3061 783 Verbum
3091 726 3208 790 Dei,
3239 741 3336 781 co-

1764 828 1986 883 cxsistit
2006 841 2135 898 ergo
2157 823 2411 895 genitori,
2439 823 2661 893 ejusque
2693 837 2787 891 per
2818 830 3063 874 naturam
3088 819 3338 888 proprius

1760 929 1864 983 est,
1899 930 1952 974 et
1980 916 2424 988 impassibiliter,
2454 924 2615 983 atque
2632 915 2699 969 ab
2724 922 2928 967 aeterno
2972 910 3187 982 genitus
3213 909 3333 963 fuit.

1762 1010 1894 1066 Nam
1931 1026 2031 1065 nec
2066 1009 2225 1063 Pater
2257 1006 2465 1072 concipi
2516 1014 2694 1076 potest
2763 1003 2885 1059 sine
2936 1002 3105 1073 ipsius
3162 1000 3337 1055 Verbo

1760 1102 2089 1158 subsistente
2133 1100 2284 1171 (56):
2322 1114 2496 1166 neque
2554 1095 2786 1150 Verbum
2845 1102 3082 1156 creatur,
3119 1091 3212 1145 sed
3243 1104 3333 1160 ge-

1761 1204 1980 1248 neratur
2023 1191 2448 1261 impassibiliter.
2497 1188 2760 1242 Similiter
2786 1227 2802 1251 ,
2832 1187 2877 1240 si
2923 1184 3015 1239 Dei
3076 1181 3331 1246 Verbum,

1760 1295 1812 1338 ct
1845 1282 2118 1354 Sapientia
2154 1283 2344 1337 merito
2377 1280 2552 1334 dictus
2583 1289 2665 1332 est
2707 1278 2876 1331 Filius
2920 1277 2973 1330 in
3014 1274 3330 1344 Scripturis,

1772 1393 1834 1431 ac
1881 1377 1926 1429 si
1962 1395 1979 1427 ι
2016 1390 2109 1444 per
2140 1375 2311 1442 ipsum
2344 1372 2480 1425 facta
2511 1380 2633 1423 sunt
2658 1369 2859 1433 omnia,
2898 1387 2916 1419 ι
2947 1383 3048 1422 non
3081 1366 3180 1420 fuit
3206 1380 3335 1435 ergo

1768 1479 1986 1523 creatus
2015 1484 2081 1523 ex
2111 1465 2288 1519 Verbo
2319 1464 2434 1529 Dei,
2464 1464 2557 1517 sed
2594 1476 2657 1516 ex
2693 1471 2879 1515 ventre
2906 1460 3022 1528 ejus
3047 1468 3334 1528 generatus

1764 1560 1868 1615 fuit
1917 1580 1928 1615 :
1975 1575 2095 1614 cum
2144 1559 2287 1612 enim
2345 1571 2509 1610 unum
2566 1555 2635 1609 sit
2690 1554 2784 1608 Dei
2819 1553 3089 1619 Verbum;
3134 1552 3184 1606 iu
3225 1565 3334 1622 quo

1764 1654 1870 1708 alio
1900 1654 2079 1709 Verbo
2114 1652 2226 1723 (35)
2257 1650 2431 1705 creari
2483 1647 2697 1716 potuit?
2747 1646 2872 1701 Haec
2923 1660 3086 1717 porro
3112 1643 3337 1701 Graeco—

1762 1759 1879 1799 rum
1919 1743 2081 1797 etiam
2110 1742 2378 1812 sapientes
2400 1739 2686 1793 edixerunt
2718 1757 2729 1791 :

1681 1835 1728 1896 B
1830 1855 2129 1926 lueffabilia
2161 1856 2299 1908 enim
2345 1853 2556 1923 gignunt
2596 1850 2689 1905 Dei
2730 1848 3108 1926 generationes.
3202 1870 3203 1873 η

1839 1924 1962 1997 Ipse
2010 1942 2128 1980 vero
2177 1941 2336 1993 supra
2393 1937 2597 1977 onmem
2649 1924 2945 1989 passionem
2997 1930 3045 1973 et
3088 1926 3337 2059 na[turanr

3162 1999 3259 2041 est.

3162 1999 3259 2041 εει.

1825 2112 1890 2166 γ.
1934 2111 1990 2168 Si
2021 2110 2209 2175 Filius,
2252 2117 2309 2164 ut
2353 2119 2629 2165 ostensum
2671 2107 2791 2172 fuit,
2836 2113 2920 2160 est
2976 2104 3091 2175 ipsa
3128 2115 3332 2158 aeterna

1759 2206 1887 2271 vita,
1922 2216 1976 2261 et
2002 2205 2091 2259 lux
2124 2219 2272 2268 vera,
2324 2203 2568 2273 profecto
2607 2215 2727 2255 esse
2758 2209 2807 2253 et
2841 2198 3023 2251 vivere
3061 2212 3168 2249 non
3213 2209 3327 2249 caa-

1757 2295 1854 2365 pit.
1900 2295 1964 2348 Et
2006 2292 2277 2356 similiter,
2329 2291 2374 2346 si
2424 2290 2587 2345 Pater
2617 2302 2831 2359 quoque
2860 2293 2944 2341 est
2972 2288 3085 2341 hac
3115 2285 3328 2348 eadem,

1758 2386 1810 2439 in
1840 2384 1982 2439 nulla
2021 2400 2080 2438 re
2109 2384 2176 2438 ab
2201 2397 2267 2438 eo
2296 2380 2476 2438 differt
2496 2379 2684 2453 Filius,
2711 2394 2777 2433 ne
2804 2378 3099 2435 secundum
3124 2374 3333 2444 cogita-

1758 2477 1956 2531 tionem
1986 2476 2225 2545 quidem.

1804 2556 1913 2623 'Vl.
1959 2568 2015 2622 Si
2047 2568 2244 2621 dicitur
2296 2564 2463 2619 Filius
2518 2579 2638 2619 esse
2694 2562 2931 2633 potentia
2975 2568 3027 2613 et
3065 2556 3327 2626 sapientia

1759 2661 1872 2725 Dei,
1907 2667 2211 2714 coaeternus
2242 2667 2325 2711 est
2359 2656 2590 2728 genitori
2620 2672 2634 2721 ;
2674 2669 2796 2709 nam
2828 2668 3003 2722 neque
3036 2650 3195 2705 Pater
3227 2648 3328 2703 fuit

1763 2766 1998 2821 unquam
2042 2750 2158 2804 sine
2206 2748 2312 2812 his,
2360 2762 2537 2815 neque
2585 2747 2765 2801 dicere
2788 2745 2933 2809 licet,
2978 2758 3096 2797 eum
3132 2739 3332 2808 aliquid

1755 2844 1883 2899 olim
1914 2857 2019 2897 non
2061 2841 2341 2903 habuisse,
2384 2838 2741 2909 quodcunque
2787 2837 2839 2891 id
2892 2836 2981 2901 sit,
3038 2848 3103 2888 ac
3148 2841 3331 2902 postea

1758 2935 1888 2989 illud
1938 2933 2235 3003 accepisse.
2293 2931 2392 2998 Qui
2430 2946 2556 2985 vero
2596 2946 2662 2985 ex
2698 2929 3037 2983 ethnicorum
3069 2923 3333 2994 sapientia

1760 3027 1963 3097 aliquid
1999 3026 2327 3093 didicerunt,
2356 3023 2390 3078 ii
2422 3038 2595 3093 neque
2619 3022 2909 3078 secundam
2940 3019 3176 3088 aliquam
3204 3030 3333 3086 spe-

1755 3118 1914 3177 ciem,
1967 3132 2066 3171 nec
2114 3126 2327 3183 tempus
2383 3114 2599 3184 aliquod
2655 3113 2977 3176 secundum,
3031 3108 3076 3162 si
3134 3106 3207 3161 ita
3251 3106 3333 3159 io-

1756 3212 1846 3280 qui
1884 3211 1964 3264 fas
1998 3220 2101 3270 est,
2133 3209 2185 3263 iu
2218 3208 2442 3262 Deitatis
2475 3205 2793 3262 exsistentia
2826 3201 3190 3273 speculantes,
3222 3198 3338 3253 haec

1753 3316 1849 3371 pro
1875 3316 2061 3355 eorum
2086 3301 2291 3355 viribus
2327 3299 2578 3353 dixerunt
2607 3312 2621 3349 :

1823 3413 1945 3481 Ipse
2030 3414 2205 3467 omnia
2274 3410 2372 3480 [ert
2442 3410 2580 3464 Deus
2643 3406 3013 3469 immortalis;
3078 3404 3202 3486 ipse.
3252 3401 3337 3456 sui

3104 3489 3267 3527 ιυδιιισ

3186 3490 3200 3525 ι

1826 3554 1895 3608 Ει
1934 3556 2157 3624 genitor,
2199 3560 2247 3605 et
2296 3551 2451 3605 radix
2487 3559 2584 3617 est,
2632 3558 2681 3603 et
2733 3548 3008 3613 terminus,
3068 3475 3343 3611 alim/iiii“.

1826 3667 1936 3722 VII.
1981 3668 2036 3722 Si
2083 3680 2233 3735 aeque
2273 3680 2336 3719 ac
2379 3664 2559 3729 Pater,
2598 3661 2793 3727 salvat,
2825 3668 3011 3730 utpote
3041 3658 3319 3719 Salvator,

1756 3772 1811 3815 et
1846 3765 2067 3828 insuper
2097 3759 2140 3812 si
2173 3756 2443 3827 sapientes
2475 3751 2669 3816 reddit,
2705 3754 2748 3808 si
2780 3767 2941 3806 verax
2975 3760 3082 3815 est,
3113 3751 3155 3804 si
3178 3749 3340 3819 justi-

1761 3855 1906 3919 ﬁcat,
1939 3854 1983 3907 si
2018 3851 2341 3917 sanctiﬁcat,
2385 3866 2447 3903 ac
2488 3849 2532 3903 si
2564 3848 2743 3903 omnia
2799 3858 3132 3914 qutecuuque
3180 3841 3340 3896 Pater

1761 3946 1914 4008 facit,
1982 3943 2099 3998 haec
2143 3944 2306 3997 etiam
2358 3940 2530 3996 Filius
2577 3938 2827 3994 similiter
2876 3936 3048 3991 facit:
3110 3944 3341 4004 apparet.

1762 4053 1885 4093 eum
1920 4052 2026 4091 non
2060 4049 2181 4089 esse
2210 4034 2356 4088 Patri
2387 4032 2728 4087 dissimilem.

1836 4127 1965 4183 VIII.
2008 4127 2063 4181 Si
2112 4126 2283 4180 forma
2330 4125 2592 4185 carentis,
2632 4134 2686 4178 et
2725 4122 3033 4188 invisibilis,
3067 4129 3123 4175 et
3151 4120 3341 4176 aeterni

1763 4221 1883 4283 Dei,
1939 4221 2081 4275 sicut
2141 4219 2345 4274 Paulus
2402 4217 2641 4273 Hebraeis
2690 4215 2903 4279 scribit,
2962 4214 3219 4285 splendor
3258 4223 3344 4267 est

1760 4314 1966 4380 gloriae,
2022 4323 2077 4367 et
2134 4313 2424 4366 character
2476 4308 2641 4381 324
2667 4309 3017 4374 substantia,
3067 4317 3121 4363 et
3163 4308 3343 4373 imago

1766 4402 2107 4473 Unigenitus,
2156 4417 2223 4457 ac
2275 4401 2320 4456 si
2376 4402 2493 4468 ipse
2537 4416 2697 4454 verax
2758 4410 2860 4466 cst,
2893 4416 3014 4454 etim
3052 4400 3147 4466 ait,
3197 4398 3343 4465 «Qui

1767 4494 1878 4564 (56)
1928 4494 2061 4548 vidit
2090 4508 2198 4563 me,
2233 4494 2369 4549 vidit
2398 4492 2644 4559 Patrem;
2677 4511 2694 4544 ι
2740 4502 2814 4557 ei,
2850 4511 2867 4544 ι
2891 4491 3000 4563 Ego
3026 4492 3137 4563 (37)
3167 4500 3220 4546 et
3242 4491 3346 4546 Pa-

1770 4595 1851 4640 ter
1883 4600 2046 4638 unum
2075 4599 2305 4640 sumus:
2341 4602 2359 4635 ι
2418 4582 2662 4655 profecto
2709 4582 3190 4638 consubstantialis
3237 4592 3344 4646 est,

1765 4689 1821 4735 et
1860 4688 2182 4745 eoaaternus,
2224 4690 2279 4733 et
2316 4677 2580 4748 aequalis,
2620 4687 2673 4732 et
2711 4676 2889 4745 quoad
2933 4676 3113 4730 omnia
3154 4674 3346 4729 similis

1766 4773 1878 4827 Deo
1919 4772 2086 4839 Patri,
2137 4771 2383 4839 nihilque
2430 4771 2500 4824 ab
2536 4786 2601 4824 eo
2633 4769 2974 4836 discrepans.
3018 4766 3148 4820 Nam
3195 4766 3280 4819 lux
3318 4782 3349 4820 e

1769 4864 1889 4919 luce
1913 4878 2088 4933 neque
2110 4862 2418 4917 heterousie
2472 4861 2546 4930 (id
2594 4871 2677 4915 est
2721 4875 2842 4913 cum
2889 4858 3190 4911 diversitate
3227 4857 3350 4910 sub-

1767 4954 1997 5024 stantiae)
2055 4962 2370 5023 generatur,
2424 4966 2526 5005 nec
2582 4949 2902 5020 posterius;
2957 4956 3011 5000 et
3063 4948 3351 5001 character

1767 5047 2085 5103 substantia:
2132 5046 2335 5100 indicat
2370 5045 2735 5107 identitatem,
2758 5055 3089 5109 omnemque
3113 5040 3353 5095 excludit

1772 5150 1999 5201 natura},
2043 5147 2098 5193 et
2153 5137 2357 5207 gloriaz,
2395 5147 2448 5190 et
2475 5134 2884 5206 omnipotentiae
2907 5132 3350 5202 discrepantiam;

1770 5244 1822 5289 et
1858 5233 2033 5302 imago
2065 5230 2341 5286 rationalis
2375 5229 2595 5284 denotat
2627 5226 2995 5298 mqualitatem
3045 5241 3110 5280 ac
3161 5225 3354 5281 simili-

1776 5324 2060 5388 tudinem;
2099 5333 2153 5376 et
2206 5323 2298 5391 qui
2354 5321 2498 5376 videt
2540 5329 2875 5386 creaturam,
2919 5334 3024 5374 non
3076 5318 3219 5373 videt
3267 5316 3353 5370 ln-

1780 5598 1892 5667 ipsa
1942 5598 2153 5652 ratione
2209 5597 2440 5649 Arianos
2478 5596 2677 5652 refellit
2723 5602 2879 5654 tract.
2932 5599 2947 5651 ι
2992 5595 3047 5647 in
3073 5592 3355 5653 Joannem.

1779 5683 1925 5722 num.
1974 5668 2059 5731 Η,
2103 5683 2221 5735 pag.
2262 5668 2390 5729 295,
2431 5676 2560 5721 tom.
2596 5669 2676 5723 Ill.

1850 5737 1963 5805 (56)
2006 5738 2127 5800 Qui.
2172 5737 2326 5792 Joau.
2366 5754 2477 5799 xxv,
2518 5741 2571 5793 υ.

1853 5809 1963 5880 (57)
2005 5807 2135 5879 Ego.
2186 5807 2431 5882 Joan._x,
2464 5809 2517 5865 5.
