3716 6334
170 336 252 396 133

1163 318 1253 374 DE
1296 316 1674 374 TRINITATE
1712 315 1913 371 LIBER
1953 314 2282 374 TERTIUS.

3242 317 3349 374 794

169 455 242 512 τοῦ
269 445 376 503 Υἱοῦ
402 444 484 497 τὸν
509 441 642 496 Θεὸν
671 442 767 494 καὶ
796 438 1017 512 Πατέρα
1048 439 1207 510 μόνον
1237 439 1574 506 ἐγνωκόταςο
1617 434 1677 487 οὐ

1862 434 2003 498 ulus,
2045 448 2107 488 ac
2131 431 2175 487 si
2204 432 2250 486 is
2289 438 2550 502 praeterea
2595 429 2814 496 atheos,
2877 428 2928 485 id
2972 432 3196 486 estsine
3226 431 3359 500 Deo,

168 548 328 615 κτίσμα
350 541 374 592 6
396 536 516 599 Θεὸς
547 533 740 605 Λόγος.

217 821 299 875 1Ε’.
326 816 380 870 EI
415 811 675 876 Ἰουδαῖοι,
721 809 1121 879 ἀπιστήσαντες
1168 804 1245 876 τῷ
1279 802 1525 875 Χριστῷ,
1568 801 1680 854 ἴσον

163 912 312 968 ἑαυτὸν
357 904 588 960 ποιοῦντι
626 901 704 973 τῷ
753 901 896 971 Θεῷ,
943 899 1038 953 καὶ
1080 897 1170 952 διὰ
1215 896 1376 950 τοῦτο
1431 893 1680 964 σταυρώ-

165 1016 311 1061 cum;
343 994 488 1048 αὑτὸν
527 989 955 1062 κατεκρίθησαν,
994 984 1315 1058 Χριστιανοὶ
1355 982 1414 1047 δὲ
1455 980 1680 1033 πιστεύ-

162 1107 310 1153 σαντες
332 1085 584 1155 ’ἀνωτέρω
615 1082 838 1142 ἐκείνων
869 1079 1188 1149 γεγόνασινο
1243 1077 1304 1130 οὐ
1357 1073 1680 1146 μικρότερος

158 1187 201 1246 ἐν
222 1201 306 1238 τινι
326 1179 409 1234 τοῦ
440 1177 570 1242 ἰδίου
599 1174 812 1247 Πατρδς
841 1176 870 1228 ὁ
902 1173 1050 1236 Υἱός,

209 1278 304 1343 ις’.
334 1274 389 1326 Ei
427 1269 521 1323 τοῦ
579 1269 740 1340 μόνου
776 1266 911 1320 Θεοῦ
963 1263 1241 1334 ἐξαίρετον
1281 1259 1344 1315 τὸ
1394 1257 1680 1330 ὑμνεῖσθαι

160 1388 174 1420 ι
203 1367 343 1436 μέγας
365 1361 487 1424 Θεὸς
507 1400 522 1424 ,
564 1378 583 1412 ι
612 1356 1010 1427 ἀντιφθέγγεται
1055 1352 1099 1406 δ’
1139 1351 1260 1424 [151
1293 1349 1345 1422 b]
1378 1353 1406 1404 6
1434 1349 1678 1412 Παῦλος,

156 1457 275 1512 «Τοῦ
309 1453 529 1528 μεγάλου
566 1450 700 1504 Θεοῦ
727 1449 820 1505 καὶ
852 1447 1104 1518 Σωτῆρος
1139 1443 1298 1515 ἡμῶν
1339 1442 1514 1512 Ἰησοῦ
1545 1441 1683 1512 Χρι-

153 1567 270 1614 areu,
292 1567 308 1600 ι
349 1546 435 1599 καὶ
457 1546 484 1597 6
514 1543 706 1608 Δαυῒδ,
742 1560 761 1593 ι
787 1540 884 1604 Τίς
927 1539 1111 1610 ὅμοιός
1157 1553 1236 1589 σοι
1267 1537 1322 1588 ὲν
1361 1534 1536 1601 Θεοῖς,
1570 1534 1682 1588 Κύ-

151 1656 278 1713 ριε;ρ
322 1636 413 1689 οὐκ
445 1633 773 1706 ἐξοχώτερος
801 1631 894 1686 τοῦ
945 1627 1099 1695 Υἱοῦ,
1128 1627 1248 1682 οὐδὲ
1293 1626 1681 1698 ἀπαράϐλητος

153 1734 260 1803 πρὸς
292 1730 456 1785 αὐτόν.

1783 526 1906 580 illos
1935 535 2118 588 vocat,
2180 523 2272 592 qui
2325 531 2482 576 antea
2513 536 2618 576 non
2674 521 2892 587 Filium,
2954 523 3051 578 sed
3100 523 3264 578 Deum
3305 535 3360 579 ct

1784 616 2002 670 Patrem
2033 616 2302 670 duntaxat
2346 626 2649 680 noveram;
2688 629 2796 670 non
2826 623 2918 686 ,est
2951 629 3083 671 sane
3108 625 3360 671 creatura

1782 707 1926 762 Deus
1959 706 2221 761 Verbum.

1852 797 1970 852 X'V.
2004 798 2060 853 Si
2087 797 2280 865 Judrei,
2309 797 2401 868 qui
2433 797 2654 853 Christo
2673 809 3022 869 semetipsum
3053 799 3162 855 Deo
3178 815 3361 870 aequa-

1782 889 1884 946 lem
1919 890 2139 945 facienti
2177 906 2281 944 non
2317 891 2692 958 crediderunt,
2709 906 2881 962 eaque
2916 893 2980 946 de
3013 908 3178 947 causa
3207 893 3358 949 illum

1782 983 2197 1051 cruciﬁxerunt,
2263 983 2608 1039 condemnati
2669 995 2824 1052 sunt;
2887 983 3178 1039 Christiani
3210 1000 3359 1054 vero,

1783 1076 1876 1145 qui
1917 1077 1965 1131 ei
2001 1075 2375 1142 crediderunt,
2401 1093 2564 1154 supra
2614 1077 2734 1132 illos
2761 1077 2953 1132 elevati
2990 1077 3177 1145 fuere;
3217 1077 3362 1134 nulla

1787 1168 1841 1222 in
1877 1182 1933 1221 re
1975 1167 2196 1238 proprio
2225 1165 2385 1222 Patre
2415 1170 2595 1223 minor
2625 1179 2707 1223 est
2736 1168 2925 1224 Filius.

1852 1259 1992 1314 XVI.
2033 1261 2088 1316 Si
2119 1260 2215 1316 soli
2247 1260 2355 1316 Deo
2386 1262 2607 1329 eximie,
2668 1272 2831 1333 atque
2872 1262 3206 1324 excellenter
3232 1278 3360 1317 con-

1781 1352 1949 1418 venit,
1983 1363 2039 1409 ut
2067 1375 2084 1405 ι
2106 1353 2328 1423 Magnus
2347 1355 2486 1410 Deus
2515 1374 2533 1408 ι
2561 1365 2901 1424 nuncupetur
2936 1371 2998 1410 ac
3016 1356 3360 1425 praedicetur,

1783 1443 1860 1497 ait
1900 1458 2030 1499 vero
2069 1442 2288 1507 Paulus,
2319 1463 2336 1496 ι
2365 1444 2545 1514 Magni
2569 1444 2662 1499 Dei
2689 1445 2806 1517 ,(50)
2853 1453 2907 1500 et
2938 1445 3237 1500 Salvatoris
3260 1460 3362 1499 no-

1784 1537 1883 1591 Stri
1913 1535 2045 1592 Jesu
2069 1535 2294 1600 Christi,
2331 1555 2350 1586 ›
2378 1546 2432 1594 et
2466 1536 2656 1602 David,
2709 1555 2727 1588 ι
2753 1537 2884 1604 Quis
2916 1537 3107 1592 similis
3131 1537 3242 1607 (5i)
3268 1536 3363 1592 tibi

1785 1630 1836 1682 in
1869 1630 1991 1695 diis,
2026 1629 2294 1686 Domine?
2319 1649 2338 1682 ι
2397 1645 2502 1683 non
2536 1638 2618 1683 est
2649 1645 2778 1686 sane
2811 1629 2971 1685 Pater
3010 1630 3364 1685 excellentior

1785 1721 1942 1784 Filio,
1978 1736 2156 1790 neque
2190 1721 2636 1789 incomparabilis
2665 1735 2914 1791 respectu
2956 1723 3146 1792 ipsius.

199 1791 278 1880 ιὶν.
313 1824 370 1876 Ei
399 1823 426 1884 6
458 1819 621 1886 αὐτὸς
650 1816 864 1884 Παῦλος
897 1816 957 1870 οὐ
990 1813 1315 1886 συναριθμεῖ
1355 1810 1520 1865 αὑτὸν
1563 1813 1680 1875 τοῖς

1862 1812 2019 1870 XVII.
2063 1815 2118 1868 Si
2160 1815 2300 1868 idem
2355 1814 2556 1868 Paulus
2609 1815 2751 1869 inter
2806 1791 3022 1870 creatos
3045 1816 3172 1870 deos
3215 1815 3362 1870 illum

148 1920 338 1980 κτιστοῖς
365 1915 523 1978 Θεοῖς,
568 1912 852 1966 συντάττει
890 1910 947 1963 δὲ
983 1908 1122 1980 μετὰ
1164 1905 1258 1960 τοῦ
1291 1905 1527 1976 Πατρὸς,
1561 1906 1672 1957 Ko-

150 2010 330 2083 ρινθίοις
372 2008 618 2079 γράφων,
657 2023 678 2057 ι
715 2004 828 2058 Καὶ
874 2002 985 2074 γὰρ
1033 2002 1191 2072 εῐπερ
1237 1999 1344 2051 εἰσὶ
1395 1997 1679 2068 λεγόμενοι

147 2103 232 2158 θεοὶ
251 2100 434 2164 πολλοὶ,
463 2099 560 2164 καὶ
595 2095 775 2168 κύριοι
807 2094 992 2165 πολλοὶ
1017 2092 1074 2150 ἐν
1113 2109 1172 2146 τε
1205 2091 1422 2164 οὐρανῷ
1455 2093 1547 2144 καὶ
1587 2091 1681 2143 ἐπὶ

146 2195 239 2264 γῆς,
267 2192 368 2246 ἀλλ’
407 2177 553 2262 ἡμῖν’
578 2183 658 2253 εἷς
686 2187 817 2250 Θεὸς
847 2188 875 2239 6
911 2185 1118 2257 Πατὴρ,
1163 2183 1224 2250 ἐξ
1257 2178 1316 2238 οὗ
1352 2183 1421 2237 τὰ
1457 2183 1638 2237 πάντα
1662 2198 1676 2213 ·

145 2278 224 2339 καῖ
243 2281 312 2348 εἷς
339 2281 540 2355 Κύριος
577 2279 785 2352 Ἰησοῦς
813 2278 1071 2350 Χριστὸς,
1119 2278 1188 2331 δι’
1224 2271 1286 2329 οὗ
1317 2275 1388 2336 τὰ
1420 2276 1627 2331 πάντα·
1653 2294 1673 2328 ι

145 2378 220 2431 οὐκ
241 2379 289 2429 ἐν
319 2377 578 2448 ποιήμασι
610 2371 1016 2439 συντετάξεται,
1049 2369 1188 2442 μετὰ
1221 2370 1278 2424 δὲ
1309 2370 1525 2446 Πατρὸς
1557 2387 1682 2423 συν-

143 2469 514 2540 δοξασθήσεται.

199 2564 287 2618 IH'.
323 2565 383 2617 Ei
444 2560 782 2636 δημιουργὸς
845 2558 1103 2625 πάντων,
1158 2556 1256 2611 καὶ
1328 2555 1506 2613 αὐτῶν
1572 2553 1681 2610 τῶν

143 2657 312 2720 αἰώνων
351 2657 494 2722 ἐστὶν
539 2656 567 2709 6
601 2655 751 2720 Υἱὸς,
787 2652 864 2718 ὡς
894 2651 1135 2724 ἐγράφη,
1178 2648 1286 2722 πρὸ
1321 2649 1501 2720 πάσης
1533 2649 1684 2720 ὲνερ-

144 2749 267 2816 γείας
307 2747 480 2801 ἐστίν·
530 2749 560 2801 6
593 2746 651 2800 δὲ
699 2745 806 2817 πρὸ
851 2743 1030 2813 πάσης
1078 2741 1362 2814 ἐνεργείας
1415 2740 1512 2793 οὐκ
1563 2739 1684 2812 ὲδη-

146 2840 426 2912 μιονργήθη.
452 2838 625 2894 Οὐδὲν
663 2838 772 2910 γὰρ
801 2835 1148 2909 προαιώνιον,
1194 2835 1227 2906 ἢ
1267 2835 1373 2906 πρὸ
1405 2833 1684 2906 ἐνεργείας

143 2935 307 2985 νοεῖται
355 2932 596 2997 κτιστὸν,
649 2931 763 2984 ἀλλ’
805 2931 839 3000 ὴ
885 2930 944 2982 ὲν
995 2928 1140 2981 ὲνάδι
1197 2927 1464 2998 ἀγένητος
1515 2923 1685 2998 Τριὰς

143 3024 269 3096 μᾲνη.
292 3026 396 3092 Καὶ
421 3023 602 3086 ἄλλως
621 3039 635 3054 ·
669 3024 734 3076 Εἰ
767 3023 987 3076 πάντων
1014 3019 1398 3091 γενεσιουργός
1429 3019 1546 3072 ἐστι
1575 3015 1684 3070 τῶν

141 3113 296 3179 ὅντων,
331 3116 429 3183 οῦκ
461 3115 612 3168 ἔστιν
641 3115 717 3178 ὼς
753 3113 928 3168 ταῦτα
963 3112 1201 3176 κτιστός.
1228 3111 1364 3163 Κατ’
1393 3109 1546 3162 οὐδὲν
1576 3107 1685 3179 γὰρ

138 3211 223 3274 τᾶς
262 3210 550 3282 κτίσμασιν
585 3211 616 3263 6
645 3208 871 3280 κτίστης
904 3205 1292 3278 παραπλήσιος
1325 3198 1466 3255 εἶναι
1517 3200 1682 3255 δύνα-

139 3301 284 3370 ται,ῆ
322 3300 546 3370 ὀφείλει.
586 3298 726 3352 Ἀλλ’
761 3299 882 3352 οὐδὲ
928 3298 1136 3368 κτίσμα
1181 3292 1545 3374 δημιουργοῦν
1593 3292 1685 3345 οὺ-

139 3395 239 3466 σιοζ,
260 3393 294 3465 ἢ
318 3391 533 3463 λογικὸν
560 3390 836 3446 ἀποτελεῖ.

188 3649 274 3706 10.
306 3651 366 3704 Εἰ
395 3645 464 3722 ἦν
491 3652 552 3705 ἐν
585 3652 653 3722 τῇ
685 3652 826 3722 ἀρχῇ
861 3648 996 3712 Θεὸς
1039 3648 1178 3720 πρὸς
1209 3645 1301 3700 τὸν
1327 3644 1482 3710 Θεὸν,
1511 3643 1684 3716 ἀρχὴν

137 3740 270 3813 ἄλλην
295 3743 451 3808 αὐτὸς
478 3744 584 3798 οὐκ
606 3743 742 3813 ἔχει,
773 3741 1130 3816 ἀρχαιότερος
1155 3739 1230 3792 ὢν
1269 3740 1452 3807 πάσης
1487 3737 1680 3809 ἀρχῆς.

146 3834 270 3887 Ἐπεὶ
305 3835 520 3906 ἀνάγκη
571 3837 727 3888 πᾶσα
771 3834 956 3887 δοῦναι
1003 3830 1176 3904 ἀρχὴν
1222 3831 1317 3884 καὶ
1360 3829 1438 3900 τῷ
1488 3827 1683 3898 Πνατρί.

143 3919 307 3978 «Ἦν»
346 3927 477 3999 γὰρ,
522 3929 714 4000 φησὶν,
767 3945 785 3978 ι
813 3929 872 3980 ὲν
914 3928 982 3998 τῇ
1036 3926 1177 3997 ἀρχῇ
1236 3923 1369 3985 Θεὸς
1409 3921 1545 3992 πρὸς
1593 3919 1685 3972 τὸν

138 4016 261 4073 Θεόν.
285 4039 301 4070 ι
348 4021 461 4073 Οὐκ
496 4019 646 4072 ἐστιν
697 4018 755 4072 δὲ
787 4018 930 4090 ἀρχὴ
963 4017 1066 4088 τῆς
1098 4018 1230 4088 μιᾶς
1278 4015 1536 4098 θεότητος
1585 4013 1685 4084 τῆς

139 4105 272 4180 οὔσης
295 4111 348 4163 ὲν
377 4114 444 4183 τῇ
482 4113 654 4184 ἀρχῇ.

191 4203 262 4255 Κ⁹.
289 4204 350 4257 Ei
377 4204 471 4257 νοῦ
517 4203 724 4271 παντὸς
755 4201 1075 4273 ἀνῴκισται,
1114 4200 1232 4264 πῶς
1264 4199 1542 4271 Παρθένος
1569 4197 1688 4271 ῥεύ-

140 4306 251 4358 σεως
275 4295 423 4359 ἐκτὸς
467 4295 682 4362 ἔτεκεν,
716 4295 947 4365 μείνασα
985 4295 1146 4347 πάλιν
1175 4294 1473 4365 παρθένος·
1509 4292 1687 4365 πολλῷ

140 4385 304 4454 μᾶλλον
327 4387 773 4458 (ἄνεςξικτότερον,ι
800 4385 919 4450 πῶς
949 4386 1248 4455 αὑτογενὴς
1282 4386 1414 4450 Θεὸς
1442 4386 1537 4439 καὶ
1574 4387 1688 4440 Πα-

1781 1921 1887 1959 non
1926 1916 2302 1976 connumerat,
2347 1907 2440 1960 sed
2488 1908 2661 1976 ipsum
2715 1923 2835 1961 cum
2883 1905 3044 1962 Patre
3098 1918 3276 1976 aequat
3311 1914 3368 1963 et

1781 1997 2034 2062 collocat,
2086 1997 2332 2053 scribens
2369 1998 2689 2064 Corinthiis,
2744 2019 2761 2051 ι
2797 1999 2928 2053 Nam
2960 2001 3058 2054 etsi
3095 2000 3208 2070 (52)
3241 2011 3367 2056 sunt

1780 2090 1871 2161 qui
1908 2091 2163 2146 dicuntur
2217 2092 2291 2146 dii
2327 2091 2502 2155 multi,
2530 2101 2582 2145 et
2612 2092 2818 2148 domini
2862 2093 3013 2147 multi
3045 2103 3097 2151 et
3127 2094 3178 2148 in
3204 2093 3364 2157 c0310.

1783 2190 1840 2235 et
1867 2181 1920 2236 in
1958 2191 2136 2237 terra:
2175 2190 2352 2236 tamen
2406 2183 2562 2237 nobis
2603 2200 2744 2239 unus
2784 2184 2928 2240 Deus
2948 2185 3129 2252 Pater,
3157 2202 3223 2240 ex
3257 2201 3368 2255 quo

1785 2275 1994 2339 omnia,
2031 2283 2088 2328 et
2121 2290 2262 2330 unus
2287 2275 2549 2330 Dominus
2567 2275 2727 2331 Jesus
2757 2277 3026 2342 Christus,
3065 2295 3163 2348 per
3207 2295 3367 2348 quem

1784 2367 1999 2432 omnia;
2027 2385 2044 2417 ι
2081 2382 2187 2420 non
2213 2374 2300 2422 est
2327 2367 2488 2436 igitur
2513 2369 2656 2422 inter
2677 2378 2960 2425 creaturas
2989 2371 3366 2436 collocandus,

1785 2460 1878 2513 sed
1913 2474 2034 2512 cum
2061 2458 2227 2513 Patre
2259 2459 2776 2530 conglorilicandus.

1860 2551 2024 2622 326
2063 2550 2247 2606 XVIII.
2272 2542 2337 2606 Si
2359 2567 2542 2606 rerum
2561 2553 2906 2618 omnium,ac
2943 2554 3179 2625 ipsorum
3203 2555 3367 2611 etiam

1785 2643 2106 2697 surculorum
2142 2643 2394 2698 conditor
2421 2654 2505 2698 est
2551 2643 2744 2709 Filius,
2773 2647 2915 2700 sicut
2948 2648 3207 2716 scriptum
3234 2648 3370 2718 legi-

1787 2745 1876 2790 tur
1909 2735 2044 2808 (55),
2082 2736 2468 2808 exstitit-ergo
2516 2747 2804 2807 antequam
2846 2739 3140 2808 quidquam
3187 2738 3364 2796 ﬂeret.

1783 2825 1854 2879 At
1899 2827 1988 2895 qui
2041 2827 2251 2880 exstitit
2307 2838 2595 2894 antequam
2654 2827 2951 2898 quidquam
3013 2830 3199 2892 lieret,
3261 2844 3368 2883 non

1786 2916 1890 2971 fuit
1914 2917 2206 2980 conditus;
2257 2917 2392 2971 nihil
2429 2917 2602 2983 enim,
2635 2919 2783 2988 quod
2839 2925 3084 2973 creatum
3110 2920 3200 2982 sit,
3241 2930 3370 2974 ante

1788 3007 2013 3072 saecula,
2037 3018 2131 3062 aut
2165 3016 2292 3062 ante
2319 3010 2654 3064 creationem
2699 3009 2978 3065 exsistens
3015 3011 3368 3082 intelligitur;

1792 3099 1888 3154 sed
1927 3114 1990 3154 ea
2021 3100 2306 3167 duntaxat,
2359 3115 2478 3168 quae
2522 3099 2576 3154 in
2614 3100 2822 3155 unitate
2849 3102 3082 3168 exsistit,
3126 3103 3368 3158 increata

1792 3186 2056 3244 Trinitas.
2090 3188 2159 3242 Et
2189 3189 2388 3244 aliter:
2425 3189 2480 3244 Si
2507 3191 2770 3254 omnium,
2808 3207 2928 3261 utra:
2953 3201 3098 3260 sunt,
3121 3195 3371 3248 conditor

1789 3292 1894 3345 est,
1916 3297 2020 3336 non
2045 3291 2126 3338 est
2155 3291 2390 3346 creatus,
2418 3281 2718 3350 cuiusmodi
2752 3283 2840 3338 illa
2869 3296 3026 3351 sunt;
3062 3285 3209 3339 nullo
3226 3287 3368 3339 enim
3418 3267 3428 3280 ’

1793 3376 1952 3429 modo
1975 3387 2162 3430 creato
2173 3377 2246 3432 ris
2263 3375 2492 3432 Creator
2506 3375 2697 3431 similis
2715 3390 2834 3431 esse
2855 3387 3029 3448 potest
3069 3389 3160 3432 aut
3177 3379 3368 3446 debet;

1792 3479 1891 3519 nec
1919 3475 2180 3533 praeterea
2211 3475 2462 3521 creatura
2493 3467 2728 3522 creando
2749 3467 2880 3522 dare
2905 3469 3370 3536 potestexsisteu—

1795 3558 1948 3622 tiam,
1986 3574 2162 3627 neque
2194 3559 2420 3616 rationis
2468 3561 2785 3631 participem
2827 3563 3133 3631 quempiam
3169 3561 3365 3616 facere.

1864 3650 2002 3706 XIX.
2049 3651 2104 3706 Si
2128 3663 2246 3706 erat
2281 3653 2333 3706 in
2364 3653 2630 3722 principio
2657 3653 2798 3708 Deus
2832 3655 2976 3722 apud
3009 3655 3194 3719 Deum,
3225 3654 3370 3708 aliud

1797 3745 2127 3814 principium
2158 3744 2326 3800 Filius
2356 3746 2468 3814 ipse
2496 3761 2600 3801 non
2634 3745 2796 3800 habet
2835 3762 2958 3801 cum
2998 3747 3070 3800 sit
3099 3739 3373 3816 antiquior

1797 3837 1948 3889 omni
1977 3836 2242 3905 principio
2271 3855 2286 3891 :
2324 3837 2564 3905 alioquin
2603 3838 2830 3891 omnino
2877 3840 3241 3893 necessarium
3266 3839 3373 3893 erit

1794 3929 2072 3999 assignare
2086 3929 2403 3998 principium
2417 3931 2576 3984 etiam
2592 3929 2762 3984 Patri.
2783 3931 2938 3984 cErat
2952 3950 2971 3982 ι
2987 3931 3153 3998 enim,
3175 3930 3370 3998 inquit,

1801 4039 1819 4070 ι
1850 4020 1902 4073 in
1939 4021 2205 4090 principio
2233 4021 2374 4077 Deus
2408 4023 2548 4092 apud
2584 4024 2750 4077 Deum
2775 4023 2910 4095 (54).
2934 4042 2954 4074 ›
2993 4023 3210 4077 Nullum
3241 4038 3372 4077 vero

1795 4111 2118 4181 principium
2153 4111 2314 4168 habet
2343 4130 2447 4168 una
2495 4115 2676 4171 Deitas
2701 4117 2970 4171 exsisteus
3000 4117 3050 4169 in
3079 4116 3366 4185 principio.

1871 4199 1988 4256 XX.
2030 4200 2085 4256 Si
2118 4202 2261 4255 nulla
2313 4204 2593 4274 percipere
2646 4219 2800 4260 mens
2852 4214 3051 4276 potest,
3100 4207 3372 4275 quomodo

1812 4291 1970 4363 Virgo
2030 4294 2152 4348 sine
2187 4293 2330 4349 ﬂuxu
2367 4297 2660 4366 pepererit,
2695 4312 2921 4352 manens
2970 4313 3161 4353 rursus
3185 4299 3371 4366 virgo:

1794 4392 2001 4452 quanto
2034 4384 2215 4438 minus
2281 4386 2506 4455 intelligi
2559 4387 2784 4456 poterit,
2834 4387 3108 4457 quomodo
3140 4387 3229 4442 ille
3277 4402 3375 4456 per

139 4478 238 4549 τὴρ.
259 4480 532 4552 ἁνάρχως,
570 4481 668 4534 καὶ
693 4479 816 4550 δίχα
847 4479 1057 4543 πάθους
1096 4478 1154 4546 ἐξ
1189 4479 1311 4532 ὅλου
1339 4477 1536 4532 ἑαυτοῦ
1569 4477 1682 4532 ὅλον

1889 4476 2161 4531 exsistens
2195 4478 2334 4532 Deus
2364 4493 2427 4533 ac
2451 4477 2636 4544 Pater,
2665 4482 2731 4536 ab
2766 4489 2989 4544 alterno,
3021 4489 3076 4534 et
3104 4481 3220 4535 sine
3251 4495 3375 4549 pas-

142 4568 408 4643 ισομέτρως-
434 4573 632 4637 τέτοκε
656 4571 746 4626 τὸν
773 4572 923 4628 Υἰόν.

192 4748 307 4802 KA'.
342 4751 406 4805 Ei
465 4752 623 4824 ἡμᾶς
680 4751 926 4817 πλάσας,
975 4751 1360 4816 αὐτεξουσίους
1424 4751 1566 4824 [152
1621 4749 1688 4824 α]

147 4835 387 4910 ἐποίησεν,
430 4844 631 4915 κρίσιν
670 4845 859 4914 ὁρίσας
904 4845 997 4898 ἐπὶ
1039 4845 1184 4916 καλῇ
1217 4846 1310 4899 καὶ
1344 4847 1489 4916 κακῇ
1544 4843 1689 4915 πρά-

141 4927 229 5002 ξει·
269 4934 382 4999 πῶς
424 4936 596 4999 αὐτὸς
646 4937 746 4990 οὐκ
792 4936 906 5007 ἔχει
953 4936 1132 5001 τοῦτο,
1173 4937 1201 4990 6
1244 4937 1444 4992 ἔδωκεν
1473 4939 1608 5007 ἡμῖν
1661 4936 1692 4990 6

144 5018 258 5071 κατὰ
291 5022 387 5090 τὴν
433 5025 784 5095 προφητείαν
816 5025 896 5079 ὢν
936 5025 1103 5093 Θεὸς,
1149 5026 1399 5098 ἰσχυρὸς,
1448 5024 1693 5092 ἐξουσια-

146 5111 247 5175 στῇς
261 5128 275 5142 ·

198 5291 309 5350 KB'.
342 5297 405 5352 El
463 5299 664 5364 πιστός
721 5299 842 5354 ἐστι
903 5301 1107 5374 Πέτρος
1162 5302 1230 5355 εν.
1276 5303 1396 5366 ταῖς
1449 5302 1690 5375 Π-ράξεσι

335 5435 523 5508 ῌαῃηὶ
566 5437 680 5493 Dei.
721 5440 828 5494 Tit.
857 5456 917 5502 ll,
950 5441 1039 5497 l3.

193 5501 300 5639 fl)
339 5501 471 5571 Qui}
530 5509 742 5567 similis.
792 5501 938 5565 Paul.
989 5526 1188 5574 Lxxxv,
1237 5511 1291 5567 7'.
1367 5508 1539 5563 Biblia
1597 5524 1697 5579 pro

193 5603 239 5633 »ν
285 5577 332 5628 ul
358 5586 447 5631 est
477 5596 500 5629 ς
529 5579 675 5639 quis,
704 5599 723 5632 ι
770 5581 966 5635 habent
1008 5581 1109 5635 οὐκ
1135 5581 1304 5639 ἐστιν,
1339 5581 1393 5633 id
1428 5589 1512 5634 est
1537 5597 1563 5630 ι
1585 5595 1692 5636 non

144 5569 239 5639 τιεί,
284 5569 332 5647 id
358 5569 447 5631 est
477 5596 500 5629 ς
529 5579 675 5647 quis,
704 5599 723 5632 ι
770 5581 966 5635 habent
1008 5581 1109 5635 οὐκ
1135 5569 1304 5647 ἐστιν,
1339 5581 1393 5633 id
1428 5589 1512 5634 est
1537 5597 1563 5630 ι
1585 5569 1692 5636 non

150 5651 234 5694 est.
260 5661 278 5694 ι
313 5645 420 5702 Sed
447 5645 588 5703 vide
606 5649 749 5704 Psal.
776 5665 1040 5711 Lxxxvm.
1069 5651 1122 5707 7.

205 5711 306 5783 (52)
343 5716 486 5770 Nam
524 5721 647 5774 eui.
715 5721 736 5774 ι
800 5721 927 5774 Cor.
985 5737 1102 5784 vm,
1137 5722 1190 5784 5,
1243 5721 1295 5775 6.
1359 5721 1558 5779 Sextus
1607 5731 1689 5776 ta-

153 5791 255 5837 men
285 5790 582 5846 vers-culus
607 5791 760 5861 paulo
788 5791 946 5847 aliter
973 5808 1031 5849 se
1061 5793 1222 5850 habet
1251 5795 1304 5848 in
1346 5791 1531 5850 Dibliis
1561 5807 1684 5856 cum

1796 4567 1950 4622 sione
1981 4583 2047 4622 ex
2076 4576 2190 4623 toto
2218 4570 2520 4640 sernetipso.
2558 4580 2728 4629 totum
2773 4572 2880 4627 sibi
2915 4571 3158 4643 perfecte
3186 4588 3373 4641 atqua-

1796 4659 1904 4714 lem
1929 4663 2182 4728 genuerit
2207 4661 2460 4731 _Filium?_

1870 4751 2016 4807 XXI.
2056 4753 2111 4809 Si
2146 4769 2269 4808 cum
2317 4753 2488 4810 Filius
2539 4754 2655 4824 ipse
2718 4770 2815 4810 nos
2841 4755 3126 4820 formavit,
3156 4755 3375 4825 propria

1797 4845 2051 4902 libertate
2081 4846 2337 4917 praeditos
2366 4846 2508 4911 fecit,
2535 4845 2783 4916 judicare
2827 4862 2928 4905 nos,
2953 4856 3376 4917 statuensprout

1801 4939 1957 4994 home
1987 4949 2082 4994 aut
2115 4939 2273 4994 malae
2321 4947 2523 4998 nostra:
2553 4939 2802 4999 actiones
2839 4937 3072 5006 fuerint;
3104 4940 3378 5009 quomodo

1802 5033 1918 5104 ipse
1942 5032 2000 5087 id
2027 5047 2132 5087 non
2159 5031 2346 5097 habet,
2388 5030 2532 5101 quod
2563 5031 2712 5085 dedit
2738 5030 2933 5086 nobis?
2960 5031 3095 5100 ipse,
3133 5032 3372 5102 inquam,

1798 5125 1889 5195 qui
1940 5123 2094 5194 juxta
2150 5123 2489 5194 prophetiam
2543 5131 2627 5178 est
2677 5121 2823 5179 Deus
2877 5121 3074 5190 fortis,
3128 5125 3376 5181 domina-

1798 5226 1882 5272 tor
1907 5216 2065 5286 (55)?

1867 5305 2036 5362 XXII.
2082 5306 2138 5362 Si
2173 5306 2278 5362 ﬁde
2303 5307 2504 5380 dignus
2530 5317 2618 5364 est
2637 5306 2831 5364 Petrus
2860 5307 2916 5364 in
2942 5307 3095 5365 Actis
3110 5307 3374 5366 clamans:

1798 5439 2024 5506 Graecis,
2053 5451 2164 5496 tum
2189 5440 2416 5499 Latinis.

1867 5511 1982 5577 (53)
2020 5511 2256 5580 Legitur.
2297 5512 2459 5574 Hebr.
2487 5527 2526 5580 l.,
2551 5513 2608 5568 2.

1863 5575 1978 5652 (56)
2021 5575 2164 5640 Dens,
2189 5585 2329 5652 apud
2373 5575 2561 5638 Deum.
2596 5584 2742 5639 (litat
2784 5598 3008 5642 sensum
3053 5579 3209 5636 Joau.
3239 5593 3282 5643 l,
3309 5575 3365 5632 2.

1861 5651 1976 5722 (55)
2018 5651 2355 5711 Domindtor.
2394 5652 2496 5714 ιω.
2528 5671 2606 5723 ιι,
2633 5655 2690 5722 6,
2716 5653 2872 5724 juxta
2903 5653 3152 5711 Gracam
3195 5657 3372 5708 um-

1788 5719 2067 5780 lationem.

1867 5738 2067 5780 IOIIOIIL
