  <div class='ocr_page' id='page_1' title='image "/cluster/home/n/w/nwhite01/storage/ocr_20150623/39/hvd.32044019207778/405.png"; bbox 0 0 3716 6352; ppageno 0'>
   <div class='ocr_carea' id='block_1_1' title="bbox 372 347 476 400">
    <p class='ocr_par' dir='ltr' id='par_1_1' title="bbox 372 347 476 400">
     <span class='ocr_line' id='line_1_1' title="bbox 372 347 476 400; baseline 0 -1"><span class='ocrx_word' id='word_1_1' title='bbox 372 347 476 400; x_wconf 78' lang='grc'><strong>795</strong></span> 
     </span>
    </p>
   </div>
   <div class='ocr_carea' id='block_1_2' title="bbox 1655 353 3565 435">
    <p class='ocr_par' dir='ltr' id='par_1_2' title="bbox 1655 353 3565 435">
     <span class='ocr_line' id='line_1_2' title="bbox 1655 353 3565 435; baseline 0.015 -28"><span class='ocrx_word' id='word_1_2' title='bbox 1655 353 1895 416; x_wconf 79' lang='lat' dir='ltr'><strong>DIDYMI</strong></span> <span class='ocrx_word' id='word_1_3' title='bbox 1925 362 2401 423; x_wconf 77' lang='lat' dir='ltr'><strong>ALEXANDRINI</strong></span> <span class='ocrx_word' id='word_1_4' title='bbox 3454 407 3456 409; x_wconf 52' lang='grc' dir='ltr'><strong>ν</strong></span> <span class='ocrx_word' id='word_1_5' title='bbox 3493 374 3565 435; x_wconf 78' lang='lat'><strong>796</strong></span> 
     </span>
    </p>
   </div>
   <div class='ocr_carea' id='block_1_3' title="bbox 376 463 1939 560">
    <p class='ocr_par' dir='ltr' id='par_1_3' title="bbox 376 463 1939 538">
     <span class='ocr_line' id='line_1_3' title="bbox 376 463 1939 538; baseline 0.002 -17"><span class='ocrx_word' id='word_1_6' title='bbox 376 485 400 521; x_wconf 73' lang='grc' dir='ltr'><strong>ι</strong></span> <span class='ocrx_word' id='word_1_7' title='bbox 428 465 566 522; x_wconf 83' lang='lat' dir='ltr'><strong>Huic</strong></span> <span class='ocrx_word' id='word_1_8' title='bbox 599 479 791 520; x_wconf 89' lang='lat' dir='ltr'><strong>omnes</strong></span> <span class='ocrx_word' id='word_1_9' title='bbox 817 463 928 536; x_wconf 79' lang='lat'><strong>(56)</strong></span> <span class='ocrx_word' id='word_1_10' title='bbox 957 465 1231 535; x_wconf 72' lang='lat' dir='ltr'><strong>propheta:</strong></span> <span class='ocrx_word' id='word_1_11' title='bbox 1254 467 1622 522; x_wconf 83' lang='lat' dir='ltr'><strong>testimonium</strong></span> <span class='ocrx_word' id='word_1_12' title='bbox 1648 473 1939 538; x_wconf 81' lang='lat' dir='ltr'><strong>perhiIn-nt</strong></span> 
     </span>
    </p>
   </div>
   <div class='ocr_carea' id='block_1_4' title="bbox 2071 463 3567 560">
    <p class='ocr_par' dir='ltr' id='par_1_4' title="bbox 2071 476 3567 560">
     <span class='ocr_line' id='line_1_4' title="bbox 2071 476 3567 560; baseline 0.007 -31"><span class='ocrx_word' id='word_1_13' title='bbox 2071 477 2230 544; x_wconf 68' lang='grc' dir='ltr'><strong>Βοῶν⁹</strong></span> <span class='ocrx_word' id='word_1_14' title='bbox 2275 499 2292 529; x_wconf 72' lang='grc' dir='ltr'><strong>ο</strong></span> <span class='ocrx_word' id='word_1_15' title='bbox 2321 477 2508 548; x_wconf 80' lang='grc' dir='ltr'><strong>Τούτῳ</strong></span> <span class='ocrx_word' id='word_1_16' title='bbox 2538 476 2738 540; x_wconf 77' lang='grc' dir='ltr'>πάντες</span> <span class='ocrx_word' id='word_1_17' title='bbox 2795 478 2844 532; x_wconf 89' lang='lat' dir='ltr'><strong>oi</strong></span> <span class='ocrx_word' id='word_1_18' title='bbox 2909 477 3182 550; x_wconf 79' lang='grc' dir='ltr'><strong>προφῆται</strong></span> <span class='ocrx_word' id='word_1_19' title='bbox 3247 486 3567 560; x_wconf 72' lang='grc' dir='ltr'>μαρτυροῦσιν,</span> 
     </span>
    </p>
   </div>
   <div class='ocr_carea' id='block_1_5' title="bbox 371 557 1957 630">
    <p class='ocr_par' dir='ltr' id='par_1_5' title="bbox 371 557 1957 630">
     <span class='ocr_line' id='line_1_5' title="bbox 371 557 1957 630; baseline 0.003 -18"><span class='ocrx_word' id='word_1_20' title='bbox 371 557 752 612; x_wconf 82' lang='lat' dir='ltr'><strong>remissionem</strong></span> <span class='ocrx_word' id='word_1_21' title='bbox 787 567 1135 625; x_wconf 79' lang='lat' dir='ltr'><strong>pereatorum</strong></span> <span class='ocrx_word' id='word_1_22' title='bbox 1169 557 1415 626; x_wconf 89' lang='lat' dir='ltr'><strong>accipere</strong></span> <span class='ocrx_word' id='word_1_23' title='bbox 1465 574 1559 628; x_wconf 88' lang='lat' dir='ltr'><strong>per</strong></span> <span class='ocrx_word' id='word_1_24' title='bbox 1607 576 1801 615; x_wconf 81' lang='lat' dir='ltr'><strong>nomen</strong></span> <span class='ocrx_word' id='word_1_25' title='bbox 1840 562 1957 630; x_wconf 87' lang='lat' dir='ltr'><strong>ejus</strong></span> 
     </span>
    </p>
   </div>
   <div class='ocr_carea' id='block_1_6' title="bbox 367 648 1956 722">
    <p class='ocr_par' dir='ltr' id='par_1_6' title="bbox 367 648 1956 722">
     <span class='ocr_line' id='line_1_6' title="bbox 367 648 1956 722; baseline 0.003 -18"><span class='ocrx_word' id='word_1_26' title='bbox 367 665 585 704; x_wconf 81' lang='lat' dir='ltr'><strong>Omnem</strong></span> <span class='ocrx_word' id='word_1_27' title='bbox 619 649 709 717; x_wconf 80' lang='lat' dir='ltr'><strong>qui</strong></span> <span class='ocrx_word' id='word_1_28' title='bbox 740 649 909 703; x_wconf 88' lang='lat' dir='ltr'><strong>credit</strong></span> <span class='ocrx_word' id='word_1_29' title='bbox 939 648 990 701; x_wconf 90' lang='lat' dir='ltr'><strong>in</strong></span> <span class='ocrx_word' id='word_1_30' title='bbox 1015 664 1135 702; x_wconf 88' lang='lat' dir='ltr'><strong>eum</strong></span> <span class='ocrx_word' id='word_1_31' title='bbox 1161 667 1174 714; x_wconf 93' lang='lat'>;</span> <span class='ocrx_word' id='word_1_32' title='bbox 1201 668 1219 698; x_wconf 77' lang='grc' dir='ltr'><strong>ι</strong></span> <span class='ocrx_word' id='word_1_33' title='bbox 1258 665 1382 704; x_wconf 88' lang='lat' dir='ltr'><strong>vere</strong></span> <span class='ocrx_word' id='word_1_34' title='bbox 1415 650 1578 714; x_wconf 67' lang='lat' dir='ltr'><strong>igitur</strong></span> <span class='ocrx_word' id='word_1_35' title='bbox 1631 668 1694 706; x_wconf 84' lang='lat' dir='ltr'><strong>ac</strong></span> <span class='ocrx_word' id='word_1_36' title='bbox 1741 653 1956 722; x_wconf 77' lang='lat' dir='ltr'><strong>proprie</strong></span> 
     </span>
    </p>
   </div>
   <div class='ocr_carea' id='block_1_7' title="bbox 372 741 1957 814">
    <p class='ocr_par' dir='ltr' id='par_1_7' title="bbox 372 741 1957 814">
     <span class='ocr_line' id='line_1_7' title="bbox 372 741 1957 814; baseline 0.002 -19"><span class='ocrx_word' id='word_1_37' title='bbox 372 742 473 812; x_wconf 86' lang='lat' dir='ltr'><strong>ipsi</strong></span> <span class='ocrx_word' id='word_1_38' title='bbox 495 742 748 796; x_wconf 88' lang='lat' dir='ltr'><strong>convenit</strong></span> <span class='ocrx_word' id='word_1_39' title='bbox 767 756 959 795; x_wconf 88' lang='lat' dir='ltr'><strong>nomen</strong></span> <span class='ocrx_word' id='word_1_40' title='bbox 976 741 1095 805; x_wconf 81' lang='lat' dir='ltr'><strong>hoc,</strong></span> <span class='ocrx_word' id='word_1_41' title='bbox 1130 742 1320 802; x_wconf 67' lang='lat' dir='ltr'><strong>«Deus,</strong></span> <span class='ocrx_word' id='word_1_42' title='bbox 1337 761 1355 792; x_wconf 82' lang='grc'><strong>›</strong></span> <span class='ocrx_word' id='word_1_43' title='bbox 1376 753 1450 806; x_wconf 88' lang='lat' dir='ltr'><strong>et,</strong></span> <span class='ocrx_word' id='word_1_44' title='bbox 1472 761 1490 792; x_wconf 79' lang='grc' dir='ltr'><strong>ι</strong></span> <span class='ocrx_word' id='word_1_45' title='bbox 1519 743 1687 798; x_wconf 85' lang='lat' dir='ltr'><strong>Filius</strong></span> <span class='ocrx_word' id='word_1_46' title='bbox 1713 746 1957 814; x_wconf 77' lang='lat' dir='ltr'><strong>unigeni-</strong></span> 
     </span>
    </p>
   </div>
   <div class='ocr_carea' id='block_1_8' title="bbox 368 833 1957 902">
    <p class='ocr_par' dir='ltr' id='par_1_8' title="bbox 368 833 1957 902">
     <span class='ocr_line' id='line_1_8' title="bbox 368 833 1957 902; baseline 0.003 -14"><span class='ocrx_word' id='word_1_47' title='bbox 368 843 459 890; x_wconf 85' lang='lat' dir='ltr'><strong>tus</strong></span> <span class='ocrx_word' id='word_1_48' title='bbox 487 835 602 889; x_wconf 86' lang='lat' dir='ltr'><strong>Dei.</strong></span> <span class='ocrx_word' id='word_1_49' title='bbox 632 854 648 885; x_wconf 79' lang='grc' dir='ltr'><strong>ι</strong></span> <span class='ocrx_word' id='word_1_50' title='bbox 671 834 803 887; x_wconf 80' lang='lat' dir='ltr'><strong>Nam</strong></span> <span class='ocrx_word' id='word_1_51' title='bbox 835 834 877 886; x_wconf 82' lang='lat' dir='ltr'><strong>si</strong></span> <span class='ocrx_word' id='word_1_52' title='bbox 901 833 1035 887; x_wconf 78' lang='lat' dir='ltr'><strong>falso</strong></span> <span class='ocrx_word' id='word_1_53' title='bbox 1068 845 1120 887; x_wconf 90' lang='lat' dir='ltr'><strong>et</strong></span> <span class='ocrx_word' id='word_1_54' title='bbox 1146 834 1440 902; x_wconf 89' lang='lat' dir='ltr'><strong>improprie</strong></span> <span class='ocrx_word' id='word_1_55' title='bbox 1477 836 1525 889; x_wconf 93' lang='lat' dir='ltr'><strong>id</strong></span> <span class='ocrx_word' id='word_1_56' title='bbox 1558 837 1606 889; x_wconf 87' lang='lat' dir='ltr'><strong>ei</strong></span> <span class='ocrx_word' id='word_1_57' title='bbox 1637 853 1830 892; x_wconf 86' lang='lat' dir='ltr'><strong>nomen</strong></span> <span class='ocrx_word' id='word_1_58' title='bbox 1860 839 1957 894; x_wconf 81' lang='lat' dir='ltr'><strong>tri-</strong></span> 
     </span>
    </p>
   </div>
   <div class='ocr_carea' id='block_1_9' title="bbox 371 924 1490 994">
    <p class='ocr_par' dir='ltr' id='par_1_9' title="bbox 371 924 1490 994">
     <span class='ocr_line' id='line_1_9' title="bbox 371 924 1490 994; baseline 0 -14"><span class='ocrx_word' id='word_1_59' title='bbox 371 927 650 991; x_wconf 80' lang='lat' dir='ltr'><strong>bueretur,</strong></span> <span class='ocrx_word' id='word_1_60' title='bbox 684 925 816 978; x_wconf 85' lang='lat' dir='ltr'><strong>nihil</strong></span> <span class='ocrx_word' id='word_1_61' title='bbox 849 926 1020 992; x_wconf 90' lang='lat' dir='ltr'><strong>ipsum</strong></span> <span class='ocrx_word' id='word_1_62' title='bbox 1042 924 1236 992; x_wconf 87' lang='lat' dir='ltr'><strong>juvare</strong></span> <span class='ocrx_word' id='word_1_63' title='bbox 1289 935 1490 994; x_wconf 87' lang='lat' dir='ltr'><strong>posset.</strong></span> 
     </span>
    </p>
   </div>
   <div class='ocr_carea' id='block_1_10' title="bbox 450 1017 1956 1089">
    <p class='ocr_par' dir='ltr' id='par_1_10' title="bbox 450 1017 1956 1089">
     <span class='ocr_line' id='line_1_10' title="bbox 450 1017 1956 1089; baseline 0.001 -17"><span class='ocrx_word' id='word_1_64' title='bbox 450 1018 640 1072; x_wconf 76' lang='lat' dir='ltr'><strong>XXIII.</strong></span> <span class='ocrx_word' id='word_1_65' title='bbox 685 1017 740 1071; x_wconf 92' lang='lat' dir='ltr'><strong>Si</strong></span> <span class='ocrx_word' id='word_1_66' title='bbox 782 1017 1049 1071; x_wconf 81' lang='lat' dir='ltr'><strong>mendacii</strong></span> <span class='ocrx_word' id='word_1_67' title='bbox 1084 1031 1279 1085; x_wconf 76' lang='lat' dir='ltr'><strong>expers</strong></span> <span class='ocrx_word' id='word_1_68' title='bbox 1335 1019 1477 1073; x_wconf 88' lang='lat' dir='ltr'><strong>Deus</strong></span> <span class='ocrx_word' id='word_1_69' title='bbox 1523 1017 1634 1089; x_wconf 84' lang='lat' dir='ltr'><strong>(qui</strong></span> <span class='ocrx_word' id='word_1_70' title='bbox 1685 1019 1872 1084; x_wconf 87' lang='lat' dir='ltr'><strong>etiam,</strong></span> <span class='ocrx_word' id='word_1_71' title='bbox 1897 1029 1956 1074; x_wconf 93' lang='lat' dir='ltr'><strong>ut</strong></span> 
     </span>
    </p>
   </div>
   <div class='ocr_carea' id='block_1_11' title="bbox 370 1111 1955 1181">
    <p class='ocr_par' dir='ltr' id='par_1_11' title="bbox 370 1111 1955 1181">
     <span class='ocr_line' id='line_1_11' title="bbox 370 1111 1955 1181; baseline 0.001 -15"><span class='ocrx_word' id='word_1_72' title='bbox 370 1114 447 1166; x_wconf 83' lang='lat' dir='ltr'><strong>ait</strong></span> <span class='ocrx_word' id='word_1_73' title='bbox 487 1128 643 1166; x_wconf 82' lang='lat' dir='ltr'><strong>sacer</strong></span> <span class='ocrx_word' id='word_1_74' title='bbox 671 1111 879 1164; x_wconf 85' lang='lat' dir='ltr'><strong>Psaltes</strong></span> <span class='ocrx_word' id='word_1_75' title='bbox 925 1111 1059 1180; x_wconf 77' lang='lat'><strong>(57),</strong></span> <span class='ocrx_word' id='word_1_76' title='bbox 1112 1111 1443 1165; x_wconf 78' lang='lat' dir='ltr'><strong>mentientes</strong></span> <span class='ocrx_word' id='word_1_77' title='bbox 1474 1113 1674 1181; x_wconf 80' lang='lat' dir='ltr'><strong>perdit)</strong></span> <span class='ocrx_word' id='word_1_78' title='bbox 1722 1129 1849 1168; x_wconf 87' lang='lat' dir='ltr'><strong>vera</strong></span> <span class='ocrx_word' id='word_1_79' title='bbox 1880 1113 1955 1167; x_wconf 90' lang='lat' dir='ltr'><strong>lo-</strong></span> 
     </span>
    </p>
   </div>
   <div class='ocr_carea' id='block_1_12' title="bbox 370 1201 1956 1274">
    <p class='ocr_par' dir='ltr' id='par_1_12' title="bbox 370 1201 1956 1274">
     <span class='ocr_line' id='line_1_12' title="bbox 370 1201 1956 1274; baseline 0.003 -20"><span class='ocrx_word' id='word_1_80' title='bbox 370 1205 576 1271; x_wconf 79' lang='lat' dir='ltr'><strong>quitur,</strong></span> <span class='ocrx_word' id='word_1_81' title='bbox 606 1219 727 1257; x_wconf 89' lang='lat' dir='ltr'><strong>cum</strong></span> <span class='ocrx_word' id='word_1_82' title='bbox 754 1204 894 1271; x_wconf 87' lang='lat' dir='ltr'><strong>apud</strong></span> <span class='ocrx_word' id='word_1_83' title='bbox 929 1201 1259 1273; x_wconf 82' lang='lat' dir='ltr'><strong>Theologum</strong></span> <span class='ocrx_word' id='word_1_84' title='bbox 1293 1201 1403 1273; x_wconf 83' lang='lat'><strong>(58)</strong></span> <span class='ocrx_word' id='word_1_85' title='bbox 1431 1203 1527 1269; x_wconf 85' lang='lat' dir='ltr'><strong>ait,</strong></span> <span class='ocrx_word' id='word_1_86' title='bbox 1560 1225 1577 1254; x_wconf 80' lang='grc' dir='ltr'><strong>ι</strong></span> <span class='ocrx_word' id='word_1_87' title='bbox 1603 1203 1792 1259; x_wconf 88' lang='lat' dir='ltr'><strong>Omnia</strong></span> <span class='ocrx_word' id='word_1_88' title='bbox 1811 1220 1956 1274; x_wconf 68' lang='lat' dir='ltr'><strong>qua:-</strong></span> 
     </span>
    </p>
   </div>
   <div class='ocr_carea' id='block_1_13' title="bbox 371 1294 1951 1364">
    <p class='ocr_par' dir='ltr' id='par_1_13' title="bbox 371 1294 1951 1364">
     <span class='ocr_line' id='line_1_13' title="bbox 371 1294 1951 1364; baseline -0.001 -14"><span class='ocrx_word' id='word_1_89' title='bbox 371 1310 590 1364; x_wconf 79' lang='lat' dir='ltr'><strong>cunquc</strong></span> <span class='ocrx_word' id='word_1_90' title='bbox 623 1294 784 1348; x_wconf 79' lang='lat' dir='ltr'><strong>habet</strong></span> <span class='ocrx_word' id='word_1_91' title='bbox 819 1295 998 1360; x_wconf 82' lang='lat' dir='ltr'><strong>Pater,</strong></span> <span class='ocrx_word' id='word_1_92' title='bbox 1030 1310 1146 1348; x_wconf 85' lang='lat' dir='ltr'><strong>mea</strong></span> <span class='ocrx_word' id='word_1_93' title='bbox 1173 1304 1331 1360; x_wconf 90' lang='lat' dir='ltr'><strong>sunt;</strong></span> <span class='ocrx_word' id='word_1_94' title='bbox 1360 1313 1378 1344; x_wconf 74' lang='grc' dir='ltr'><strong>ι</strong></span> <span class='ocrx_word' id='word_1_95' title='bbox 1399 1304 1473 1362; x_wconf 87' lang='lat' dir='ltr'><strong>et,</strong></span> <span class='ocrx_word' id='word_1_96' title='bbox 1501 1313 1520 1346; x_wconf 72' lang='grc' dir='ltr'><strong>ι</strong></span> <span class='ocrx_word' id='word_1_97' title='bbox 1554 1294 1669 1349; x_wconf 80' lang='lat' dir='ltr'><strong>Mea</strong></span> <span class='ocrx_word' id='word_1_98' title='bbox 1698 1303 1784 1348; x_wconf 87' lang='lat' dir='ltr'><strong>tua</strong></span> <span class='ocrx_word' id='word_1_99' title='bbox 1806 1305 1951 1358; x_wconf 84' lang='lat' dir='ltr'><strong>Stlut,</strong></span> 
     </span>
    </p>
   </div>
   <div class='ocr_carea' id='block_1_14' title="bbox 370 1383 1957 1456">
    <p class='ocr_par' dir='ltr' id='par_1_14' title="bbox 370 1383 1957 1456">
     <span class='ocr_line' id='line_1_14' title="bbox 370 1383 1957 1456; baseline 0.003 -20"><span class='ocrx_word' id='word_1_100' title='bbox 370 1393 425 1436; x_wconf 85' lang='lat' dir='ltr'><strong>ct</strong></span> <span class='ocrx_word' id='word_1_101' title='bbox 460 1395 546 1436; x_wconf 85' lang='lat' dir='ltr'><strong>tua</strong></span> <span class='ocrx_word' id='word_1_102' title='bbox 576 1399 691 1437; x_wconf 86' lang='lat' dir='ltr'><strong>mea</strong></span> <span class='ocrx_word' id='word_1_103' title='bbox 717 1402 729 1437; x_wconf 89' lang='lat'><strong>:</strong></span> <span class='ocrx_word' id='word_1_104' title='bbox 753 1402 770 1432; x_wconf 75' lang='grc' dir='ltr'><strong>ι</strong></span> <span class='ocrx_word' id='word_1_105' title='bbox 813 1385 950 1438; x_wconf 82' lang='lat' dir='ltr'><strong>Deus</strong></span> <span class='ocrx_word' id='word_1_106' title='bbox 983 1396 1219 1437; x_wconf 71' lang='lat' dir='ltr'><strong>:l&#39;lt&#39;I&#39;IIUS</strong></span> <span class='ocrx_word' id='word_1_107' title='bbox 1257 1383 1498 1452; x_wconf 82' lang='lat' dir='ltr'><strong>profecto</strong></span> <span class='ocrx_word' id='word_1_108' title='bbox 1533 1392 1615 1440; x_wconf 89' lang='lat' dir='ltr'><strong>est</strong></span> <span class='ocrx_word' id='word_1_109' title='bbox 1660 1385 1823 1456; x_wconf 80' lang='lat'><strong>327</strong></span> <span class='ocrx_word' id='word_1_110' title='bbox 1853 1387 1957 1440; x_wconf 83' lang='lat' dir='ltr'><strong>Do-</strong></span> 
     </span>
    </p>
   </div>
   <div class='ocr_carea' id='block_1_15' title="bbox 375 1476 1956 1548">
    <p class='ocr_par' dir='ltr' id='par_1_15' title="bbox 375 1476 1956 1548">
     <span class='ocr_line' id='line_1_15' title="bbox 375 1476 1956 1548; baseline 0.003 -18"><span class='ocrx_word' id='word_1_111' title='bbox 375 1477 579 1540; x_wconf 87' lang='lat' dir='ltr'><strong>minus,</strong></span> <span class='ocrx_word' id='word_1_112' title='bbox 615 1492 713 1532; x_wconf 91' lang='lat' dir='ltr'><strong>nec</strong></span> <span class='ocrx_word' id='word_1_113' title='bbox 742 1477 860 1546; x_wconf 84' lang='lat' dir='ltr'><strong>ejus</strong></span> <span class='ocrx_word' id='word_1_114' title='bbox 912 1479 1134 1546; x_wconf 81' lang='lat' dir='ltr'><strong>regnum</strong></span> <span class='ocrx_word' id='word_1_115' title='bbox 1192 1476 1350 1531; x_wconf 77' lang='lat' dir='ltr'><strong>linem</strong></span> <span class='ocrx_word' id='word_1_116' title='bbox 1391 1478 1573 1542; x_wconf 81' lang='lat' dir='ltr'><strong>habet,</strong></span> <span class='ocrx_word' id='word_1_117' title='bbox 1624 1488 1677 1532; x_wconf 89' lang='lat' dir='ltr'><strong>et</strong></span> <span class='ocrx_word' id='word_1_118' title='bbox 1727 1491 1809 1532; x_wconf 90' lang='lat' dir='ltr'><strong>est</strong></span> <span class='ocrx_word' id='word_1_119' title='bbox 1844 1479 1956 1548; x_wconf 87' lang='lat' dir='ltr'><strong>ipse</strong></span> 
     </span>
    </p>
   </div>
   <div class='ocr_carea' id='block_1_16' title="bbox 371 1565 1953 1637">
    <p class='ocr_par' dir='ltr' id='par_1_16' title="bbox 371 1565 1953 1637">
     <span class='ocr_line' id='line_1_16' title="bbox 371 1565 1953 1637; baseline 0.001 -16"><span class='ocrx_word' id='word_1_120' title='bbox 371 1567 555 1621; x_wconf 82' lang='lat' dir='ltr'><strong>omnia</strong></span> <span class='ocrx_word' id='word_1_121' title='bbox 588 1583 925 1637; x_wconf 73' lang='lat' dir='ltr'><strong>quaecunque</strong></span> <span class='ocrx_word' id='word_1_122' title='bbox 948 1577 1032 1620; x_wconf 86' lang='lat' dir='ltr'><strong>est</strong></span> <span class='ocrx_word' id='word_1_123' title='bbox 1060 1565 1243 1630; x_wconf 90' lang='lat' dir='ltr'><strong>Pater,</strong></span> <span class='ocrx_word' id='word_1_124' title='bbox 1277 1567 1522 1637; x_wconf 82' lang='lat' dir='ltr'><strong>nihilque</strong></span> <span class='ocrx_word' id='word_1_125' title='bbox 1556 1567 1622 1622; x_wconf 87' lang='lat' dir='ltr'><strong>ab</strong></span> <span class='ocrx_word' id='word_1_126' title='bbox 1656 1585 1720 1622; x_wconf 87' lang='lat' dir='ltr'><strong>eo</strong></span> <span class='ocrx_word' id='word_1_127' title='bbox 1759 1584 1953 1623; x_wconf 80' lang='lat' dir='ltr'><strong>novum</strong></span> 
     </span>
    </p>
   </div>
   <div class='ocr_carea' id='block_1_17' title="bbox 371 1657 1952 1729">
    <p class='ocr_par' dir='ltr' id='par_1_17' title="bbox 371 1657 1952 1729">
     <span class='ocr_line' id='line_1_17' title="bbox 371 1657 1952 1729; baseline 0 -17"><span class='ocrx_word' id='word_1_128' title='bbox 371 1660 582 1729; x_wconf 86' lang='lat' dir='ltr'><strong>accepit</strong></span> <span class='ocrx_word' id='word_1_129' title='bbox 609 1659 906 1712; x_wconf 79' lang='lat' dir='ltr'><strong>secundum</strong></span> <span class='ocrx_word' id='word_1_130' title='bbox 945 1657 1181 1711; x_wconf 78' lang='lat' dir='ltr'><strong>divinam</strong></span> <span class='ocrx_word' id='word_1_131' title='bbox 1250 1666 1499 1710; x_wconf 87' lang='lat' dir='ltr'><strong>naturam</strong></span> <span class='ocrx_word' id='word_1_132' title='bbox 1538 1695 1553 1723; x_wconf 91' lang='lat'><strong>,</strong></span> <span class='ocrx_word' id='word_1_133' title='bbox 1601 1659 1694 1714; x_wconf 90' lang='lat' dir='ltr'><strong>sed</strong></span> <span class='ocrx_word' id='word_1_134' title='bbox 1741 1668 1952 1713; x_wconf 89' lang='lat' dir='ltr'><strong>tantum</strong></span> 
     </span>
    </p>
   </div>
   <div class='ocr_carea' id='block_1_18' title="bbox 369 1749 1956 1820">
    <p class='ocr_par' dir='ltr' id='par_1_18' title="bbox 369 1749 1956 1820">
     <span class='ocr_line' id='line_1_18' title="bbox 369 1749 1956 1820; baseline -0.001 -16"><span class='ocrx_word' id='word_1_135' title='bbox 369 1752 666 1805; x_wconf 78' lang='lat' dir='ltr'><strong>secundum</strong></span> <span class='ocrx_word' id='word_1_136' title='bbox 701 1751 841 1803; x_wconf 80' lang='lat' dir='ltr'><strong>servi</strong></span> <span class='ocrx_word' id='word_1_137' title='bbox 870 1750 1100 1804; x_wconf 84' lang='lat' dir='ltr'><strong>I&#39;ormatn</strong></span> <span class='ocrx_word' id='word_1_138' title='bbox 1137 1749 1407 1818; x_wconf 86' lang='lat' dir='ltr'><strong>posterius</strong></span> <span class='ocrx_word' id='word_1_139' title='bbox 1434 1761 1786 1820; x_wconf 79' lang='lat' dir='ltr'><strong>assumptam.</strong></span> <span class='ocrx_word' id='word_1_140' title='bbox 1813 1750 1956 1816; x_wconf 82' lang='lat' dir='ltr'><strong>Qua-</strong></span> 
     </span>
    </p>
   </div>
   <div class='ocr_carea' id='block_1_19' title="bbox 2059 570 3568 645">
    <p class='ocr_par' dir='ltr' id='par_1_19' title="bbox 2059 570 3568 645">
     <span class='ocr_line' id='line_1_19' title="bbox 2059 570 3568 645; baseline 0.008 -24"><span class='ocrx_word' id='word_1_141' title='bbox 2059 571 2252 638; x_wconf 76' lang='grc' dir='ltr'>ἄφεσιν</span> <span class='ocrx_word' id='word_1_142' title='bbox 2291 570 2574 642; x_wconf 84' lang='grc' dir='ltr'>ἁμαρτιῶν</span> <span class='ocrx_word' id='word_1_143' title='bbox 2629 571 2812 625; x_wconf 79' lang='grc' dir='ltr'>λαϐεῖν</span> <span class='ocrx_word' id='word_1_144' title='bbox 2872 572 2962 626; x_wconf 76' lang='grc' dir='ltr'><strong>διὰ</strong></span> <span class='ocrx_word' id='word_1_145' title='bbox 3009 572 3102 626; x_wconf 82' lang='grc' dir='ltr'>τοῦ</span> <span class='ocrx_word' id='word_1_146' title='bbox 3161 573 3409 645; x_wconf 82' lang='grc' dir='ltr'>ὀνόματος</span> <span class='ocrx_word' id='word_1_147' title='bbox 3444 582 3568 639; x_wconf 67' lang='grc' dir='ltr'><strong>αὐτοῦ</strong></span> 
     </span>
    </p>
   </div>
   <div class='ocr_carea' id='block_1_20' title="bbox 2057 661 3570 744">
    <p class='ocr_par' dir='ltr' id='par_1_20' title="bbox 2057 661 3570 744">
     <span class='ocr_line' id='line_1_20' title="bbox 2057 661 3570 744; baseline 0.008 -32"><span class='ocrx_word' id='word_1_148' title='bbox 2057 661 2233 714; x_wconf 84' lang='grc' dir='ltr'>πάντα</span> <span class='ocrx_word' id='word_1_149' title='bbox 2269 662 2361 715; x_wconf 87' lang='grc' dir='ltr'><strong>τὸν</strong></span> <span class='ocrx_word' id='word_1_150' title='bbox 2394 662 2720 716; x_wconf 76' lang='grc' dir='ltr'>πιστεύοντα</span> <span class='ocrx_word' id='word_1_151' title='bbox 2768 665 2849 727; x_wconf 87' lang='grc' dir='ltr'>εἰς</span> <span class='ocrx_word' id='word_1_152' title='bbox 2897 664 3058 717; x_wconf 76' lang='grc' dir='ltr'>αὐτόν</span> <span class='ocrx_word' id='word_1_153' title='bbox 3081 681 3095 695; x_wconf 76' lang='grc'><em>’</em></span> <span class='ocrx_word' id='word_1_154' title='bbox 3140 685 3158 717; x_wconf 76' lang='grc' dir='ltr'><strong>ι</strong></span> <span class='ocrx_word' id='word_1_155' title='bbox 3187 665 3422 735; x_wconf 82' lang='grc' dir='ltr'>ἀληθινὸν</span> <span class='ocrx_word' id='word_1_156' title='bbox 3441 672 3570 744; x_wconf 70' lang='grc' dir='ltr'>ὸνομι</span> 
     </span>
    </p>
   </div>
   <div class='ocr_carea' id='block_1_21' title="bbox 2056 753 3566 830">
    <p class='ocr_par' dir='ltr' id='par_1_21' title="bbox 2056 753 3566 830">
     <span class='ocr_line' id='line_1_21' title="bbox 2056 753 3566 830; baseline 0.009 -25"><span class='ocrx_word' id='word_1_157' title='bbox 2056 753 2170 824; x_wconf 82' lang='grc' dir='ltr'>ἔχει</span> <span class='ocrx_word' id='word_1_158' title='bbox 2194 753 2277 819; x_wconf 78' lang='grc' dir='ltr'><strong>τὸ,</strong></span> <span class='ocrx_word' id='word_1_159' title='bbox 2296 773 2314 805; x_wconf 74' lang='grc' dir='ltr'><strong>ι</strong></span> <span class='ocrx_word' id='word_1_160' title='bbox 2336 756 2363 807; x_wconf 84' lang='grc' dir='ltr'>ὁ</span> <span class='ocrx_word' id='word_1_161' title='bbox 2394 754 2547 820; x_wconf 94' lang='grc' dir='ltr'>Θεὸς,</span> <span class='ocrx_word' id='word_1_162' title='bbox 2576 773 2594 806; x_wconf 73' lang='lat' dir='ltr'><strong>I</strong></span> <span class='ocrx_word' id='word_1_163' title='bbox 2621 757 2738 818; x_wconf 79' lang='grc' dir='ltr'>καὶ,</span> <span class='ocrx_word' id='word_1_164' title='bbox 2779 775 2797 807; x_wconf 74' lang='grc' dir='ltr'><strong>ι</strong></span> <span class='ocrx_word' id='word_1_165' title='bbox 2827 755 2953 820; x_wconf 83' lang='grc' dir='ltr'>Υἱὸς</span> <span class='ocrx_word' id='word_1_166' title='bbox 2977 758 3272 830; x_wconf 75' lang='grc' dir='ltr'>μονογενὴς</span> <span class='ocrx_word' id='word_1_167' title='bbox 3303 759 3389 813; x_wconf 78' lang='grc' dir='ltr'>τοῦ</span> <span class='ocrx_word' id='word_1_168' title='bbox 3403 761 3566 821; x_wconf 76' lang='grc' dir='ltr'>Θεοῦοι</span> 
     </span>
    </p>
   </div>
   <div class='ocr_carea' id='block_1_22' title="bbox 2053 845 2996 919">
    <p class='ocr_par' dir='ltr' id='par_1_22' title="bbox 2053 845 2996 919">
     <span class='ocr_line' id='line_1_22' title="bbox 2053 845 2996 919; baseline 0.003 -21"><span class='ocrx_word' id='word_1_169' title='bbox 2053 845 2403 918; x_wconf 76' lang='grc' dir='ltr'><strong>ψευδώνυμον</strong></span> <span class='ocrx_word' id='word_1_170' title='bbox 2430 847 2538 919; x_wconf 78' lang='grc' dir='ltr'><strong>γὰρ</strong></span> <span class='ocrx_word' id='word_1_171' title='bbox 2561 847 2710 900; x_wconf 79' lang='grc' dir='ltr'>οὐδὲν</span> <span class='ocrx_word' id='word_1_172' title='bbox 2737 847 2996 918; x_wconf 77' lang='grc' dir='ltr'>ὀνίνησιν.</span> 
     </span>
    </p>
   </div>
   <div class='ocr_carea' id='block_1_23' title="bbox 2127 1022 3572 1104">
    <p class='ocr_par' dir='ltr' id='par_1_23' title="bbox 2127 1022 3572 1104">
     <span class='ocr_line' id='line_1_23' title="bbox 2127 1022 3572 1104; baseline 0.006 -26"><span class='ocrx_word' id='word_1_173' title='bbox 2127 1022 2255 1079; x_wconf 73' lang='lat' dir='ltr'><strong>KI&quot;.</strong></span> <span class='ocrx_word' id='word_1_174' title='bbox 2294 1027 2358 1079; x_wconf 85' lang='lat' dir='ltr'><strong>Ei</strong></span> <span class='ocrx_word' id='word_1_175' title='bbox 2384 1024 2639 1097; x_wconf 81' lang='grc' dir='ltr'>ἀληθεύει</span> <span class='ocrx_word' id='word_1_176' title='bbox 2669 1027 2697 1080; x_wconf 91' lang='lat'><strong>6</strong></span> <span class='ocrx_word' id='word_1_177' title='bbox 2725 1026 2964 1100; x_wconf 71' lang='grc' dir='ltr'>ἀψευδὴς</span> <span class='ocrx_word' id='word_1_178' title='bbox 2990 1027 3142 1092; x_wconf 88' lang='grc' dir='ltr'>Θεὸς,</span> <span class='ocrx_word' id='word_1_179' title='bbox 3174 1029 3202 1081; x_wconf 92' lang='lat'><strong>6</strong></span> <span class='ocrx_word' id='word_1_180' title='bbox 3234 1029 3329 1082; x_wconf 74' lang='grc' dir='ltr'><strong>καὶ</strong></span> <span class='ocrx_word' id='word_1_181' title='bbox 3352 1031 3456 1095; x_wconf 70' lang='grc' dir='ltr'>τοὺς</span> <span class='ocrx_word' id='word_1_182' title='bbox 3477 1034 3572 1104; x_wconf 64' lang='grc' dir='ltr'>ψευ-</span> 
     </span>
    </p>
   </div>
   <div class='ocr_carea' id='block_1_24' title="bbox 2053 1114 3574 1194">
    <p class='ocr_par' dir='ltr' id='par_1_24' title="bbox 2053 1114 3574 1194">
     <span class='ocr_line' id='line_1_24' title="bbox 2053 1114 3574 1194; baseline 0.005 -26"><span class='ocrx_word' id='word_1_183' title='bbox 2053 1115 2309 1187; x_wconf 82' lang='grc' dir='ltr'>δομένους</span> <span class='ocrx_word' id='word_1_184' title='bbox 2357 1114 2662 1181; x_wconf 85' lang='grc' dir='ltr'>ἀπολλύων,</span> <span class='ocrx_word' id='word_1_185' title='bbox 2710 1117 2785 1180; x_wconf 83' lang='grc' dir='ltr'>ὡς</span> <span class='ocrx_word' id='word_1_186' title='bbox 2815 1119 2843 1170; x_wconf 97' lang='lat'><strong>6</strong></span> <span class='ocrx_word' id='word_1_187' title='bbox 2874 1117 3217 1189; x_wconf 69' lang='grc' dir='ltr'>Ἰεροψάλτης</span> <span class='ocrx_word' id='word_1_188' title='bbox 3263 1118 3426 1187; x_wconf 80' lang='grc' dir='ltr'><strong>λέγει,</strong></span> <span class='ocrx_word' id='word_1_189' title='bbox 3462 1127 3574 1194; x_wconf 72' lang='grc' dir='ltr'>παρὰ</span> 
     </span>
    </p>
   </div>
   <div class='ocr_carea' id='block_1_25' title="bbox 2054 1206 3574 1288">
    <p class='ocr_par' dir='ltr' id='par_1_25' title="bbox 2054 1206 3574 1288">
     <span class='ocr_line' id='line_1_25' title="bbox 2054 1206 3574 1288; baseline 0.007 -29"><span class='ocrx_word' id='word_1_190' title='bbox 2054 1206 2132 1278; x_wconf 84' lang='grc' dir='ltr'><strong>τῷ</strong></span> <span class='ocrx_word' id='word_1_191' title='bbox 2151 1207 2396 1278; x_wconf 84' lang='grc' dir='ltr'>Θεολὸγῳ</span> <span class='ocrx_word' id='word_1_192' title='bbox 2423 1206 2621 1261; x_wconf 74' lang='grc' dir='ltr'>εἰπών’</span> <span class='ocrx_word' id='word_1_193' title='bbox 2657 1227 2675 1257; x_wconf 75' lang='grc' dir='ltr'><strong>ι</strong></span> <span class='ocrx_word' id='word_1_194' title='bbox 2703 1207 2884 1262; x_wconf 69' lang='grc' dir='ltr'>Πάντα</span> <span class='ocrx_word' id='word_1_195' title='bbox 2925 1211 3026 1264; x_wconf 78' lang='grc' dir='ltr'>ὅσα</span> <span class='ocrx_word' id='word_1_196' title='bbox 3066 1209 3180 1280; x_wconf 80' lang='grc' dir='ltr'>ἔχει</span> <span class='ocrx_word' id='word_1_197' title='bbox 3215 1214 3243 1265; x_wconf 92' lang='lat'><strong>6</strong></span> <span class='ocrx_word' id='word_1_198' title='bbox 3285 1213 3470 1284; x_wconf 78' lang='grc' dir='ltr'>Πατὴρ,</span> <span class='ocrx_word' id='word_1_199' title='bbox 3496 1219 3574 1288; x_wconf 77' lang='grc' dir='ltr'><strong>ἐμά</strong></span> 
     </span>
    </p>
   </div>
   <div class='ocr_carea' id='block_1_26' title="bbox 2055 1300 3572 1377">
    <p class='ocr_par' dir='ltr' id='par_1_26' title="bbox 2055 1300 3572 1377">
     <span class='ocr_line' id='line_1_26' title="bbox 2055 1300 3572 1377; baseline 0.006 -24"><span class='ocrx_word' id='word_1_200' title='bbox 2055 1302 2234 1354; x_wconf 80' lang='grc' dir='ltr'>ἐστιν·</span> <span class='ocrx_word' id='word_1_201' title='bbox 2263 1320 2280 1352; x_wconf 74' lang='grc' dir='ltr'><strong>ι</strong></span> <span class='ocrx_word' id='word_1_202' title='bbox 2317 1300 2433 1364; x_wconf 74' lang='grc' dir='ltr'>καὶ,</span> <span class='ocrx_word' id='word_1_203' title='bbox 2473 1321 2491 1352; x_wconf 81' lang='lat' dir='ltr'><strong>t</strong></span> <span class='ocrx_word' id='word_1_204' title='bbox 2517 1301 2597 1355; x_wconf 77' lang='grc' dir='ltr'><strong>Τὰ</strong></span> <span class='ocrx_word' id='word_1_205' title='bbox 2630 1300 2738 1372; x_wconf 77' lang='grc' dir='ltr'><strong>ἐμὰ</strong></span> <span class='ocrx_word' id='word_1_206' title='bbox 2771 1301 2839 1355; x_wconf 84' lang='grc' dir='ltr'><em>σά</em></span> <span class='ocrx_word' id='word_1_207' title='bbox 2883 1301 3051 1367; x_wconf 77' lang='grc' dir='ltr'>ἐστιν,</span> <span class='ocrx_word' id='word_1_208' title='bbox 3089 1305 3181 1357; x_wconf 80' lang='grc' dir='ltr'><strong>καὶ</strong></span> <span class='ocrx_word' id='word_1_209' title='bbox 3225 1303 3294 1358; x_wconf 71' lang='grc' dir='ltr'>τὰ</span> <span class='ocrx_word' id='word_1_210' title='bbox 3324 1306 3386 1370; x_wconf 83' lang='grc' dir='ltr'>σὰ</span> <span class='ocrx_word' id='word_1_211' title='bbox 3425 1309 3572 1377; x_wconf 75' lang='grc' dir='ltr'><strong>ὲμάἰ</strong></span> 
     </span>
    </p>
   </div>
   <div class='ocr_carea' id='block_1_27' title="bbox 2054 1390 3576 1467">
    <p class='ocr_par' dir='ltr' id='par_1_27' title="bbox 2054 1390 3576 1467">
     <span class='ocr_line' id='line_1_27' title="bbox 2054 1390 3576 1467; baseline 0.005 -21"><span class='ocrx_word' id='word_1_212' title='bbox 2054 1393 2187 1457; x_wconf 87' lang='grc' dir='ltr'>Θεός</span> <span class='ocrx_word' id='word_1_213' title='bbox 2215 1395 2362 1447; x_wconf 79' lang='grc' dir='ltr'>ἐστιν</span> <span class='ocrx_word' id='word_1_214' title='bbox 2409 1395 2644 1466; x_wconf 79' lang='grc' dir='ltr'><strong>ἄναρχος</strong></span> <span class='ocrx_word' id='word_1_215' title='bbox 2673 1395 2898 1467; x_wconf 83' lang='grc' dir='ltr'>Κύριος,</span> <span class='ocrx_word' id='word_1_216' title='bbox 2956 1390 3015 1450; x_wconf 73' lang='grc' dir='ltr'>οὗ</span> <span class='ocrx_word' id='word_1_217' title='bbox 3049 1397 3080 1465; x_wconf 80' lang='grc' dir='ltr'>ἡ</span> <span class='ocrx_word' id='word_1_218' title='bbox 3131 1395 3376 1466; x_wconf 78' lang='grc' dir='ltr'>βασιλεία</span> <span class='ocrx_word' id='word_1_219' title='bbox 3402 1400 3576 1454; x_wconf 79' lang='grc' dir='ltr'>ἀτελεύ-</span> 
     </span>
    </p>
   </div>
   <div class='ocr_carea' id='block_1_28' title="bbox 2053 1487 3579 1560">
    <p class='ocr_par' dir='ltr' id='par_1_28' title="bbox 2053 1487 3579 1560">
     <span class='ocr_line' id='line_1_28' title="bbox 2053 1487 3579 1560; baseline 0.004 -20"><span class='ocrx_word' id='word_1_220' title='bbox 2053 1504 2235 1558; x_wconf 84' lang='grc' dir='ltr'>τητος,</span> <span class='ocrx_word' id='word_1_221' title='bbox 2268 1488 2360 1540; x_wconf 76' lang='grc' dir='ltr'><strong>καὶ</strong></span> <span class='ocrx_word' id='word_1_222' title='bbox 2407 1487 2606 1546; x_wconf 78' lang='grc' dir='ltr'>πάντα,</span> <span class='ocrx_word' id='word_1_223' title='bbox 2648 1487 2749 1540; x_wconf 83' lang='grc' dir='ltr'>ὅσα</span> <span class='ocrx_word' id='word_1_224' title='bbox 2777 1488 2924 1540; x_wconf 73' lang='grc' dir='ltr'>ἐστὶν</span> <span class='ocrx_word' id='word_1_225' title='bbox 2958 1489 2986 1540; x_wconf 90' lang='lat'><strong>6</strong></span> <span class='ocrx_word' id='word_1_226' title='bbox 3025 1488 3235 1560; x_wconf 82' lang='grc' dir='ltr'>Πατὴρ,</span> <span class='ocrx_word' id='word_1_227' title='bbox 3268 1489 3413 1542; x_wconf 81' lang='grc' dir='ltr'>οὐδὲν</span> <span class='ocrx_word' id='word_1_228' title='bbox 3442 1491 3579 1547; x_wconf 74' lang='grc' dir='ltr'>λαϐὼν</span> 
     </span>
    </p>
   </div>
   <div class='ocr_carea' id='block_1_29' title="bbox 2055 1577 3578 1655">
    <p class='ocr_par' dir='ltr' id='par_1_29' title="bbox 2055 1577 3578 1655">
     <span class='ocr_line' id='line_1_29' title="bbox 2055 1577 3578 1655; baseline 0.003 -23"><span class='ocrx_word' id='word_1_229' title='bbox 2055 1580 2184 1650; x_wconf 88' lang='grc' dir='ltr'>παρ’</span> <span class='ocrx_word' id='word_1_230' title='bbox 2219 1577 2382 1634; x_wconf 79' lang='grc' dir='ltr'>αὐτοῦ</span> <span class='ocrx_word' id='word_1_231' title='bbox 2428 1580 2570 1633; x_wconf 85' lang='grc' dir='ltr'>κατὰ</span> <span class='ocrx_word' id='word_1_232' title='bbox 2610 1578 2709 1652; x_wconf 81' lang='grc' dir='ltr'>τὴν</span> <span class='ocrx_word' id='word_1_233' title='bbox 2748 1579 2899 1634; x_wconf 82' lang='grc' dir='ltr'>θείαν</span> <span class='ocrx_word' id='word_1_234' title='bbox 2946 1581 3128 1649; x_wconf 84' lang='grc' dir='ltr'>φύσιν,</span> <span class='ocrx_word' id='word_1_235' title='bbox 3176 1579 3315 1633; x_wconf 85' lang='grc' dir='ltr'>ἀλλὰ</span> <span class='ocrx_word' id='word_1_236' title='bbox 3349 1583 3470 1643; x_wconf 78' lang='grc' dir='ltr'>κατὰ</span> <span class='ocrx_word' id='word_1_237' title='bbox 3506 1586 3578 1655; x_wconf 77' lang='grc' dir='ltr'>τὴν</span> 
     </span>
    </p>
   </div>
   <div class='ocr_carea' id='block_1_30' title="bbox 2056 1666 3582 1744">
    <p class='ocr_par' dir='ltr' id='par_1_30' title="bbox 2056 1666 3582 1744">
     <span class='ocr_line' id='line_1_30' title="bbox 2056 1666 3582 1744; baseline 0.003 -19"><span class='ocrx_word' id='word_1_238' title='bbox 2056 1673 2280 1742; x_wconf 80' lang='grc' dir='ltr'>ὕστερον</span> <span class='ocrx_word' id='word_1_239' title='bbox 2301 1673 2396 1726; x_wconf 83' lang='grc' dir='ltr'><strong>τοῦ</strong></span> <span class='ocrx_word' id='word_1_240' title='bbox 2421 1671 2608 1726; x_wconf 84' lang='grc' dir='ltr'>δούλου</span> <span class='ocrx_word' id='word_1_241' title='bbox 2651 1673 2886 1744; x_wconf 84' lang='grc' dir='ltr'>μορφήν.</span> <span class='ocrx_word' id='word_1_242' title='bbox 2918 1666 3020 1726; x_wconf 80' lang='grc' dir='ltr'><strong>Οἷα</strong></span> <span class='ocrx_word' id='word_1_243' title='bbox 3052 1671 3108 1725; x_wconf 86' lang='grc' dir='ltr'>δὲ</span> <span class='ocrx_word' id='word_1_244' title='bbox 3138 1672 3266 1744; x_wconf 81' lang='grc' dir='ltr'>περί</span> <span class='ocrx_word' id='word_1_245' title='bbox 3293 1690 3353 1726; x_wconf 86' lang='grc' dir='ltr'><strong>τε</strong></span> <span class='ocrx_word' id='word_1_246' title='bbox 3380 1674 3468 1743; x_wconf 81' lang='grc' dir='ltr'><strong>τῆς</strong></span> <span class='ocrx_word' id='word_1_247' title='bbox 3499 1677 3582 1730; x_wconf 78' lang='grc' dir='ltr'><strong>ἄνω</strong></span> 
     </span>
    </p>
   </div>
   <div class='ocr_carea' id='block_1_31' title="bbox 2057 1763 3581 1837">
    <p class='ocr_par' dir='ltr' id='par_1_31' title="bbox 2057 1763 3581 1837">
     <span class='ocr_line' id='line_1_31' title="bbox 2057 1763 3581 1837; baseline 0.001 -19"><span class='ocrx_word' id='word_1_248' title='bbox 2057 1765 2145 1818; x_wconf 74' lang='grc' dir='ltr'><strong>ἀεὶ</strong></span> <span class='ocrx_word' id='word_1_249' title='bbox 2171 1763 2480 1837; x_wconf 79' lang='grc' dir='ltr'><strong>κρατούσης</strong></span> <span class='ocrx_word' id='word_1_250' title='bbox 2515 1763 2795 1836; x_wconf 82' lang='grc' dir='ltr'>ἀληθείας,</span> <span class='ocrx_word' id='word_1_251' title='bbox 2827 1765 2958 1834; x_wconf 86' lang='grc' dir='ltr'>περί</span> <span class='ocrx_word' id='word_1_252' title='bbox 2984 1781 3041 1817; x_wconf 89' lang='grc' dir='ltr'><strong>τε</strong></span> <span class='ocrx_word' id='word_1_253' title='bbox 3071 1764 3171 1834; x_wconf 83' lang='grc' dir='ltr'>τῆς</span> <span class='ocrx_word' id='word_1_254' title='bbox 3195 1765 3348 1818; x_wconf 79' lang='grc' dir='ltr'><strong>κάτω</strong></span> <span class='ocrx_word' id='word_1_255' title='bbox 3372 1765 3460 1818; x_wconf 70' lang='grc' dir='ltr'><strong>οὐκ</strong></span> <span class='ocrx_word' id='word_1_256' title='bbox 3482 1767 3581 1837; x_wconf 77' lang='grc' dir='ltr'>ἀλη-</span> 
     </span>
    </p>
   </div>
   <div class='ocr_carea' id='block_1_32' title="bbox 369 1839 1939 1926">
    <p class='ocr_par' dir='ltr' id='par_1_32' title="bbox 369 1839 1939 1906">
     <span class='ocr_line' id='line_1_32' title="bbox 369 1839 1939 1906; baseline 0.001 -13"><span class='ocrx_word' id='word_1_257' title='bbox 369 1843 441 1894; x_wconf 87' lang='lat' dir='ltr'><strong>lia</strong></span> <span class='ocrx_word' id='word_1_258' title='bbox 479 1855 606 1893; x_wconf 85' lang='lat' dir='ltr'><strong>vero</strong></span> <span class='ocrx_word' id='word_1_259' title='bbox 629 1855 750 1893; x_wconf 86' lang='lat' dir='ltr'><strong>cum</strong></span> <span class='ocrx_word' id='word_1_260' title='bbox 790 1839 854 1894; x_wconf 87' lang='lat' dir='ltr'><strong>de</strong></span> <span class='ocrx_word' id='word_1_261' title='bbox 903 1839 1112 1892; x_wconf 65' lang='lat' dir='ltr'><strong>caelesti</strong></span> <span class='ocrx_word' id='word_1_262' title='bbox 1173 1854 1388 1906; x_wconf 84' lang='lat' dir='ltr'><strong>semper</strong></span> <span class='ocrx_word' id='word_1_263' title='bbox 1446 1840 1757 1894; x_wconf 74' lang='lat' dir='ltr'><strong>dominante</strong></span> <span class='ocrx_word' id='word_1_264' title='bbox 1811 1841 1939 1894; x_wconf 68' lang='grc' dir='ltr'><strong>νυνί·</strong></span> 
     </span>
    </p>
   </div>
   <div class='ocr_carea' id='block_1_33' title="bbox 2071 1839 3317 1926">
    <p class='ocr_par' dir='ltr' id='par_1_33' title="bbox 2071 1853 3317 1926">
     <span class='ocr_line' id='line_1_33' title="bbox 2071 1853 3317 1926; baseline 0.001 -19"><span class='ocrx_word' id='word_1_265' title='bbox 2071 1856 2204 1919; x_wconf 70' lang='lat' dir='ltr'><strong>Isaia;</strong></span> <span class='ocrx_word' id='word_1_266' title='bbox 2231 1853 2561 1924; x_wconf 77' lang='grc' dir='ltr'>ἐφθέγξαντο</span> <span class='ocrx_word' id='word_1_267' title='bbox 2587 1856 2683 1909; x_wconf 74' lang='grc' dir='ltr'>καὶ</span> <span class='ocrx_word' id='word_1_268' title='bbox 2707 1853 2991 1926; x_wconf 84' lang='grc' dir='ltr'>Ἕλληνες,</span> <span class='ocrx_word' id='word_1_269' title='bbox 3015 1855 3317 1926; x_wconf 70' lang='grc' dir='ltr'>ὲπαῒωμεν*</span> 
     </span>
    </p>
   </div>
   <div class='ocr_carea' id='block_1_34' title="bbox 371 1929 1952 1998">
    <p class='ocr_par' dir='ltr' id='par_1_34' title="bbox 371 1929 1952 1998">
     <span class='ocr_line' id='line_1_34' title="bbox 371 1929 1952 1998; baseline 0 -15"><span class='ocrx_word' id='word_1_270' title='bbox 371 1942 502 1990; x_wconf 85' lang='lat' dir='ltr'><strong>tate,</strong></span> <span class='ocrx_word' id='word_1_271' title='bbox 572 1941 683 1982; x_wconf 91' lang='lat' dir='ltr'><strong>tum</strong></span> <span class='ocrx_word' id='word_1_272' title='bbox 738 1929 803 1982; x_wconf 86' lang='lat' dir='ltr'><strong>de</strong></span> <span class='ocrx_word' id='word_1_273' title='bbox 868 1937 1079 1982; x_wconf 85' lang='lat' dir='ltr'><strong>terrena</strong></span> <span class='ocrx_word' id='word_1_274' title='bbox 1146 1944 1250 1981; x_wconf 91' lang='lat' dir='ltr'><strong>nou</strong></span> <span class='ocrx_word' id='word_1_275' title='bbox 1288 1929 1515 1982; x_wconf 78' lang='lat' dir='ltr'><strong>veritate</strong></span> <span class='ocrx_word' id='word_1_276' title='bbox 1550 1932 1952 1998; x_wconf 86' lang='lat' dir='ltr'><strong>pronuntiarint</strong></span> 
     </span>
    </p>
   </div>
   <div class='ocr_carea' id='block_1_35' title="bbox 367 2021 1259 2091">
    <p class='ocr_par' dir='ltr' id='par_1_35' title="bbox 367 2021 1259 2091">
     <span class='ocr_line' id='line_1_35' title="bbox 367 2021 1259 2091; baseline -0.008 -12"><span class='ocrx_word' id='word_1_277' title='bbox 367 2023 534 2079; x_wconf 49' lang='lat' dir='ltr'><strong>etiam</strong></span> <span class='ocrx_word' id='word_1_278' title='bbox 575 2021 774 2086; x_wconf 69' lang='lat' dir='ltr'><strong>Crmci,</strong></span> <span class='ocrx_word' id='word_1_279' title='bbox 807 2023 1090 2074; x_wconf 86' lang='lat' dir='ltr'><strong>audiamus</strong></span> <span class='ocrx_word' id='word_1_280' title='bbox 1113 2021 1259 2091; x_wconf 76' lang='lat'><strong>(59):</strong></span> 
     </span>
    </p>
   </div>
   <div class='ocr_carea' id='block_1_36' title="bbox 369 2111 1951 2183">
    <p class='ocr_par' dir='ltr' id='par_1_36' title="bbox 369 2111 1951 2183">
     <span class='ocr_line' id='line_1_36' title="bbox 369 2111 1951 2183; baseline 0 -16"><span class='ocrx_word' id='word_1_281' title='bbox 369 2114 632 2168; x_wconf 75' lang='lat' dir='ltr'><strong>Mendacii</strong></span> <span class='ocrx_word' id='word_1_282' title='bbox 671 2129 852 2180; x_wconf 76' lang='lat' dir='ltr'><strong>expers</strong></span> <span class='ocrx_word' id='word_1_283' title='bbox 893 2122 971 2166; x_wconf 81' lang='lat' dir='ltr'><strong>est</strong></span> <span class='ocrx_word' id='word_1_284' title='bbox 1026 2115 1200 2183; x_wconf 83' lang='lat' dir='ltr'><strong>magni</strong></span> <span class='ocrx_word' id='word_1_285' title='bbox 1262 2111 1356 2164; x_wconf 86' lang='lat' dir='ltr'><strong>Dei</strong></span> <span class='ocrx_word' id='word_1_286' title='bbox 1391 2128 1573 2175; x_wconf 81' lang='lat' dir='ltr'><strong>mens;</strong></span> <span class='ocrx_word' id='word_1_287' title='bbox 1635 2115 1689 2166; x_wconf 85' lang='lat' dir='ltr'><strong>in</strong></span> <span class='ocrx_word' id='word_1_288' title='bbox 1753 2123 1951 2167; x_wconf 86' lang='lat' dir='ltr'><strong>morta-</strong></span> 
     </span>
    </p>
   </div>
   <div class='ocr_carea' id='block_1_37' title="bbox 1561 2185 1866 2254">
    <p class='ocr_par' dir='ltr' id='par_1_37' title="bbox 1561 2185 1866 2254">
     <span class='ocr_line' id='line_1_37' title="bbox 1561 2185 1866 2254; baseline 0.01 -21"><span class='ocrx_word' id='word_1_289' title='bbox 1561 2185 1718 2254; x_wconf 74' lang='lat' dir='ltr'><strong>|libus</strong></span> <span class='ocrx_word' id='word_1_290' title='bbox 1752 2201 1866 2237; x_wconf 81' lang='lat' dir='ltr'><strong>vero</strong></span> 
     </span>
    </p>
   </div>
   <div class='ocr_carea' id='block_1_38' title="bbox 364 2252 1948 2324">
    <p class='ocr_par' dir='ltr' id='par_1_38' title="bbox 364 2252 1948 2324">
     <span class='ocr_line' id='line_1_38' title="bbox 364 2252 1948 2324; baseline 0.001 -19"><span class='ocrx_word' id='word_1_291' title='bbox 364 2252 508 2320; x_wconf 70' lang='lat' dir='ltr'><strong>Eos,</strong></span> <span class='ocrx_word' id='word_1_292' title='bbox 561 2255 650 2324; x_wconf 85' lang='lat' dir='ltr'><strong>qui</strong></span> <span class='ocrx_word' id='word_1_293' title='bbox 715 2255 1074 2315; x_wconf 82' lang='lat' dir='ltr'><strong>mentiuntur,</strong></span> <span class='ocrx_word' id='word_1_294' title='bbox 1144 2252 1396 2306; x_wconf 66' lang='lat' dir='ltr'><strong>molestia:</strong></span> <span class='ocrx_word' id='word_1_295' title='bbox 1438 2323 1441 2324; x_wconf 14' lang='grc' dir='ltr'><em>ν</em></span> <span class='ocrx_word' id='word_1_296' title='bbox 1478 2252 1821 2324; x_wconf 74' lang='lat' dir='ltr'><strong>insequuntur</strong></span> <span class='ocrx_word' id='word_1_297' title='bbox 1901 2264 1948 2308; x_wconf 75' lang='lat' dir='ltr'><strong>et</strong></span> 
     </span>
    </p>
   </div>
   <div class='ocr_carea' id='block_1_39' title="bbox 1403 2323 1869 2396">
    <p class='ocr_par' dir='ltr' id='par_1_39' title="bbox 1403 2323 1869 2396">
     <span class='ocr_line' id='line_1_39' title="bbox 1403 2323 1869 2396; baseline 0.009 -22"><span class='ocrx_word' id='word_1_298' title='bbox 1403 2323 1721 2396; x_wconf 69' lang='lat' dir='ltr'><strong>[infortunia</strong></span> <span class='ocrx_word' id='word_1_299' title='bbox 1736 2324 1869 2393; x_wconf 85' lang='lat'><strong>(60).</strong></span> 
     </span>
    </p>
   </div>
   <div class='ocr_carea' id='block_1_40' title="bbox 436 2415 1952 2477">
    <p class='ocr_par' dir='ltr' id='par_1_40' title="bbox 436 2415 1952 2477">
     <span class='ocr_line' id='line_1_40' title="bbox 436 2415 1952 2477; baseline 0.002 -8"><span class='ocrx_word' id='word_1_300' title='bbox 436 2415 625 2469; x_wconf 76' lang='lat' dir='ltr'><strong>XXIV.</strong></span> <span class='ocrx_word' id='word_1_301' title='bbox 663 2417 718 2471; x_wconf 81' lang='lat' dir='ltr'><strong>Si</strong></span> <span class='ocrx_word' id='word_1_302' title='bbox 752 2417 992 2472; x_wconf 89' lang='lat' dir='ltr'><strong>omnium</strong></span> <span class='ocrx_word' id='word_1_303' title='bbox 1036 2417 1208 2473; x_wconf 62' lang='lat' dir='ltr'><strong>haeres</strong></span> <span class='ocrx_word' id='word_1_304' title='bbox 1245 2419 1568 2472; x_wconf 89' lang='lat' dir='ltr'><strong>constitutus</strong></span> <span class='ocrx_word' id='word_1_305' title='bbox 1596 2425 1698 2477; x_wconf 85' lang='lat' dir='ltr'><strong>est.</strong></span> <span class='ocrx_word' id='word_1_306' title='bbox 1737 2425 1952 2472; x_wconf 88' lang='lat' dir='ltr'><strong>nonest</strong></span> 
     </span>
    </p>
   </div>
   <div class='ocr_carea' id='block_1_41' title="bbox 359 2509 1950 2578">
    <p class='ocr_par' dir='ltr' id='par_1_41' title="bbox 359 2509 1950 2578">
     <span class='ocr_line' id='line_1_41' title="bbox 359 2509 1950 2578; baseline -0.001 -14"><span class='ocrx_word' id='word_1_307' title='bbox 359 2525 574 2573; x_wconf 72' lang='lat' dir='ltr'><strong>servus,</strong></span> <span class='ocrx_word' id='word_1_308' title='bbox 605 2510 698 2564; x_wconf 81' lang='lat' dir='ltr'><strong>sed</strong></span> <span class='ocrx_word' id='word_1_309' title='bbox 749 2510 1019 2578; x_wconf 82' lang='lat' dir='ltr'><strong>genuinus</strong></span> <span class='ocrx_word' id='word_1_310' title='bbox 1061 2509 1251 2564; x_wconf 87' lang='lat' dir='ltr'><strong>Filius.</strong></span> <span class='ocrx_word' id='word_1_311' title='bbox 1285 2509 1436 2577; x_wconf 88' lang='lat' dir='ltr'><strong>Quod</strong></span> <span class='ocrx_word' id='word_1_312' title='bbox 1477 2509 1520 2562; x_wconf 91' lang='lat' dir='ltr'><strong>si</strong></span> <span class='ocrx_word' id='word_1_313' title='bbox 1565 2524 1670 2562; x_wconf 91' lang='lat' dir='ltr'><strong>non</strong></span> <span class='ocrx_word' id='word_1_314' title='bbox 1707 2518 1789 2564; x_wconf 89' lang='lat' dir='ltr'><strong>est</strong></span> <span class='ocrx_word' id='word_1_315' title='bbox 1831 2524 1950 2564; x_wconf 88' lang='lat' dir='ltr'><strong>ser-</strong></span> 
     </span>
    </p>
   </div>
   <div class='ocr_carea' id='block_1_42' title="bbox 361 2597 1947 2668">
    <p class='ocr_par' dir='ltr' id='par_1_42' title="bbox 361 2597 1947 2668">
     <span class='ocr_line' id='line_1_42' title="bbox 361 2597 1947 2668; baseline -0.001 -12"><span class='ocrx_word' id='word_1_316' title='bbox 361 2614 482 2666; x_wconf 71' lang='lat' dir='ltr'><strong>vus;</strong></span> <span class='ocrx_word' id='word_1_317' title='bbox 523 2602 619 2657; x_wconf 89' lang='lat' dir='ltr'><strong>sed</strong></span> <span class='ocrx_word' id='word_1_318' title='bbox 669 2600 856 2666; x_wconf 80' lang='lat' dir='ltr'><strong>Filius,</strong></span> <span class='ocrx_word' id='word_1_319' title='bbox 897 2610 1135 2655; x_wconf 67' lang='lat' dir='ltr'><strong>aeternus</strong></span> <span class='ocrx_word' id='word_1_320' title='bbox 1176 2600 1319 2654; x_wconf 88' lang='lat' dir='ltr'><strong>Deus</strong></span> <span class='ocrx_word' id='word_1_321' title='bbox 1366 2609 1471 2654; x_wconf 93' lang='lat' dir='ltr'><strong>est.</strong></span> <span class='ocrx_word' id='word_1_322' title='bbox 1525 2597 1659 2652; x_wconf 81' lang='lat' dir='ltr'><strong>Nam</strong></span> <span class='ocrx_word' id='word_1_323' title='bbox 1712 2601 1947 2668; x_wconf 90' lang='lat' dir='ltr'><strong>primum</strong></span> 
     </span>
    </p>
   </div>
   <div class='ocr_carea' id='block_1_43' title="bbox 359 2691 1948 2766">
    <p class='ocr_par' dir='ltr' id='par_1_43' title="bbox 359 2691 1948 2766">
     <span class='ocr_line' id='line_1_43' title="bbox 359 2691 1948 2766; baseline 0 -17"><span class='ocrx_word' id='word_1_324' title='bbox 359 2697 578 2766; x_wconf 79' lang='lat' dir='ltr'><strong>quidem</strong></span> <span class='ocrx_word' id='word_1_325' title='bbox 621 2693 763 2747; x_wconf 84' lang='lat' dir='ltr'><strong>ﬁlius</strong></span> <span class='ocrx_word' id='word_1_326' title='bbox 800 2701 1117 2763; x_wconf 76' lang='lat' dir='ltr'><strong>generatur,</strong></span> <span class='ocrx_word' id='word_1_327' title='bbox 1153 2708 1260 2747; x_wconf 88' lang='lat' dir='ltr'><strong>non</strong></span> <span class='ocrx_word' id='word_1_328' title='bbox 1297 2703 1550 2756; x_wconf 79' lang='lat' dir='ltr'><strong>creatur;</strong></span> <span class='ocrx_word' id='word_1_329' title='bbox 1593 2691 1786 2747; x_wconf 88' lang='lat' dir='ltr'><strong>deinde</strong></span> <span class='ocrx_word' id='word_1_330' title='bbox 1822 2708 1948 2749; x_wconf 88' lang='lat' dir='ltr'><strong>vero</strong></span> 
     </span>
    </p>
   </div>
   <div class='ocr_carea' id='block_1_44' title="bbox 359 2782 1944 2855">
    <p class='ocr_par' dir='ltr' id='par_1_44' title="bbox 359 2782 1944 2855">
     <span class='ocr_line' id='line_1_44' title="bbox 359 2782 1944 2855; baseline -0.003 -13"><span class='ocrx_word' id='word_1_331' title='bbox 359 2789 428 2842; x_wconf 88' lang='lat' dir='ltr'><strong>de</strong></span> <span class='ocrx_word' id='word_1_332' title='bbox 463 2789 549 2851; x_wconf 90' lang='lat' dir='ltr'><strong>iis,</strong></span> <span class='ocrx_word' id='word_1_333' title='bbox 594 2801 716 2855; x_wconf 83' lang='lat' dir='ltr'><strong>quae</strong></span> <span class='ocrx_word' id='word_1_334' title='bbox 755 2795 957 2849; x_wconf 88' lang='lat' dir='ltr'><strong>creata,</strong></span> <span class='ocrx_word' id='word_1_335' title='bbox 1003 2794 1166 2853; x_wconf 81' lang='lat' dir='ltr'><strong>atque</strong></span> <span class='ocrx_word' id='word_1_336' title='bbox 1215 2784 1266 2838; x_wconf 92' lang='lat' dir='ltr'><strong>in</strong></span> <span class='ocrx_word' id='word_1_337' title='bbox 1324 2792 1567 2853; x_wconf 89' lang='lat' dir='ltr'><strong>tempore</strong></span> <span class='ocrx_word' id='word_1_338' title='bbox 1625 2782 1944 2845; x_wconf 84' lang='lat' dir='ltr'><strong>exsistcntia</strong></span> 
     </span>
    </p>
   </div>
   <div class='ocr_carea' id='block_1_45' title="bbox 359 2873 1942 2948">
    <p class='ocr_par' dir='ltr' id='par_1_45' title="bbox 359 2873 1942 2948">
     <span class='ocr_line' id='line_1_45' title="bbox 359 2873 1942 2948; baseline -0.003 -14"><span class='ocrx_word' id='word_1_339' title='bbox 359 2889 510 2941; x_wconf 85' lang='lat' dir='ltr'><strong>sunt,</strong></span> <span class='ocrx_word' id='word_1_340' title='bbox 546 2880 814 2948; x_wconf 82' lang='lat' dir='ltr'><strong>scriptum</strong></span> <span class='ocrx_word' id='word_1_341' title='bbox 843 2888 927 2932; x_wconf 90' lang='lat' dir='ltr'><strong>est</strong></span> <span class='ocrx_word' id='word_1_342' title='bbox 961 2893 975 2930; x_wconf 90' lang='lat'><strong>:</strong></span> <span class='ocrx_word' id='word_1_343' title='bbox 1019 2895 1039 2928; x_wconf 74' lang='grc' dir='ltr'><strong>ι</strong></span> <span class='ocrx_word' id='word_1_344' title='bbox 1075 2876 1266 2932; x_wconf 83' lang='lat' dir='ltr'><strong>Omnia</strong></span> <span class='ocrx_word' id='word_1_345' title='bbox 1288 2873 1397 2946; x_wconf 82' lang='lat'><strong>(6|)</strong></span> <span class='ocrx_word' id='word_1_346' title='bbox 1430 2889 1588 2930; x_wconf 86' lang='lat' dir='ltr'><strong>serva</strong></span> <span class='ocrx_word' id='word_1_347' title='bbox 1632 2882 1721 2928; x_wconf 87' lang='lat' dir='ltr'><strong>tua</strong></span> <span class='ocrx_word' id='word_1_348' title='bbox 1767 2888 1897 2930; x_wconf 93' lang='lat' dir='ltr'><strong>sunt</strong></span> <span class='ocrx_word' id='word_1_349' title='bbox 1920 2895 1942 2929; x_wconf 74' lang='grc' dir='ltr'><strong>ι</strong></span> 
     </span>
    </p>
   </div>
   <div class='ocr_carea' id='block_1_46' title="bbox 361 2966 956 3041">
    <p class='ocr_par' dir='ltr' id='par_1_46' title="bbox 361 2966 956 3041">
     <span class='ocr_line' id='line_1_46' title="bbox 361 2966 956 3041; baseline -0.008 -15"><span class='ocrx_word' id='word_1_350' title='bbox 361 2973 502 3041; x_wconf 88' lang='lat' dir='ltr'><strong>(seu,</strong></span> <span class='ocrx_word' id='word_1_351' title='bbox 533 2973 776 3023; x_wconf 80' lang='lat' dir='ltr'><strong>serviunt</strong></span> <span class='ocrx_word' id='word_1_352' title='bbox 815 2966 956 3037; x_wconf 85' lang='lat' dir='ltr'><strong>tibi).</strong></span> 
     </span>
    </p>
   </div>
   <div class='ocr_carea' id='block_1_47' title="bbox 431 3057 1944 3130">
    <p class='ocr_par' dir='ltr' id='par_1_47' title="bbox 431 3057 1944 3130">
     <span class='ocr_line' id='line_1_47' title="bbox 431 3057 1944 3130; baseline -0.001 -14"><span class='ocrx_word' id='word_1_353' title='bbox 431 3060 600 3116; x_wconf 69' lang='lat' dir='ltr'><strong>XXV.</strong></span> <span class='ocrx_word' id='word_1_354' title='bbox 643 3061 700 3115; x_wconf 88' lang='lat' dir='ltr'><strong>Si</strong></span> <span class='ocrx_word' id='word_1_355' title='bbox 743 3069 802 3114; x_wconf 91' lang='lat' dir='ltr'><strong>ut</strong></span> <span class='ocrx_word' id='word_1_356' title='bbox 839 3075 950 3113; x_wconf 90' lang='lat' dir='ltr'><strong>rem</strong></span> <span class='ocrx_word' id='word_1_357' title='bbox 987 3074 1236 3129; x_wconf 77' lang='lat' dir='ltr'><strong>magnam</strong></span> <span class='ocrx_word' id='word_1_358' title='bbox 1299 3057 1512 3128; x_wconf 81' lang='lat' dir='ltr'><strong>(revera</strong></span> <span class='ocrx_word' id='word_1_359' title='bbox 1552 3061 1698 3116; x_wconf 90' lang='lat' dir='ltr'><strong>enim</strong></span> <span class='ocrx_word' id='word_1_360' title='bbox 1748 3075 1944 3130; x_wconf 78' lang='lat' dir='ltr'><strong>magna</strong></span> 
     </span>
    </p>
   </div>
   <div class='ocr_carea' id='block_1_48' title="bbox 2063 2121 3524 2193">
    <p class='ocr_par' dir='ltr' id='par_1_48' title="bbox 2063 2121 3524 2193">
     <span class='ocr_line' id='line_1_48' title="bbox 2063 2121 3524 2193; baseline 0.002 -18"><span class='ocrx_word' id='word_1_361' title='bbox 2063 2121 2356 2192; x_wconf 71' lang='grc' dir='ltr'>Ἀψευδὴς</span> <span class='ocrx_word' id='word_1_362' title='bbox 2380 2123 2666 2193; x_wconf 75' lang='grc' dir='ltr'><strong>μεγάλοιο</strong></span> <span class='ocrx_word' id='word_1_363' title='bbox 2697 2122 2846 2178; x_wconf 85' lang='grc' dir='ltr'>Θεοῦ</span> <span class='ocrx_word' id='word_1_364' title='bbox 2879 2123 3049 2190; x_wconf 81' lang='grc' dir='ltr'>νόος·</span> <span class='ocrx_word' id='word_1_365' title='bbox 3081 2122 3152 2178; x_wconf 83' lang='grc' dir='ltr'>ἐν</span> <span class='ocrx_word' id='word_1_366' title='bbox 3179 2123 3247 2177; x_wconf 79' lang='grc' dir='ltr'>δὲ</span> <span class='ocrx_word' id='word_1_367' title='bbox 3271 2123 3524 2193; x_wconf 77' lang='grc' dir='ltr'><strong>βροτοῖσι</strong></span> 
     </span>
    </p>
   </div>
   <div class='ocr_carea' id='block_1_49' title="bbox 2126 2257 3477 2328">
    <p class='ocr_par' dir='ltr' id='par_1_49' title="bbox 2126 2257 3477 2328">
     <span class='ocr_line' id='line_1_49' title="bbox 2126 2257 3477 2328; baseline 0 -16"><span class='ocrx_word' id='word_1_368' title='bbox 2126 2257 2527 2328; x_wconf 81' lang='grc' dir='ltr'>Ψευδομένοις</span> <span class='ocrx_word' id='word_1_369' title='bbox 2556 2257 2793 2326; x_wconf 80' lang='grc' dir='ltr'>χαλεπὰ</span> <span class='ocrx_word' id='word_1_370' title='bbox 2823 2257 3031 2311; x_wconf 79' lang='grc' dir='ltr'>ὤπασε</span> <span class='ocrx_word' id='word_1_371' title='bbox 3060 2257 3477 2328; x_wconf 77' lang='grc' dir='ltr'>δυσμοραπαθ.</span> 
     </span>
    </p>
   </div>
   <div class='ocr_carea' id='block_1_50' title="bbox 2121 2416 3592 2489">
    <p class='ocr_par' dir='ltr' id='par_1_50' title="bbox 2121 2416 3592 2489">
     <span class='ocr_line' id='line_1_50' title="bbox 2121 2416 3592 2489; baseline -0.001 -18"><span class='ocrx_word' id='word_1_372' title='bbox 2121 2418 2246 2472; x_wconf 71' lang='lat' dir='ltr'><strong>KA&#39;.</strong></span> <span class='ocrx_word' id='word_1_373' title='bbox 2279 2417 2342 2470; x_wconf 88' lang='lat' dir='ltr'><strong>Ei</strong></span> <span class='ocrx_word' id='word_1_374' title='bbox 2383 2416 2718 2489; x_wconf 80' lang='grc' dir='ltr'>κληρονόμος</span> <span class='ocrx_word' id='word_1_375' title='bbox 2751 2417 2968 2470; x_wconf 80' lang='grc' dir='ltr'>πάντων</span> <span class='ocrx_word' id='word_1_376' title='bbox 3013 2416 3381 2487; x_wconf 74' lang='grc' dir='ltr'>καθέστηκεν,</span> <span class='ocrx_word' id='word_1_377' title='bbox 3410 2417 3468 2469; x_wconf 83' lang='grc' dir='ltr'><strong>ού</strong></span> <span class='ocrx_word' id='word_1_378' title='bbox 3494 2416 3592 2470; x_wconf 65' lang='grc' dir='ltr'>δού-</span> 
     </span>
    </p>
   </div>
   <div class='ocr_carea' id='block_1_51' title="bbox 2048 2507 3591 2580">
    <p class='ocr_par' dir='ltr' id='par_1_51' title="bbox 2048 2507 3591 2580">
     <span class='ocr_line' id='line_1_51' title="bbox 2048 2507 3591 2580; baseline -0.001 -20"><span class='ocrx_word' id='word_1_379' title='bbox 2048 2508 2159 2574; x_wconf 84' lang='grc' dir='ltr'>λος,</span> <span class='ocrx_word' id='word_1_380' title='bbox 2188 2509 2324 2562; x_wconf 84' lang='grc' dir='ltr'>ἀλλὰ</span> <span class='ocrx_word' id='word_1_381' title='bbox 2359 2511 2582 2578; x_wconf 80' lang='grc' dir='ltr'>γνήσιος</span> <span class='ocrx_word' id='word_1_382' title='bbox 2611 2509 2755 2573; x_wconf 82' lang='grc' dir='ltr'>Υἱός.</span> <span class='ocrx_word' id='word_1_383' title='bbox 2787 2510 2849 2562; x_wconf 88' lang='lat' dir='ltr'><strong>Ei</strong></span> <span class='ocrx_word' id='word_1_384' title='bbox 2881 2509 2938 2562; x_wconf 82' lang='grc' dir='ltr'>δὲ</span> <span class='ocrx_word' id='word_1_385' title='bbox 2977 2508 3053 2580; x_wconf 78' lang='grc' dir='ltr'><strong>μὴ</strong></span> <span class='ocrx_word' id='word_1_386' title='bbox 3087 2507 3296 2573; x_wconf 79' lang='grc' dir='ltr'>δοῦλος,</span> <span class='ocrx_word' id='word_1_387' title='bbox 3342 2507 3449 2559; x_wconf 81' lang='grc' dir='ltr'>ἀλλ’</span> <span class='ocrx_word' id='word_1_388' title='bbox 3474 2507 3591 2571; x_wconf 53' lang='lat'><strong>116;,</strong></span> 
     </span>
    </p>
   </div>
   <div class='ocr_carea' id='block_1_52' title="bbox 2049 2598 3593 2671">
    <p class='ocr_par' dir='ltr' id='par_1_52' title="bbox 2049 2598 3593 2671">
     <span class='ocr_line' id='line_1_52' title="bbox 2049 2598 3593 2671; baseline -0.001 -19"><span class='ocrx_word' id='word_1_389' title='bbox 2049 2601 2181 2664; x_wconf 83' lang='grc' dir='ltr'>Θεός</span> <span class='ocrx_word' id='word_1_390' title='bbox 2219 2602 2366 2654; x_wconf 77' lang='grc' dir='ltr'>ἐστιν</span> <span class='ocrx_word' id='word_1_391' title='bbox 2412 2600 2666 2671; x_wconf 79' lang='grc' dir='ltr'>ἄναρχος.</span> <span class='ocrx_word' id='word_1_392' title='bbox 2697 2599 2826 2663; x_wconf 83' lang='grc' dir='ltr'>Υἱὸς</span> <span class='ocrx_word' id='word_1_393' title='bbox 2866 2598 2976 2671; x_wconf 84' lang='grc' dir='ltr'><strong>γὰρ</strong></span> <span class='ocrx_word' id='word_1_394' title='bbox 3025 2600 3308 2669; x_wconf 83' lang='grc' dir='ltr'>γεννᾶται,</span> <span class='ocrx_word' id='word_1_395' title='bbox 3351 2599 3408 2654; x_wconf 79' lang='grc' dir='ltr'><strong>οὐ</strong></span> <span class='ocrx_word' id='word_1_396' title='bbox 3450 2598 3593 2662; x_wconf 74' lang='grc' dir='ltr'>κτίζε.-</span> 
     </span>
    </p>
   </div>
   <div class='ocr_carea' id='block_1_53' title="bbox 2047 2689 3594 2762">
    <p class='ocr_par' dir='ltr' id='par_1_53' title="bbox 2047 2689 3594 2762">
     <span class='ocr_line' id='line_1_53' title="bbox 2047 2689 3594 2762; baseline -0.002 -17"><span class='ocrx_word' id='word_1_397' title='bbox 2047 2708 2173 2745; x_wconf 80' lang='grc' dir='ltr'>ται⁶</span> <span class='ocrx_word' id='word_1_398' title='bbox 2211 2691 2307 2745; x_wconf 71' lang='grc' dir='ltr'>καὶ</span> <span class='ocrx_word' id='word_1_399' title='bbox 2347 2691 2475 2762; x_wconf 73' lang='grc' dir='ltr'>περὶ</span> <span class='ocrx_word' id='word_1_400' title='bbox 2507 2691 2616 2744; x_wconf 86' lang='grc' dir='ltr'><strong>τῶν</strong></span> <span class='ocrx_word' id='word_1_401' title='bbox 2665 2690 2898 2745; x_wconf 79' lang='grc' dir='ltr'>κτιστῶν</span> <span class='ocrx_word' id='word_1_402' title='bbox 2933 2691 3027 2744; x_wconf 77' lang='grc' dir='ltr'><strong>καὶ</strong></span> <span class='ocrx_word' id='word_1_403' title='bbox 3059 2689 3164 2744; x_wconf 83' lang='grc' dir='ltr'><strong>ὑπὸ</strong></span> <span class='ocrx_word' id='word_1_404' title='bbox 3199 2690 3394 2762; x_wconf 77' lang='grc' dir='ltr'>χρόνον</span> <span class='ocrx_word' id='word_1_405' title='bbox 3429 2691 3594 2762; x_wconf 83' lang='grc' dir='ltr'>γέγρα-</span> 
     </span>
    </p>
   </div>
   <div class='ocr_carea' id='block_1_54' title="bbox 2049 2782 3057 2854">
    <p class='ocr_par' dir='ltr' id='par_1_54' title="bbox 2049 2782 3057 2854">
     <span class='ocr_line' id='line_1_54' title="bbox 2049 2782 3057 2854; baseline -0.001 -17"><span class='ocrx_word' id='word_1_406' title='bbox 2049 2800 2215 2838; x_wconf 82' lang='grc' dir='ltr'>πται·</span> <span class='ocrx_word' id='word_1_407' title='bbox 2251 2802 2270 2835; x_wconf 81' lang='lat' dir='ltr'><strong>t</strong></span> <span class='ocrx_word' id='word_1_408' title='bbox 2303 2782 2384 2838; x_wconf 80' lang='grc' dir='ltr'><strong>Τὰ</strong></span> <span class='ocrx_word' id='word_1_409' title='bbox 2413 2782 2703 2854; x_wconf 85' lang='grc' dir='ltr'>σύμπαντα</span> <span class='ocrx_word' id='word_1_410' title='bbox 2731 2783 2892 2836; x_wconf 73' lang='grc' dir='ltr'>δοῦλα</span> <span class='ocrx_word' id='word_1_411' title='bbox 2926 2783 3012 2837; x_wconf 79' lang='grc' dir='ltr'><strong>σά.</strong></span> <span class='ocrx_word' id='word_1_412' title='bbox 3034 2802 3057 2836; x_wconf 71' lang='grc' dir='ltr'><strong>ι</strong></span> 
     </span>
    </p>
   </div>
   <div class='ocr_carea' id='block_1_55' title="bbox 2118 3059 3600 3135">
    <p class='ocr_par' dir='ltr' id='par_1_55' title="bbox 2118 3059 3600 3135">
     <span class='ocr_line' id='line_1_55' title="bbox 2118 3059 3600 3135; baseline 0.001 -23"><span class='ocrx_word' id='word_1_413' title='bbox 2118 3060 2247 3112; x_wconf 87' lang='lat' dir='ltr'><strong>KE&#39;.</strong></span> <span class='ocrx_word' id='word_1_414' title='bbox 2287 3059 2353 3112; x_wconf 81' lang='lat' dir='ltr'><strong>Ei</strong></span> <span class='ocrx_word' id='word_1_415' title='bbox 2384 3059 2459 3124; x_wconf 84' lang='grc' dir='ltr'><strong>ὡς</strong></span> <span class='ocrx_word' id='word_1_416' title='bbox 2491 3060 2633 3132; x_wconf 88' lang='grc' dir='ltr'>μέγα</span> <span class='ocrx_word' id='word_1_417' title='bbox 2664 3061 2775 3131; x_wconf 69' lang='grc' dir='ltr'><strong>(κα)⁵</strong></span> <span class='ocrx_word' id='word_1_418' title='bbox 2802 3062 2910 3134; x_wconf 80' lang='grc' dir='ltr'><strong>γάρ</strong></span> <span class='ocrx_word' id='word_1_419' title='bbox 2935 3063 3082 3116; x_wconf 79' lang='grc' dir='ltr'>ἐστιν</span> <span class='ocrx_word' id='word_1_420' title='bbox 3114 3063 3336 3135; x_wconf 85' lang='grc' dir='ltr'>ἀληθῶς</span> <span class='ocrx_word' id='word_1_421' title='bbox 3368 3062 3501 3135; x_wconf 84' lang='grc' dir='ltr'>μέγα</span> <span class='ocrx_word' id='word_1_422' title='bbox 3528 3062 3600 3115; x_wconf 70' lang='grc' dir='ltr'><strong>καὶ</strong></span> 
     </span>
    </p>
   </div>
   <div class='ocr_carea' id='block_1_56' title="bbox 359 3149 1939 3253">
    <p class='ocr_par' dir='ltr' id='par_1_56' title="bbox 359 3150 1939 3224">
     <span class='ocr_line' id='line_1_56' title="bbox 359 3150 1939 3224; baseline -0.005 -12"><span class='ocrx_word' id='word_1_423' title='bbox 359 3166 466 3219; x_wconf 89' lang='lat' dir='ltr'><strong>est,</strong></span> <span class='ocrx_word' id='word_1_424' title='bbox 497 3171 562 3210; x_wconf 86' lang='lat' dir='ltr'><strong>ac</strong></span> <span class='ocrx_word' id='word_1_425' title='bbox 603 3155 770 3208; x_wconf 82' lang='lat' dir='ltr'><strong>solius</strong></span> <span class='ocrx_word' id='word_1_426' title='bbox 810 3152 900 3206; x_wconf 89' lang='lat' dir='ltr'><strong>Dei</strong></span> <span class='ocrx_word' id='word_1_427' title='bbox 944 3150 1189 3224; x_wconf 87' lang='lat' dir='ltr'><strong>propria)</strong></span> <span class='ocrx_word' id='word_1_428' title='bbox 1222 3157 1287 3207; x_wconf 85' lang='lat' dir='ltr'><strong>de</strong></span> <span class='ocrx_word' id='word_1_429' title='bbox 1331 3151 1493 3208; x_wconf 84' lang='lat' dir='ltr'><strong>Patre</strong></span> <span class='ocrx_word' id='word_1_430' title='bbox 1527 3153 1664 3208; x_wconf 81' lang='lat' dir='ltr'><strong>dixit</strong></span> <span class='ocrx_word' id='word_1_431' title='bbox 1698 3152 1895 3206; x_wconf 80' lang='lat' dir='ltr'><strong>Paulus</strong></span> <span class='ocrx_word' id='word_1_432' title='bbox 1927 3168 1939 3204; x_wconf 92' lang='lat'><strong>:</strong></span> 
     </span>
    </p>
   </div>
   <div class='ocr_carea' id='block_1_57' title="bbox 2071 3149 3599 3253">
    <p class='ocr_par' dir='ltr' id='par_1_57' title="bbox 2071 3149 3599 3225">
     <span class='ocr_line' id='line_1_57' title="bbox 2071 3149 3599 3225; baseline 0 -22"><span class='ocrx_word' id='word_1_433' title='bbox 2071 3151 2216 3204; x_wconf 82' lang='lat' dir='ltr'><strong>t6vou</strong></span> <span class='ocrx_word' id='word_1_434' title='bbox 2264 3151 2424 3219; x_wconf 80' lang='grc' dir='ltr'>Θεοῦ)</span> <span class='ocrx_word' id='word_1_435' title='bbox 2472 3154 2601 3224; x_wconf 76' lang='grc' dir='ltr'>περὶ</span> <span class='ocrx_word' id='word_1_436' title='bbox 2651 3153 2864 3225; x_wconf 85' lang='grc' dir='ltr'>Πατρὸς</span> <span class='ocrx_word' id='word_1_437' title='bbox 2893 3149 3048 3207; x_wconf 77' lang='grc' dir='ltr'>εἶπεν</span> <span class='ocrx_word' id='word_1_438' title='bbox 3081 3154 3334 3218; x_wconf 72' lang='grc' dir='ltr'>Παῦλοςο</span> <span class='ocrx_word' id='word_1_439' title='bbox 3375 3172 3393 3206; x_wconf 87' lang='grc'><strong>‹</strong></span> <span class='ocrx_word' id='word_1_440' title='bbox 3436 3155 3490 3206; x_wconf 88' lang='lat'><strong>&#39;0</strong></span> <span class='ocrx_word' id='word_1_441' title='bbox 3527 3153 3599 3204; x_wconf 72' lang='grc' dir='ltr'><strong>ἐπὶ</strong></span> 
     </span>
    </p>
   </div>
   <div class='ocr_carea' id='block_1_58' title="bbox 368 3245 1939 3319">
    <p class='ocr_par' dir='ltr' id='par_1_58' title="bbox 368 3245 1939 3319">
     <span class='ocr_line' id='line_1_58' title="bbox 368 3245 1939 3319; baseline -0.001 -18"><span class='ocrx_word' id='word_1_442' title='bbox 368 3266 388 3301; x_wconf 72' lang='lat' dir='ltr'><strong>t</strong></span> <span class='ocrx_word' id='word_1_443' title='bbox 418 3248 519 3314; x_wconf 84' lang='lat' dir='ltr'><strong>Qui</strong></span> <span class='ocrx_word' id='word_1_444' title='bbox 580 3257 662 3302; x_wconf 89' lang='lat' dir='ltr'><strong>est</strong></span> <span class='ocrx_word' id='word_1_445' title='bbox 688 3246 800 3319; x_wconf 69' lang='lat'><strong>(62)</strong></span> <span class='ocrx_word' id='word_1_446' title='bbox 853 3261 1019 3314; x_wconf 81' lang='lat' dir='ltr'><strong>super</strong></span> <span class='ocrx_word' id='word_1_447' title='bbox 1068 3245 1272 3308; x_wconf 85' lang='lat' dir='ltr'><strong>omnia,</strong></span> <span class='ocrx_word' id='word_1_448' title='bbox 1314 3254 1370 3300; x_wconf 87' lang='lat' dir='ltr'><strong>et</strong></span> <span class='ocrx_word' id='word_1_449' title='bbox 1419 3260 1515 3314; x_wconf 84' lang='lat' dir='ltr'><strong>per</strong></span> <span class='ocrx_word' id='word_1_450' title='bbox 1559 3247 1762 3311; x_wconf 86' lang='lat' dir='ltr'><strong>omnia,</strong></span> <span class='ocrx_word' id='word_1_451' title='bbox 1797 3256 1851 3299; x_wconf 90' lang='lat' dir='ltr'><strong>et</strong></span> <span class='ocrx_word' id='word_1_452' title='bbox 1889 3245 1939 3299; x_wconf 91' lang='lat' dir='ltr'><strong>in</strong></span> 
     </span>
    </p>
   </div>
   <div class='ocr_carea' id='block_1_59' title="bbox 2071 3245 3602 3319">
    <p class='ocr_par' dir='ltr' id='par_1_59' title="bbox 2071 3245 3602 3310">
     <span class='ocr_line' id='line_1_59' title="bbox 2071 3245 3602 3310; baseline -0.001 -12"><span class='ocrx_word' id='word_1_453' title='bbox 2071 3245 2288 3310; x_wconf 76' lang='grc' dir='ltr'>πάντων,</span> <span class='ocrx_word' id='word_1_454' title='bbox 2320 3246 2415 3299; x_wconf 79' lang='grc' dir='ltr'>καὶ</span> <span class='ocrx_word' id='word_1_455' title='bbox 2458 3245 2547 3298; x_wconf 82' lang='grc' dir='ltr'>διὰ</span> <span class='ocrx_word' id='word_1_456' title='bbox 2580 3246 2819 3308; x_wconf 79' lang='grc' dir='ltr'>πάντων,</span> <span class='ocrx_word' id='word_1_457' title='bbox 2853 3247 2947 3299; x_wconf 68' lang='grc' dir='ltr'><strong>καὶ</strong></span> <span class='ocrx_word' id='word_1_458' title='bbox 2979 3246 3036 3299; x_wconf 81' lang='grc' dir='ltr'>ἐν</span> <span class='ocrx_word' id='word_1_459' title='bbox 3075 3248 3242 3300; x_wconf 77' lang='grc' dir='ltr'>πᾶσιν</span> <span class='ocrx_word' id='word_1_460' title='bbox 3263 3264 3278 3278; x_wconf 86' lang='grc'><strong>·</strong></span> <span class='ocrx_word' id='word_1_461' title='bbox 3313 3266 3332 3298; x_wconf 78' lang='lat' dir='ltr'><strong>I</strong></span> <span class='ocrx_word' id='word_1_462' title='bbox 3364 3245 3432 3300; x_wconf 82' lang='grc' dir='ltr'>τὰ</span> <span class='ocrx_word' id='word_1_463' title='bbox 3458 3247 3510 3299; x_wconf 84' lang='grc' dir='ltr'>δὲ</span> <span class='ocrx_word' id='word_1_464' title='bbox 3532 3245 3602 3297; x_wconf 76' lang='grc' dir='ltr'>ἶσα</span> 
     </span>
    </p>
   </div>
   <div class='ocr_carea' id='block_1_60' title="bbox 357 3335 1945 3407">
    <p class='ocr_par' dir='ltr' id='par_1_60' title="bbox 357 3335 1945 3407">
     <span class='ocr_line' id='line_1_60' title="bbox 357 3335 1945 3407; baseline -0.003 -12"><span class='ocrx_word' id='word_1_465' title='bbox 357 3340 648 3404; x_wconf 85' lang='lat' dir='ltr'><strong>omnibus;</strong></span> <span class='ocrx_word' id='word_1_466' title='bbox 687 3358 705 3390; x_wconf 77' lang='grc' dir='ltr'><strong>ι</strong></span> <span class='ocrx_word' id='word_1_467' title='bbox 753 3339 982 3404; x_wconf 72' lang='lat' dir='ltr'><strong>aequalia</strong></span> <span class='ocrx_word' id='word_1_468' title='bbox 1015 3352 1147 3391; x_wconf 90' lang='lat' dir='ltr'><strong>vero</strong></span> <span class='ocrx_word' id='word_1_469' title='bbox 1193 3335 1333 3391; x_wconf 87' lang='lat' dir='ltr'><strong>idem</strong></span> <span class='ocrx_word' id='word_1_470' title='bbox 1381 3336 1670 3407; x_wconf 83' lang='lat' dir='ltr'><strong>Apostolus</strong></span> <span class='ocrx_word' id='word_1_471' title='bbox 1711 3338 1778 3392; x_wconf 91' lang='lat' dir='ltr'><strong>de</strong></span> <span class='ocrx_word' id='word_1_472' title='bbox 1807 3336 1945 3392; x_wconf 87' lang='lat' dir='ltr'><strong>Filio</strong></span> 
     </span>
    </p>
   </div>
   <div class='ocr_carea' id='block_1_61' title="bbox 359 3415 1943 3502">
    <p class='ocr_par' dir='ltr' id='par_1_61' title="bbox 359 3415 1943 3502">
     <span class='ocr_line' id='line_1_61' title="bbox 359 3415 1943 3502; baseline -0.003 -13"><span class='ocrx_word' id='word_1_473' title='bbox 359 3435 583 3502; x_wconf 82' lang='lat' dir='ltr'><strong>scripsit</strong></span> <span class='ocrx_word' id='word_1_474' title='bbox 616 3451 629 3487; x_wconf 90' lang='lat'><strong>:</strong></span> <span class='ocrx_word' id='word_1_475' title='bbox 667 3453 685 3485; x_wconf 74' lang='grc' dir='ltr'><strong>ι</strong></span> <span class='ocrx_word' id='word_1_476' title='bbox 728 3433 806 3487; x_wconf 81' lang='lat' dir='ltr'><strong>Ex</strong></span> <span class='ocrx_word' id='word_1_477' title='bbox 859 3431 1188 3502; x_wconf 77' lang='lat' dir='ltr'><strong>quibus(63)</strong></span> <span class='ocrx_word' id='word_1_478' title='bbox 1227 3440 1311 3486; x_wconf 88' lang='lat' dir='ltr'><strong>est</strong></span> <span class='ocrx_word' id='word_1_479' title='bbox 1351 3415 1600 3488; x_wconf 83' lang='lat' dir='ltr'><strong>Christus</strong></span> <span class='ocrx_word' id='word_1_480' title='bbox 1649 3432 1943 3488; x_wconf 89' lang='lat' dir='ltr'><strong>secundum</strong></span> 
     </span>
    </p>
   </div>
   <div class='ocr_carea' id='block_1_62' title="bbox 358 3524 1944 3596">
    <p class='ocr_par' dir='ltr' id='par_1_62' title="bbox 358 3524 1944 3596">
     <span class='ocr_line' id='line_1_62' title="bbox 358 3524 1944 3596; baseline -0.001 -16"><span class='ocrx_word' id='word_1_481' title='bbox 358 3544 601 3594; x_wconf 70' lang='lat' dir='ltr'><strong>carnem,</strong></span> <span class='ocrx_word' id='word_1_482' title='bbox 647 3527 737 3596; x_wconf 87' lang='lat' dir='ltr'><strong>qui</strong></span> <span class='ocrx_word' id='word_1_483' title='bbox 793 3534 879 3579; x_wconf 87' lang='lat' dir='ltr'><strong>est</strong></span> <span class='ocrx_word' id='word_1_484' title='bbox 919 3539 1083 3594; x_wconf 88' lang='lat' dir='ltr'><strong>super</strong></span> <span class='ocrx_word' id='word_1_485' title='bbox 1121 3525 1305 3579; x_wconf 85' lang='lat' dir='ltr'><strong>omnia</strong></span> <span class='ocrx_word' id='word_1_486' title='bbox 1356 3524 1494 3579; x_wconf 88' lang='lat' dir='ltr'><strong>Deus</strong></span> <span class='ocrx_word' id='word_1_487' title='bbox 1532 3525 1850 3581; x_wconf 84' lang='lat' dir='ltr'><strong>benedictus</strong></span> <span class='ocrx_word' id='word_1_488' title='bbox 1892 3525 1944 3578; x_wconf 93' lang='lat' dir='ltr'><strong>in</strong></span> 
     </span>
    </p>
   </div>
   <div class='ocr_carea' id='block_1_63' title="bbox 357 3618 1942 3689">
    <p class='ocr_par' dir='ltr' id='par_1_63' title="bbox 357 3618 1942 3689">
     <span class='ocr_line' id='line_1_63' title="bbox 357 3618 1942 3689; baseline -0.001 -13"><span class='ocrx_word' id='word_1_489' title='bbox 357 3620 576 3676; x_wconf 68' lang='lat' dir='ltr'><strong>Stet-uia.</strong></span> <span class='ocrx_word' id='word_1_490' title='bbox 629 3621 836 3684; x_wconf 83' lang='lat' dir='ltr'><strong>Amen;</strong></span> <span class='ocrx_word' id='word_1_491' title='bbox 870 3638 889 3670; x_wconf 87' lang='grc'><strong>›</strong></span> <span class='ocrx_word' id='word_1_492' title='bbox 941 3619 1175 3686; x_wconf 88' lang='lat' dir='ltr'><strong>itemque</strong></span> <span class='ocrx_word' id='word_1_493' title='bbox 1224 3618 1595 3689; x_wconf 82' lang='lat' dir='ltr'><strong>evangelista,</strong></span> <span class='ocrx_word' id='word_1_494' title='bbox 1647 3633 1768 3673; x_wconf 87' lang='lat' dir='ltr'><strong>cunt</strong></span> <span class='ocrx_word' id='word_1_495' title='bbox 1826 3618 1942 3674; x_wconf 83' lang='lat' dir='ltr'><strong>ait:</strong></span> 
     </span>
    </p>
   </div>
   <div class='ocr_carea' id='block_1_64' title="bbox 362 3711 1942 3782">
    <p class='ocr_par' dir='ltr' id='par_1_64' title="bbox 362 3711 1942 3782">
     <span class='ocr_line' id='line_1_64' title="bbox 362 3711 1942 3782; baseline 0.001 -18"><span class='ocrx_word' id='word_1_496' title='bbox 362 3733 380 3764; x_wconf 73' lang='grc' dir='ltr'><strong>ι</strong></span> <span class='ocrx_word' id='word_1_497' title='bbox 412 3713 825 3780; x_wconf 78' lang='lat' dir='ltr'><strong>Qui&#39;desursnm</strong></span> <span class='ocrx_word' id='word_1_498' title='bbox 846 3711 958 3782; x_wconf 72' lang='grc'>(64)</span> <span class='ocrx_word' id='word_1_499' title='bbox 990 3712 1157 3777; x_wconf 89' lang='lat' dir='ltr'><strong>venit,</strong></span> <span class='ocrx_word' id='word_1_500' title='bbox 1177 3725 1340 3780; x_wconf 90' lang='lat' dir='ltr'><strong>supra</strong></span> <span class='ocrx_word' id='word_1_501' title='bbox 1368 3711 1548 3765; x_wconf 89' lang='lat' dir='ltr'><strong>omnia</strong></span> <span class='ocrx_word' id='word_1_502' title='bbox 1581 3721 1662 3766; x_wconf 89' lang='lat' dir='ltr'><strong>est</strong></span> <span class='ocrx_word' id='word_1_503' title='bbox 1691 3731 1704 3767; x_wconf 89' lang='lat'><strong>:</strong></span> <span class='ocrx_word' id='word_1_504' title='bbox 1741 3731 1759 3761; x_wconf 79' lang='grc' dir='ltr'><strong>ι</strong></span> <span class='ocrx_word' id='word_1_505' title='bbox 1799 3712 1942 3765; x_wconf 87' lang='lat' dir='ltr'><strong>nulla</strong></span> 
     </span>
    </p>
   </div>
   <div class='ocr_carea' id='block_1_65' title="bbox 355 3801 1942 3872">
    <p class='ocr_par' dir='ltr' id='par_1_65' title="bbox 355 3801 1942 3872">
     <span class='ocr_line' id='line_1_65' title="bbox 355 3801 1942 3872; baseline 0.001 -18"><span class='ocrx_word' id='word_1_506' title='bbox 355 3817 484 3871; x_wconf 79' lang='lat' dir='ltr'><strong>ergo</strong></span> <span class='ocrx_word' id='word_1_507' title='bbox 521 3802 573 3855; x_wconf 94' lang='lat' dir='ltr'><strong>in</strong></span> <span class='ocrx_word' id='word_1_508' title='bbox 610 3817 668 3856; x_wconf 90' lang='lat' dir='ltr'><strong>re</strong></span> <span class='ocrx_word' id='word_1_509' title='bbox 706 3817 736 3855; x_wconf 88' lang='lat' dir='ltr'><strong>a</strong></span> <span class='ocrx_word' id='word_1_510' title='bbox 785 3801 948 3856; x_wconf 88' lang='lat' dir='ltr'><strong>Patre</strong></span> <span class='ocrx_word' id='word_1_511' title='bbox 997 3803 1277 3872; x_wconf 87' lang='lat' dir='ltr'><strong>discrepat</strong></span> <span class='ocrx_word' id='word_1_512' title='bbox 1316 3801 1508 3866; x_wconf 87' lang='lat' dir='ltr'><strong>Filius,</strong></span> <span class='ocrx_word' id='word_1_513' title='bbox 1562 3817 1662 3857; x_wconf 89' lang='lat' dir='ltr'><strong>nec</strong></span> <span class='ocrx_word' id='word_1_514' title='bbox 1701 3803 1814 3872; x_wconf 74' lang='lat' dir='ltr'><strong>ipso</strong></span> <span class='ocrx_word' id='word_1_515' title='bbox 1857 3804 1942 3857; x_wconf 86' lang='lat' dir='ltr'><strong>in-</strong></span> 
     </span>
    </p>
   </div>
   <div class='ocr_carea' id='block_1_66' title="bbox 356 3894 1942 3964">
    <p class='ocr_par' dir='ltr' id='par_1_66' title="bbox 356 3894 1942 3964">
     <span class='ocr_line' id='line_1_66' title="bbox 356 3894 1942 3964; baseline 0.002 -17"><span class='ocrx_word' id='word_1_516' title='bbox 356 3895 524 3948; x_wconf 69' lang='lat' dir='ltr'><strong>I‘erior</strong></span> <span class='ocrx_word' id='word_1_517' title='bbox 574 3903 657 3948; x_wconf 87' lang='lat' dir='ltr'><strong>est</strong></span> <span class='ocrx_word' id='word_1_518' title='bbox 685 3894 825 3964; x_wconf 81' lang='grc'>(65).</span> <span class='ocrx_word' id='word_1_519' title='bbox 866 3894 1038 3961; x_wconf 86' lang='lat' dir='ltr'><strong>Quam</strong></span> <span class='ocrx_word' id='word_1_520' title='bbox 1077 3895 1163 3963; x_wconf 90' lang='lat' dir='ltr'><strong>pie</strong></span> <span class='ocrx_word' id='word_1_521' title='bbox 1211 3910 1340 3950; x_wconf 87' lang='lat' dir='ltr'><strong>vero</strong></span> <span class='ocrx_word' id='word_1_522' title='bbox 1399 3896 1466 3950; x_wconf 90' lang='lat' dir='ltr'><strong>de</strong></span> <span class='ocrx_word' id='word_1_523' title='bbox 1510 3896 1662 3950; x_wconf 86' lang='lat' dir='ltr'><strong>hisce</strong></span> <span class='ocrx_word' id='word_1_524' title='bbox 1703 3897 1942 3951; x_wconf 88' lang='lat' dir='ltr'><strong>sentiant</strong></span> 
     </span>
    </p>
   </div>
   <div class='ocr_carea' id='block_1_67' title="bbox 356 3985 1939 4058">
    <p class='ocr_par' dir='ltr' id='par_1_67' title="bbox 356 3985 1939 4058">
     <span class='ocr_line' id='line_1_67' title="bbox 356 3985 1939 4058; baseline 0.003 -19"><span class='ocrx_word' id='word_1_525' title='bbox 356 3986 668 4041; x_wconf 61' lang='lat' dir='ltr'><strong>Graicorum</strong></span> <span class='ocrx_word' id='word_1_526' title='bbox 698 3986 956 4054; x_wconf 81' lang='lat' dir='ltr'><strong>theologi,</strong></span> <span class='ocrx_word' id='word_1_527' title='bbox 980 3987 1070 4054; x_wconf 91' lang='lat' dir='ltr'><strong>qui</strong></span> <span class='ocrx_word' id='word_1_528' title='bbox 1102 3985 1270 4039; x_wconf 88' lang='lat' dir='ltr'><strong>multa</strong></span> <span class='ocrx_word' id='word_1_529' title='bbox 1300 3988 1611 4051; x_wconf 89' lang='lat' dir='ltr'><strong>audierunt,</strong></span> <span class='ocrx_word' id='word_1_530' title='bbox 1634 4003 1739 4044; x_wconf 89' lang='lat' dir='ltr'><strong>non</strong></span> <span class='ocrx_word' id='word_1_531' title='bbox 1769 4002 1939 4058; x_wconf 89' lang='lat' dir='ltr'><strong>pauca</strong></span> 
     </span>
    </p>
   </div>
   <div class='ocr_carea' id='block_1_68' title="bbox 355 4075 1939 4150">
    <p class='ocr_par' dir='ltr' id='par_1_68' title="bbox 355 4075 1939 4150">
     <span class='ocr_line' id='line_1_68' title="bbox 355 4075 1939 4150; baseline 0.004 -21"><span class='ocrx_word' id='word_1_532' title='bbox 355 4076 621 4146; x_wconf 78' lang='lat' dir='ltr'><strong>legerunt,</strong></span> <span class='ocrx_word' id='word_1_533' title='bbox 656 4091 719 4130; x_wconf 89' lang='lat' dir='ltr'><strong>ac</strong></span> <span class='ocrx_word' id='word_1_534' title='bbox 747 4077 981 4144; x_wconf 88' lang='lat' dir='ltr'><strong>plurima</strong></span> <span class='ocrx_word' id='word_1_535' title='bbox 1009 4075 1280 4140; x_wconf 81' lang='lat' dir='ltr'><strong>viderunt,</strong></span> <span class='ocrx_word' id='word_1_536' title='bbox 1306 4078 1575 4148; x_wconf 87' lang='lat' dir='ltr'><strong>inspicere</strong></span> <span class='ocrx_word' id='word_1_537' title='bbox 1613 4095 1792 4150; x_wconf 74' lang='lat' dir='ltr'><strong>operae</strong></span> <span class='ocrx_word' id='word_1_538' title='bbox 1817 4094 1939 4149; x_wconf 91' lang='lat' dir='ltr'><strong>pre-</strong></span> 
     </span>
    </p>
   </div>
   <div class='ocr_carea' id='block_1_69' title="bbox 355 4166 1032 4221">
    <p class='ocr_par' dir='ltr' id='par_1_69' title="bbox 355 4166 1032 4221">
     <span class='ocr_line' id='line_1_69' title="bbox 355 4166 1032 4221; baseline 0 -2"><span class='ocrx_word' id='word_1_539' title='bbox 355 4167 489 4219; x_wconf 91' lang='lat' dir='ltr'><strong>tium</strong></span> <span class='ocrx_word' id='word_1_540' title='bbox 524 4177 624 4219; x_wconf 90' lang='lat' dir='ltr'><strong>est.</strong></span> <span class='ocrx_word' id='word_1_541' title='bbox 653 4166 820 4219; x_wconf 81' lang='lat' dir='ltr'><strong>Aiunt</strong></span> <span class='ocrx_word' id='word_1_542' title='bbox 850 4167 994 4221; x_wconf 90' lang='lat' dir='ltr'><strong>enim</strong></span> <span class='ocrx_word' id='word_1_543' title='bbox 1019 4184 1032 4219; x_wconf 92' lang='lat'>:</span> 
     </span>
    </p>
   </div>
   <div class='ocr_carea' id='block_1_70' title="bbox 356 4256 1934 4330">
    <p class='ocr_par' dir='ltr' id='par_1_70' title="bbox 356 4256 1934 4330">
     <span class='ocr_line' id='line_1_70' title="bbox 356 4256 1934 4330; baseline 0.003 -19"><span class='ocrx_word' id='word_1_544' title='bbox 356 4257 547 4311; x_wconf 84' lang='lat' dir='ltr'><strong>Omnia</strong></span> <span class='ocrx_word' id='word_1_545' title='bbox 597 4256 707 4311; x_wconf 80' lang='lat' dir='ltr'><strong>Deo</strong></span> <span class='ocrx_word' id='word_1_546' title='bbox 748 4259 901 4326; x_wconf 84' lang='lat' dir='ltr'><strong>plena</strong></span> <span class='ocrx_word' id='word_1_547' title='bbox 952 4273 1070 4314; x_wconf 79' lang='lat' dir='ltr'><strong>sunt</strong></span> <span class='ocrx_word' id='word_1_548' title='bbox 1103 4259 1254 4330; x_wconf 84' lang='lat'><em>(66);</em></span> <span class='ocrx_word' id='word_1_549' title='bbox 1297 4261 1530 4315; x_wconf 87' lang='lat' dir='ltr'><strong>omnium</strong></span> <span class='ocrx_word' id='word_1_550' title='bbox 1566 4261 1688 4329; x_wconf 75' lang='lat' dir='ltr'><strong>finis</strong></span> <span class='ocrx_word' id='word_1_551' title='bbox 1740 4273 1843 4328; x_wconf 84' lang='lat' dir='ltr'><strong>est,</strong></span> <span class='ocrx_word' id='word_1_552' title='bbox 1885 4273 1934 4318; x_wconf 85' lang='lat' dir='ltr'><strong>et</strong></span> 
     </span>
    </p>
   </div>
   <div class='ocr_carea' id='block_1_71' title="bbox 1578 4333 1858 4402">
    <p class='ocr_par' dir='ltr' id='par_1_71' title="bbox 1578 4333 1858 4402">
     <span class='ocr_line' id='line_1_71' title="bbox 1578 4333 1858 4402; baseline 0.011 -19"><span class='ocrx_word' id='word_1_553' title='bbox 1578 4333 1812 4402; x_wconf 73' lang='lat' dir='ltr'><strong>linitium</strong></span> <span class='ocrx_word' id='word_1_554' title='bbox 1843 4351 1858 4386; x_wconf 92' lang='lat'><em>:</em></span> 
     </span>
    </p>
   </div>
   <div class='ocr_carea' id='block_1_72' title="bbox 354 4394 1934 4544">
    <p class='ocr_par' dir='ltr' id='par_1_72' title="bbox 354 4394 1934 4544">
     <span class='ocr_line' id='line_1_72' title="bbox 354 4394 1934 4544; baseline 0.003 -93"><span class='ocrx_word' id='word_1_555' title='bbox 354 4394 546 4451; x_wconf 82' lang='lat' dir='ltr'><strong>Omnia</strong></span> <span class='ocrx_word' id='word_1_556' title='bbox 583 4397 777 4465; x_wconf 76' lang='lat' dir='ltr'><strong>ferens,</strong></span> <span class='ocrx_word' id='word_1_557' title='bbox 807 4408 855 4453; x_wconf 77' lang='lat' dir='ltr'><strong>et</strong></span> <span class='ocrx_word' id='word_1_558' title='bbox 903 4401 1128 4466; x_wconf 74' lang='lat' dir='ltr'><strong>soluens,</strong></span> <span class='ocrx_word' id='word_1_559' title='bbox 1176 4412 1223 4455; x_wconf 83' lang='lat' dir='ltr'><strong>et</strong></span> <span class='ocrx_word' id='word_1_560' title='bbox 1267 4420 1331 4459; x_wconf 76' lang='lat' dir='ltr'><strong>ex</strong></span> <span class='ocrx_word' id='word_1_561' title='bbox 1368 4394 1595 4473; x_wconf 71' lang='lat' dir='ltr'><strong>ipsisntet</strong></span> <span class='ocrx_word' id='word_1_562' title='bbox 1619 4420 1834 4544; x_wconf 74' lang='lat' dir='ltr'><strong>[rursus</strong></span> <span class='ocrx_word' id='word_1_563' title='bbox 1873 4419 1934 4458; x_wconf 87' lang='lat' dir='ltr'><strong>ea</strong></span> 
     </span>
     <span class='ocr_line' id='line_1_73' title="bbox 521 4490 1857 4542; baseline 0.007 -25"><span class='ocrx_word' id='word_1_564' title='bbox 521 4513 525 4517; x_wconf 88' lang='lat'><strong>.</strong></span> <span class='ocrx_word' id='word_1_565' title='bbox 1642 4490 1857 4542; x_wconf 78' lang='lat' dir='ltr'><strong>augens.</strong></span> 
     </span>
    </p>
   </div>
   <div class='ocr_carea' id='block_1_73' title="bbox 1642 4490 1857 4542">
    <p class='ocr_par' dir='ltr' id='par_1_73' title="bbox 1642 4490 1857 4542">
     <span class='ocr_line' id='line_1_74' title="bbox 1642 4490 1857 4542; baseline 0.023 -19"><span class='ocrx_word' id='word_1_566' title='bbox 1642 4490 1857 4542; x_wconf 78' lang='lat' dir='ltr'><strong>augens.</strong></span> 
     </span>
    </p>
   </div>
   <div class='ocr_carea' id='block_1_74' title="bbox 2047 3332 3601 3411">
    <p class='ocr_par' dir='ltr' id='par_1_74' title="bbox 2047 3332 3601 3411">
     <span class='ocr_line' id='line_1_75' title="bbox 2047 3332 3601 3411; baseline -0.003 -19"><span class='ocrx_word' id='word_1_567' title='bbox 2047 3338 2210 3401; x_wconf 79' lang='grc' dir='ltr'>αὐτὸς</span> <span class='ocrx_word' id='word_1_568' title='bbox 2245 3339 2374 3409; x_wconf 67' lang='grc' dir='ltr'>περ).</span> <span class='ocrx_word' id='word_1_569' title='bbox 2405 3338 2496 3392; x_wconf 81' lang='grc' dir='ltr'>τοῦ</span> <span class='ocrx_word' id='word_1_570' title='bbox 2530 3338 2658 3391; x_wconf 84' lang='grc' dir='ltr'>Υἱοῦ</span> <span class='ocrx_word' id='word_1_571' title='bbox 2689 3339 2998 3410; x_wconf 81' lang='grc' dir='ltr'>γέγραφεν·</span> <span class='ocrx_word' id='word_1_572' title='bbox 3034 3358 3051 3390; x_wconf 77' lang='grc' dir='ltr'><strong>ι</strong></span> <span class='ocrx_word' id='word_1_573' title='bbox 3092 3338 3183 3404; x_wconf 78' lang='grc' dir='ltr'><strong>ἘΞ</strong></span> <span class='ocrx_word' id='word_1_574' title='bbox 3205 3332 3285 3393; x_wconf 81' lang='grc' dir='ltr'>ὧν</span> <span class='ocrx_word' id='word_1_575' title='bbox 3327 3341 3355 3392; x_wconf 90' lang='lat'><strong>6</strong></span> <span class='ocrx_word' id='word_1_576' title='bbox 3399 3337 3601 3411; x_wconf 75' lang='grc' dir='ltr'>Χριστὸς</span> 
     </span>
    </p>
   </div>
   <div class='ocr_carea' id='block_1_75' title="bbox 2047 3429 3605 3503">
    <p class='ocr_par' dir='ltr' id='par_1_75' title="bbox 2047 3429 3605 3503">
     <span class='ocr_line' id='line_1_76' title="bbox 2047 3429 3605 3503; baseline -0.002 -17"><span class='ocrx_word' id='word_1_577' title='bbox 2047 3429 2174 3502; x_wconf 71' lang='grc'>[152</span> <span class='ocrx_word' id='word_1_578' title='bbox 2199 3430 2252 3503; x_wconf 78' lang='lat' dir='ltr'><strong>b]</strong></span> <span class='ocrx_word' id='word_1_579' title='bbox 2277 3431 2338 3484; x_wconf 81' lang='grc' dir='ltr'><strong>τὸ</strong></span> <span class='ocrx_word' id='word_1_580' title='bbox 2357 3431 2498 3484; x_wconf 67' lang='grc' dir='ltr'>κατὰ</span> <span class='ocrx_word' id='word_1_581' title='bbox 2522 3431 2720 3502; x_wconf 75' lang='grc' dir='ltr'>σάρκα,</span> <span class='ocrx_word' id='word_1_582' title='bbox 2745 3434 2772 3485; x_wconf 91' lang='grc' dir='ltr'>ὁ</span> <span class='ocrx_word' id='word_1_583' title='bbox 2793 3431 2868 3484; x_wconf 81' lang='grc' dir='ltr'>ὢν</span> <span class='ocrx_word' id='word_1_584' title='bbox 2886 3433 2977 3485; x_wconf 77' lang='grc' dir='ltr'><strong>ἐπὶ</strong></span> <span class='ocrx_word' id='word_1_585' title='bbox 3000 3433 3217 3487; x_wconf 81' lang='grc' dir='ltr'>πάντων</span> <span class='ocrx_word' id='word_1_586' title='bbox 3238 3433 3378 3496; x_wconf 86' lang='grc' dir='ltr'>Θεὸς</span> <span class='ocrx_word' id='word_1_587' title='bbox 3400 3433 3605 3500; x_wconf 77' lang='grc' dir='ltr'>εὐλογη-</span> 
     </span>
    </p>
   </div>
   <div class='ocr_carea' id='block_1_76' title="bbox 2044 3521 3605 3594">
    <p class='ocr_par' dir='ltr' id='par_1_76' title="bbox 2044 3521 3605 3594">
     <span class='ocr_line' id='line_1_77' title="bbox 2044 3521 3605 3594; baseline 0 -20"><span class='ocrx_word' id='word_1_588' title='bbox 2044 3522 2136 3585; x_wconf 85' lang='grc' dir='ltr'><strong>τὸς</strong></span> <span class='ocrx_word' id='word_1_589' title='bbox 2175 3522 2255 3586; x_wconf 83' lang='grc' dir='ltr'><strong>εἰς</strong></span> <span class='ocrx_word' id='word_1_590' title='bbox 2285 3523 2411 3585; x_wconf 79' lang='grc' dir='ltr'>τοὺς</span> <span class='ocrx_word' id='word_1_591' title='bbox 2457 3521 2680 3585; x_wconf 80' lang='grc' dir='ltr'>αἰῶνας.</span> <span class='ocrx_word' id='word_1_592' title='bbox 2721 3522 2924 3594; x_wconf 75' lang='grc' dir='ltr'>Ἀμήνο</span> <span class='ocrx_word' id='word_1_593' title='bbox 2963 3541 2981 3573; x_wconf 75' lang='grc' dir='ltr'><strong>ι</strong></span> <span class='ocrx_word' id='word_1_594' title='bbox 3017 3523 3111 3576; x_wconf 76' lang='grc' dir='ltr'>καὶ</span> <span class='ocrx_word' id='word_1_595' title='bbox 3162 3525 3191 3577; x_wconf 89' lang='lat'><strong>6</strong></span> <span class='ocrx_word' id='word_1_596' title='bbox 3231 3522 3605 3591; x_wconf 70' lang='grc' dir='ltr'>εὖαγγελιστής</span> 
     </span>
    </p>
   </div>
   <div class='ocr_carea' id='block_1_77' title="bbox 2049 3613 3605 3685">
    <p class='ocr_par' dir='ltr' id='par_1_77' title="bbox 2049 3613 3605 3685">
     <span class='ocr_line' id='line_1_78' title="bbox 2049 3613 3605 3685; baseline 0 -20"><span class='ocrx_word' id='word_1_597' title='bbox 2049 3629 2216 3684; x_wconf 86' lang='grc' dir='ltr'>φησιν</span> <span class='ocrx_word' id='word_1_598' title='bbox 2235 3630 2248 3642; x_wconf 91' lang='grc'><strong>·</strong></span> <span class='ocrx_word' id='word_1_599' title='bbox 2271 3632 2290 3665; x_wconf 82' lang='lat' dir='ltr'><strong>t</strong></span> <span class='ocrx_word' id='word_1_600' title='bbox 2331 3614 2389 3667; x_wconf 80' lang='grc' dir='ltr'>ὐ</span> <span class='ocrx_word' id='word_1_601' title='bbox 2410 3615 2702 3685; x_wconf 79' lang='grc' dir='ltr'>ἐρχόμενος</span> <span class='ocrx_word' id='word_1_602' title='bbox 2721 3613 2948 3677; x_wconf 82' lang='grc' dir='ltr'>ἄνωθεν,</span> <span class='ocrx_word' id='word_1_603' title='bbox 2966 3615 3149 3668; x_wconf 77' lang='grc' dir='ltr'>ἐπάνω</span> <span class='ocrx_word' id='word_1_604' title='bbox 3169 3615 3394 3669; x_wconf 78' lang='grc' dir='ltr'>πάντων</span> <span class='ocrx_word' id='word_1_605' title='bbox 3411 3614 3564 3667; x_wconf 77' lang='grc' dir='ltr'>ἐστιν·</span> <span class='ocrx_word' id='word_1_606' title='bbox 3589 3631 3605 3664; x_wconf 80' lang='grc' dir='ltr'><strong>ι</strong></span> 
     </span>
    </p>
   </div>
   <div class='ocr_carea' id='block_1_78' title="bbox 2044 3706 3606 3778">
    <p class='ocr_par' dir='ltr' id='par_1_78' title="bbox 2044 3706 3606 3778">
     <span class='ocr_line' id='line_1_79' title="bbox 2044 3706 3606 3778; baseline 0.001 -19"><span class='ocrx_word' id='word_1_607' title='bbox 2044 3706 2144 3760; x_wconf 84' lang='grc' dir='ltr'>οὐκ</span> <span class='ocrx_word' id='word_1_608' title='bbox 2201 3706 2512 3778; x_wconf 79' lang='grc' dir='ltr'>ἀφέστηκεν</span> <span class='ocrx_word' id='word_1_609' title='bbox 2547 3707 2604 3760; x_wconf 76' lang='grc' dir='ltr'>ἐν</span> <span class='ocrx_word' id='word_1_610' title='bbox 2651 3725 2792 3772; x_wconf 88' lang='grc' dir='ltr'>τινι,</span> <span class='ocrx_word' id='word_1_611' title='bbox 2841 3707 2950 3761; x_wconf 78' lang='grc' dir='ltr'>οὐδ’</span> <span class='ocrx_word' id='word_1_612' title='bbox 3006 3709 3197 3762; x_wconf 83' lang='grc' dir='ltr'>ἀποδεῖ</span> <span class='ocrx_word' id='word_1_613' title='bbox 3244 3709 3345 3762; x_wconf 81' lang='grc' dir='ltr'>τοῦ</span> <span class='ocrx_word' id='word_1_614' title='bbox 3397 3707 3606 3778; x_wconf 77' lang='grc' dir='ltr'>Πατρός.</span> 
     </span>
    </p>
   </div>
   <div class='ocr_carea' id='block_1_79' title="bbox 2046 3798 3611 3873">
    <p class='ocr_par' dir='ltr' id='par_1_79' title="bbox 2046 3798 3611 3873">
     <span class='ocr_line' id='line_1_80' title="bbox 2046 3798 3611 3873; baseline 0 -23"><span class='ocrx_word' id='word_1_615' title='bbox 2046 3799 2232 3860; x_wconf 84' lang='grc' dir='ltr'>Ὅπως</span> <span class='ocrx_word' id='word_1_616' title='bbox 2267 3798 2324 3851; x_wconf 83' lang='grc' dir='ltr'><strong>δὲ</strong></span> <span class='ocrx_word' id='word_1_617' title='bbox 2353 3799 2598 3863; x_wconf 74' lang='grc' dir='ltr'>εὐλαϐῶς</span> <span class='ocrx_word' id='word_1_618' title='bbox 2631 3799 2815 3870; x_wconf 83' lang='grc' dir='ltr'>έχουσι</span> <span class='ocrx_word' id='word_1_619' title='bbox 2853 3800 2982 3873; x_wconf 80' lang='grc' dir='ltr'>περὶ</span> <span class='ocrx_word' id='word_1_620' title='bbox 3018 3800 3222 3854; x_wconf 85' lang='grc' dir='ltr'>τούτων</span> <span class='ocrx_word' id='word_1_621' title='bbox 3264 3802 3318 3854; x_wconf 88' lang='grc' dir='ltr'>οἱ</span> <span class='ocrx_word' id='word_1_622' title='bbox 3361 3800 3611 3870; x_wconf 70' lang='grc' dir='ltr'>Ἑλλήνων</span> 
     </span>
    </p>
   </div>
   <div class='ocr_carea' id='block_1_80' title="bbox 2043 3889 3597 3964">
    <p class='ocr_par' dir='ltr' id='par_1_80' title="bbox 2043 3889 3597 3964">
     <span class='ocr_line' id='line_1_81' title="bbox 2043 3889 3597 3964; baseline 0.001 -22"><span class='ocrx_word' id='word_1_623' title='bbox 2043 3889 2302 3959; x_wconf 85' lang='grc' dir='ltr'>Οεολόγοι,</span> <span class='ocrx_word' id='word_1_624' title='bbox 2330 3892 2382 3943; x_wconf 86' lang='lat' dir='ltr'><strong>oi</strong></span> <span class='ocrx_word' id='word_1_625' title='bbox 2415 3891 2584 3945; x_wconf 82' lang='grc' dir='ltr'>πολλὰ</span> <span class='ocrx_word' id='word_1_626' title='bbox 2621 3893 2720 3964; x_wconf 82' lang='grc' dir='ltr'>μὲν</span> <span class='ocrx_word' id='word_1_627' title='bbox 2760 3893 3114 3958; x_wconf 85' lang='grc' dir='ltr'>ἀκούσαντες,</span> <span class='ocrx_word' id='word_1_628' title='bbox 3149 3895 3253 3947; x_wconf 80' lang='grc' dir='ltr'>οὐκ</span> <span class='ocrx_word' id='word_1_629' title='bbox 3295 3893 3459 3962; x_wconf 80' lang='grc' dir='ltr'>ὀλίγα</span> <span class='ocrx_word' id='word_1_630' title='bbox 3502 3893 3597 3945; x_wconf 76' lang='grc' dir='ltr'>ἀνα-</span> 
     </span>
    </p>
   </div>
   <div class='ocr_carea' id='block_1_81' title="bbox 2040 3985 3612 4058">
    <p class='ocr_par' dir='ltr' id='par_1_81' title="bbox 2040 3985 3612 4058">
     <span class='ocr_line' id='line_1_82' title="bbox 2040 3985 3612 4058; baseline -0.002 -20"><span class='ocrx_word' id='word_1_631' title='bbox 2040 3985 2261 4054; x_wconf 84' lang='grc' dir='ltr'>γνόντες</span> <span class='ocrx_word' id='word_1_632' title='bbox 2284 4026 2300 4049; x_wconf 95' lang='grc'>,</span> <span class='ocrx_word' id='word_1_633' title='bbox 2362 3987 2670 4058; x_wconf 80' lang='grc' dir='ltr'>ἑωρακότες</span> <span class='ocrx_word' id='word_1_634' title='bbox 2727 3986 2785 4041; x_wconf 85' lang='grc' dir='ltr'>δὲ</span> <span class='ocrx_word' id='word_1_635' title='bbox 2842 3987 2937 4041; x_wconf 77' lang='grc' dir='ltr'>καὶ</span> <span class='ocrx_word' id='word_1_636' title='bbox 2993 3986 3255 4054; x_wconf 83' lang='grc' dir='ltr'>πλεῖστα,</span> <span class='ocrx_word' id='word_1_637' title='bbox 3310 3985 3612 4041; x_wconf 75' lang='grc' dir='ltr'>ἐπισκοπεῖν</span> 
     </span>
    </p>
   </div>
   <div class='ocr_carea' id='block_1_82' title="bbox 2039 4077 2687 4150">
    <p class='ocr_par' dir='ltr' id='par_1_82' title="bbox 2039 4077 2687 4150">
     <span class='ocr_line' id='line_1_83' title="bbox 2039 4077 2687 4150; baseline 0 -18"><span class='ocrx_word' id='word_1_638' title='bbox 2039 4077 2208 4143; x_wconf 82' lang='grc' dir='ltr'>ἄξιον.</span> <span class='ocrx_word' id='word_1_639' title='bbox 2237 4079 2510 4133; x_wconf 82' lang='grc' dir='ltr'>Φάσκουσι</span> <span class='ocrx_word' id='word_1_640' title='bbox 2544 4078 2654 4150; x_wconf 85' lang='grc' dir='ltr'>γάρ</span> <span class='ocrx_word' id='word_1_641' title='bbox 2672 4095 2687 4109; x_wconf 74' lang='grc' dir='ltr'><strong><em>ο</em></strong></span> 
     </span>
    </p>
   </div>
   <div class='ocr_carea' id='block_1_83' title="bbox 2034 4256 3614 4329">
    <p class='ocr_par' dir='ltr' id='par_1_83' title="bbox 2034 4256 3614 4329">
     <span class='ocr_line' id='line_1_84' title="bbox 2034 4256 3614 4329; baseline -0.002 -15"><span class='ocrx_word' id='word_1_642' title='bbox 2034 4258 2239 4314; x_wconf 79' lang='grc' dir='ltr'>Πάντα</span> <span class='ocrx_word' id='word_1_643' title='bbox 2289 4259 2438 4314; x_wconf 84' lang='grc' dir='ltr'>Θεοῦ</span> <span class='ocrx_word' id='word_1_644' title='bbox 2501 4259 2702 4329; x_wconf 70' lang='grc' dir='ltr'>πλιῖρη</span> <span class='ocrx_word' id='word_1_645' title='bbox 2722 4301 2742 4325; x_wconf 90' lang='grc'>,</span> <span class='ocrx_word' id='word_1_646' title='bbox 2798 4258 3040 4313; x_wconf 80' lang='grc' dir='ltr'>πάντων</span> <span class='ocrx_word' id='word_1_647' title='bbox 3083 4257 3272 4329; x_wconf 81' lang='grc' dir='ltr'>πέρας</span> <span class='ocrx_word' id='word_1_648' title='bbox 3335 4258 3474 4314; x_wconf 77' lang='grc' dir='ltr'>ἐστι</span> <span class='ocrx_word' id='word_1_649' title='bbox 3529 4256 3614 4312; x_wconf 80' lang='grc' dir='ltr'>και</span> 
     </span>
    </p>
   </div>
   <div class='ocr_carea' id='block_1_84' title="bbox 2035 4329 3617 4470">
    <p class='ocr_par' dir='ltr' id='par_1_84' title="bbox 2035 4329 3617 4470">
     <span class='ocr_line' id='line_1_85' title="bbox 2035 4329 3617 4470; baseline -0.001 -17"><span class='ocrx_word' id='word_1_650' title='bbox 2035 4400 2239 4455; x_wconf 80' lang='grc' dir='ltr'>Πάντα</span> <span class='ocrx_word' id='word_1_651' title='bbox 2289 4399 2488 4470; x_wconf 68' lang='grc' dir='ltr'>φέρων</span> <span class='ocrx_word' id='word_1_652' title='bbox 2523 4439 2538 4466; x_wconf 88' lang='grc'>,</span> <span class='ocrx_word' id='word_1_653' title='bbox 2597 4400 2764 4454; x_wconf 75' lang='grc' dir='ltr'>λύων</span> <span class='ocrx_word' id='word_1_654' title='bbox 2805 4415 2869 4453; x_wconf 81' lang='grc' dir='ltr'><strong>τε</strong></span> <span class='ocrx_word' id='word_1_655' title='bbox 2917 4399 3014 4454; x_wconf 75' lang='grc' dir='ltr'><strong>καὶ</strong></span> <span class='ocrx_word' id='word_1_656' title='bbox 3057 4400 3127 4466; x_wconf 82' lang='grc' dir='ltr'><strong>ἐξ</strong></span> <span class='ocrx_word' id='word_1_657' title='bbox 3177 4329 3617 4455; x_wconf 49' lang='grc' dir='ltr'><strong>αὐτῶὶνοάρέἐίιᾶιν</strong></span> 
     </span>
    </p>
   </div>
   <div class='ocr_carea' id='block_1_85' title="bbox 3294 4471 3550 4544">
    <p class='ocr_par' dir='ltr' id='par_1_85' title="bbox 3294 4471 3550 4544">
     <span class='ocr_line' id='line_1_86' title="bbox 3294 4471 3550 4544; baseline -0.004 -20"><span class='ocrx_word' id='word_1_658' title='bbox 3294 4471 3550 4544; x_wconf 80' lang='grc' dir='ltr'>[αὔξων.</span> 
     </span>
    </p>
   </div>
   <div class='ocr_carea' id='block_1_86' title="bbox 427 4553 1939 4636">
    <p class='ocr_par' dir='ltr' id='par_1_86' title="bbox 427 4560 1932 4636">
     <span class='ocr_line' id='line_1_87' title="bbox 427 4560 1932 4636; baseline 0.005 -21"><span class='ocrx_word' id='word_1_659' title='bbox 427 4560 616 4615; x_wconf 68' lang='lat' dir='ltr'><strong>XXVI.</strong></span> <span class='ocrx_word' id='word_1_660' title='bbox 650 4563 705 4617; x_wconf 90' lang='lat' dir='ltr'><strong>Si</strong></span> <span class='ocrx_word' id='word_1_661' title='bbox 747 4563 866 4618; x_wconf 84' lang='lat' dir='ltr'><strong>Filii</strong></span> <span class='ocrx_word' id='word_1_662' title='bbox 914 4567 1182 4636; x_wconf 87' lang='lat' dir='ltr'><strong>propriam</strong></span> <span class='ocrx_word' id='word_1_663' title='bbox 1233 4582 1352 4623; x_wconf 85' lang='lat' dir='ltr'><strong>esse</strong></span> <span class='ocrx_word' id='word_1_664' title='bbox 1403 4577 1709 4623; x_wconf 83' lang='lat' dir='ltr'><strong>creaturam</strong></span> <span class='ocrx_word' id='word_1_665' title='bbox 1747 4569 1932 4622; x_wconf 90' lang='lat' dir='ltr'><strong>dicunt</strong></span> 
     </span>
    </p>
   </div>
   <div class='ocr_carea' id='block_1_87' title="bbox 2071 4553 3620 4636">
    <p class='ocr_par' dir='ltr' id='par_1_87' title="bbox 2107 4561 3620 4634">
     <span class='ocr_line' id='line_1_88' title="bbox 2107 4561 3620 4634; baseline -0.003 -18"><span class='ocrx_word' id='word_1_666' title='bbox 2107 4564 2253 4630; x_wconf 69' lang='lat' dir='ltr'><strong>KG&quot;.</strong></span> <span class='ocrx_word' id='word_1_667' title='bbox 2289 4563 2352 4616; x_wconf 86' lang='lat' dir='ltr'><strong>Ei</strong></span> <span class='ocrx_word' id='word_1_668' title='bbox 2377 4563 2471 4616; x_wconf 77' lang='grc' dir='ltr'>τοῦ</span> <span class='ocrx_word' id='word_1_669' title='bbox 2512 4561 2644 4615; x_wconf 88' lang='grc' dir='ltr'>Υἱοῦ</span> <span class='ocrx_word' id='word_1_670' title='bbox 2676 4563 2708 4632; x_wconf 83' lang='grc' dir='ltr'>ἡ</span> <span class='ocrx_word' id='word_1_671' title='bbox 2743 4562 2918 4626; x_wconf 85' lang='grc' dir='ltr'>κτίσις</span> <span class='ocrx_word' id='word_1_672' title='bbox 2948 4563 3054 4618; x_wconf 79' lang='grc' dir='ltr'>ἰδία</span> <span class='ocrx_word' id='word_1_673' title='bbox 3084 4564 3408 4634; x_wconf 81' lang='grc' dir='ltr'>γέγραπται</span> <span class='ocrx_word' id='word_1_674' title='bbox 3447 4562 3620 4634; x_wconf 77' lang='grc' dir='ltr'>(φησὶν</span> 
     </span>
    </p>
   </div>
   <div class='ocr_carea' id='block_1_88' title="bbox 349 4651 1926 4730">
    <p class='ocr_par' dir='ltr' id='par_1_88' title="bbox 349 4651 1926 4730">
     <span class='ocr_line' id='line_1_89' title="bbox 349 4651 1926 4730; baseline 0.003 -24"><span class='ocrx_word' id='word_1_675' title='bbox 349 4651 678 4722; x_wconf 58' lang='lat' dir='ltr'><strong>Scriptura);</strong></span> <span class='ocrx_word' id='word_1_676' title='bbox 715 4656 868 4709; x_wconf 89' lang='lat' dir='ltr'><strong>aiunt</strong></span> <span class='ocrx_word' id='word_1_677' title='bbox 916 4655 1060 4712; x_wconf 89' lang='lat' dir='ltr'><strong>enim</strong></span> <span class='ocrx_word' id='word_1_678' title='bbox 1093 4677 1106 4712; x_wconf 88' lang='lat'><strong>:</strong></span> <span class='ocrx_word' id='word_1_679' title='bbox 1149 4675 1168 4709; x_wconf 85' lang='grc'><em>‹</em></span> <span class='ocrx_word' id='word_1_680' title='bbox 1203 4657 1260 4712; x_wconf 81' lang='lat' dir='ltr'><strong>in</strong></span> <span class='ocrx_word' id='word_1_681' title='bbox 1301 4658 1521 4730; x_wconf 90' lang='lat' dir='ltr'><strong>propria</strong></span> <span class='ocrx_word' id='word_1_682' title='bbox 1549 4658 1661 4730; x_wconf 86' lang='lat'><strong>(67)</strong></span> <span class='ocrx_word' id='word_1_683' title='bbox 1700 4659 1872 4724; x_wconf 87' lang='lat' dir='ltr'><strong>venit;</strong></span> <span class='ocrx_word' id='word_1_684' title='bbox 1907 4676 1926 4710; x_wconf 70' lang='grc' dir='ltr'><strong>ι</strong></span> 
     </span>
    </p>
   </div>
   <div class='ocr_carea' id='block_1_89' title="bbox 419 4857 1306 4931">
    <p class='ocr_par' dir='ltr' id='par_1_89' title="bbox 419 4857 1306 4931">
     <span class='ocr_line' id='line_1_90' title="bbox 419 4857 1306 4931; baseline 0.008 -21"><span class='ocrx_word' id='word_1_685' title='bbox 419 4857 533 4931; x_wconf 67' lang='grc'>(56)</span> <span class='ocrx_word' id='word_1_686' title='bbox 577 4859 714 4931; x_wconf 69' lang='lat' dir='ltr'><strong>Huic</strong></span> <span class='ocrx_word' id='word_1_687' title='bbox 753 4876 948 4914; x_wconf 82' lang='lat' dir='ltr'><strong>omnes.</strong></span> <span class='ocrx_word' id='word_1_688' title='bbox 977 4861 1099 4931; x_wconf 65' lang='lat' dir='ltr'><strong>Act.</strong></span> <span class='ocrx_word' id='word_1_689' title='bbox 1132 4879 1186 4928; x_wconf 71' lang='grc' dir='ltr'><strong>χ,</strong></span> <span class='ocrx_word' id='word_1_690' title='bbox 1217 4862 1306 4918; x_wconf 76' lang='grc'><strong>45.</strong></span> 
     </span>
    </p>
   </div>
   <div class='ocr_carea' id='block_1_90' title="bbox 417 4929 1392 5003">
    <p class='ocr_par' dir='ltr' id='par_1_90' title="bbox 417 4929 1392 5003">
     <span class='ocr_line' id='line_1_91' title="bbox 417 4929 1392 5003; baseline 0.005 -22"><span class='ocrx_word' id='word_1_691' title='bbox 575 4929 804 5003; x_wconf 54' lang='lat' dir='ltr'><strong>graues.</strong></span> <span class='ocrx_word' id='word_1_692' title='bbox 841 4932 980 5003; x_wconf 86' lang='lat' dir='ltr'><strong>Psal_.</strong></span> <span class='ocrx_word' id='word_1_693' title='bbox 1011 4929 1068 4998; x_wconf 75' lang='grc' dir='ltr'>ν,</span> <span class='ocrx_word' id='word_1_694' title='bbox 1096 4936 1129 4987; x_wconf 85' lang='grc'><strong>6</strong></span> <span class='ocrx_word' id='word_1_695' title='bbox 1163 4937 1280 4999; x_wconf 86' lang='lat' dir='ltr'><strong>(seu</strong></span> <span class='ocrx_word' id='word_1_696' title='bbox 1317 4933 1392 5003; x_wconf 90' lang='lat'><strong>7).</strong></span> 
     </span>
    </p>
   </div>
   <div class='ocr_carea' id='block_1_91' title="bbox 417 4999 1700 5071">
    <p class='ocr_par' dir='ltr' id='par_1_91' title="bbox 417 4999 1700 5071">
     <span class='ocr_line' id='line_1_92' title="bbox 417 4999 1700 5071; baseline 0.005 -20"><span class='ocrx_word' id='word_1_697' title='bbox 417 4999 530 5071; x_wconf 82' lang='grc'>(58)</span> <span class='ocrx_word' id='word_1_698' title='bbox 573 5001 912 5071; x_wconf 83' lang='lat' dir='ltr'><strong>Theologum.</strong></span> <span class='ocrx_word' id='word_1_699' title='bbox 947 4999 1104 5056; x_wconf 84' lang='lat' dir='ltr'><strong>Joan.</strong></span> <span class='ocrx_word' id='word_1_700' title='bbox 1131 5020 1240 5067; x_wconf 85' lang='lat' dir='ltr'><strong>va,</strong></span> <span class='ocrx_word' id='word_1_701' title='bbox 1277 4999 1422 5059; x_wconf 62' lang='grc' dir='ltr'>εδει</span> <span class='ocrx_word' id='word_1_702' title='bbox 1451 5019 1584 5066; x_wconf 78' lang='lat' dir='ltr'><strong>xvn,</strong></span> <span class='ocrx_word' id='word_1_703' title='bbox 1616 5003 1700 5058; x_wconf 85' lang='lat' dir='ltr'><strong>IO.</strong></span> 
     </span>
    </p>
   </div>
   <div class='ocr_carea' id='block_1_92' title="bbox 415 5070 1924 5146">
    <p class='ocr_par' dir='ltr' id='par_1_92' title="bbox 415 5070 1924 5146">
     <span class='ocr_line' id='line_1_93' title="bbox 415 5070 1924 5146; baseline 0.004 -23"><span class='ocrx_word' id='word_1_704' title='bbox 415 5070 528 5140; x_wconf 87' lang='grc'>(59)</span> <span class='ocrx_word' id='word_1_705' title='bbox 569 5070 884 5126; x_wconf 76' lang='lat' dir='ltr'><strong>Audiamus.</strong></span> <span class='ocrx_word' id='word_1_706' title='bbox 942 5072 1156 5140; x_wconf 81' lang='lat' dir='ltr'><strong>Codex,</strong></span> <span class='ocrx_word' id='word_1_707' title='bbox 1209 5075 1494 5146; x_wconf 73' lang='grc' dir='ltr'>ἐπαίομεν.</span> <span class='ocrx_word' id='word_1_708' title='bbox 1563 5075 1703 5145; x_wconf 75' lang='lat' dir='ltr'><strong>Lego</strong></span> <span class='ocrx_word' id='word_1_709' title='bbox 1756 5076 1924 5132; x_wconf 79' lang='grc' dir='ltr'>ἐπαΐ-</span> 
     </span>
    </p>
   </div>
   <div class='ocr_carea' id='block_1_93' title="bbox 340 5157 510 5208">
    <p class='ocr_par' dir='ltr' id='par_1_93' title="bbox 340 5157 510 5208">
     <span class='ocr_line' id='line_1_94' title="bbox 340 5157 510 5208; baseline -0.024 -14"><span class='ocrx_word' id='word_1_710' title='bbox 340 5157 510 5208; x_wconf 79' lang='grc' dir='ltr'>ωμεν.</span> 
     </span>
    </p>
   </div>
   <div class='ocr_carea' id='block_1_94' title="bbox 415 5208 1919 5286">
    <p class='ocr_par' dir='ltr' id='par_1_94' title="bbox 415 5208 1919 5286">
     <span class='ocr_line' id='line_1_95' title="bbox 415 5208 1919 5286; baseline 0.005 -24"><span class='ocrx_word' id='word_1_711' title='bbox 415 5211 525 5279; x_wconf 81' lang='grc'>(60)</span> <span class='ocrx_word' id='word_1_712' title='bbox 570 5208 900 5286; x_wconf 73' lang='lat' dir='ltr'><strong>Infqrtnnia.</strong></span> <span class='ocrx_word' id='word_1_713' title='bbox 936 5215 1220 5270; x_wconf 79' lang='lat' dir='ltr'><strong>Librarius</strong></span> <span class='ocrx_word' id='word_1_714' title='bbox 1249 5216 1370 5270; x_wconf 91' lang='lat' dir='ltr'><strong>sine</strong></span> <span class='ocrx_word' id='word_1_715' title='bbox 1406 5227 1632 5272; x_wconf 83' lang='lat' dir='ltr'><strong>accentu</strong></span> <span class='ocrx_word' id='word_1_716' title='bbox 1679 5217 1919 5286; x_wconf 86' lang='lat' dir='ltr'><strong>scripsit,</strong></span> 
     </span>
    </p>
   </div>
   <div class='ocr_carea' id='block_1_95' title="bbox 339 5278 1922 5356">
    <p class='ocr_par' dir='ltr' id='par_1_95' title="bbox 339 5278 1922 5356">
     <span class='ocr_line' id='line_1_96' title="bbox 339 5278 1922 5356; baseline 0.007 -26"><span class='ocrx_word' id='word_1_717' title='bbox 339 5278 723 5356; x_wconf 83' lang='grc' dir='ltr'>δυσμοραπαθ.</span> <span class='ocrx_word' id='word_1_718' title='bbox 760 5282 954 5339; x_wconf 90' lang='lat' dir='ltr'><strong>Vocem</strong></span> <span class='ocrx_word' id='word_1_719' title='bbox 1008 5303 1137 5341; x_wconf 89' lang='lat' dir='ltr'><strong>vero</strong></span> <span class='ocrx_word' id='word_1_720' title='bbox 1171 5286 1388 5356; x_wconf 81' lang='grc' dir='ltr'>χαλεπά</span> <span class='ocrx_word' id='word_1_721' title='bbox 1439 5287 1508 5339; x_wconf 87' lang='lat' dir='ltr'><strong>ita</strong></span> <span class='ocrx_word' id='word_1_722' title='bbox 1557 5278 1826 5349; x_wconf 57' lang='lat' dir='ltr'><strong>exaravit&#39;,</strong></span> <span class='ocrx_word' id='word_1_723' title='bbox 1863 5278 1922 5341; x_wconf 83' lang='lat' dir='ltr'><strong>ut</strong></span> 
     </span>
    </p>
   </div>
   <div class='ocr_carea' id='block_1_96' title="bbox 344 5354 1914 5427">
    <p class='ocr_par' dir='ltr' id='par_1_96' title="bbox 344 5354 1914 5427">
     <span class='ocr_line' id='line_1_97' title="bbox 344 5354 1914 5427; baseline 0.006 -27"><span class='ocrx_word' id='word_1_724' title='bbox 344 5354 558 5427; x_wconf 79' lang='lat' dir='ltr'><strong>nescias</strong></span> <span class='ocrx_word' id='word_1_725' title='bbox 591 5365 657 5403; x_wconf 85' lang='lat' dir='ltr'><strong>an</strong></span> <span class='ocrx_word' id='word_1_726' title='bbox 707 5356 947 5427; x_wconf 80' lang='lat' dir='ltr'><strong>scribere</strong></span> <span class='ocrx_word' id='word_1_727' title='bbox 982 5354 1213 5410; x_wconf 83' lang='lat' dir='ltr'><strong>voluerit</strong></span> <span class='ocrx_word' id='word_1_728' title='bbox 1259 5358 1495 5427; x_wconf 77' lang='grc' dir='ltr'>χαλεπά,</span> <span class='ocrx_word' id='word_1_729' title='bbox 1531 5358 1582 5409; x_wconf 89' lang='lat' dir='ltr'><strong>id</strong></span> <span class='ocrx_word' id='word_1_730' title='bbox 1623 5369 1703 5411; x_wconf 90' lang='lat' dir='ltr'><strong>est</strong></span> <span class='ocrx_word' id='word_1_731' title='bbox 1745 5377 1762 5407; x_wconf 72' lang='grc' dir='ltr'><strong>ι</strong></span> <span class='ocrx_word' id='word_1_732' title='bbox 1797 5375 1914 5410; x_wconf 85' lang='lat' dir='ltr'><strong>Ino-</strong></span> 
     </span>
    </p>
   </div>
   <div class='ocr_carea' id='block_1_97' title="bbox 343 5419 1918 5500">
    <p class='ocr_par' dir='ltr' id='par_1_97' title="bbox 343 5419 1918 5500">
     <span class='ocr_line' id='line_1_98' title="bbox 343 5419 1918 5500; baseline 0.006 -29"><span class='ocrx_word' id='word_1_733' title='bbox 343 5419 504 5500; x_wconf 75' lang='lat' dir='ltr'><strong>Iesta,</strong></span> <span class='ocrx_word' id='word_1_734' title='bbox 532 5439 550 5472; x_wconf 71' lang='grc' dir='ltr'><strong>ι</strong></span> <span class='ocrx_word' id='word_1_735' title='bbox 594 5437 660 5475; x_wconf 87' lang='lat' dir='ltr'><strong>an</strong></span> <span class='ocrx_word' id='word_1_736' title='bbox 699 5426 1092 5500; x_wconf 61' lang='grc' dir='ltr'>νιξτοχαλεπᾷ,</span> <span class='ocrx_word' id='word_1_737' title='bbox 1125 5427 1176 5481; x_wconf 91' lang='lat' dir='ltr'><strong>id</strong></span> <span class='ocrx_word' id='word_1_738' title='bbox 1210 5419 1292 5481; x_wconf 73' lang='lat' dir='ltr'><strong>esi</strong></span> <span class='ocrx_word' id='word_1_739' title='bbox 1339 5419 1677 5498; x_wconf 58' lang='grc' dir='ltr'>χαλεπαίνει.</span> <span class='ocrx_word' id='word_1_740' title='bbox 1718 5427 1918 5500; x_wconf 65' lang='lat' dir='ltr'><strong>Medica</strong></span> 
     </span>
    </p>
   </div>
   <div class='ocr_carea' id='block_1_98' title="bbox 342 5495 1921 5566">
    <p class='ocr_par' dir='ltr' id='par_1_98' title="bbox 342 5495 1921 5566">
     <span class='ocr_line' id='line_1_99' title="bbox 342 5495 1921 5566; baseline 0.008 -27"><span class='ocrx_word' id='word_1_741' title='bbox 342 5495 532 5566; x_wconf 67' lang='lat' dir='ltr'><strong>itaque</strong></span> <span class='ocrx_word' id='word_1_742' title='bbox 558 5508 719 5566; x_wconf 84' lang='lat' dir='ltr'><strong>manu</strong></span> <span class='ocrx_word' id='word_1_743' title='bbox 753 5495 958 5565; x_wconf 77' lang='lat' dir='ltr'><strong>indiget</strong></span> <span class='ocrx_word' id='word_1_744' title='bbox 991 5500 1076 5551; x_wconf 90' lang='lat' dir='ltr'><strong>htc</strong></span> <span class='ocrx_word' id='word_1_745' title='bbox 1103 5495 1459 5561; x_wconf 46' lang='lat' dir='ltr'><strong>versus;&#39;sed</strong></span> <span class='ocrx_word' id='word_1_746' title='bbox 1493 5513 1726 5566; x_wconf 78' lang='lat' dir='ltr'><strong>quonam</strong></span> <span class='ocrx_word' id='word_1_747' title='bbox 1761 5497 1921 5551; x_wconf 81' lang='lat' dir='ltr'><strong>modo</strong></span> 
     </span>
    </p>
   </div>
   <div class='ocr_carea' id='block_1_99' title="bbox 339 5557 1922 5637">
    <p class='ocr_par' dir='ltr' id='par_1_99' title="bbox 339 5557 1922 5637">
     <span class='ocr_line' id='line_1_100' title="bbox 339 5557 1922 5637; baseline 0.005 -25"><span class='ocrx_word' id='word_1_748' title='bbox 339 5557 602 5629; x_wconf 78' lang='lat' dir='ltr'><strong>legendus</strong></span> <span class='ocrx_word' id='word_1_749' title='bbox 647 5563 747 5637; x_wconf 82' lang='lat' dir='ltr'><strong>sit,</strong></span> <span class='ocrx_word' id='word_1_750' title='bbox 786 5557 1045 5637; x_wconf 66' lang='lat' dir='ltr'><strong>divinare</strong></span> <span class='ocrx_word' id='word_1_751' title='bbox 1092 5557 1320 5620; x_wconf 27' lang='lat' dir='ltr'><strong>dillieile’</strong></span> <span class='ocrx_word' id='word_1_752' title='bbox 1355 5576 1458 5622; x_wconf 90' lang='lat' dir='ltr'><strong>est.</strong></span> <span class='ocrx_word' id='word_1_753' title='bbox 1502 5557 1614 5637; x_wconf 80' lang='lat' dir='ltr'><strong>Ego</strong></span> <span class='ocrx_word' id='word_1_754' title='bbox 1657 5583 1778 5620; x_wconf 82' lang='lat' dir='ltr'><strong>cum</strong></span> <span class='ocrx_word' id='word_1_755' title='bbox 1825 5567 1922 5620; x_wconf 67' lang='lat' dir='ltr'><strong>alio</strong></span> 
     </span>
    </p>
   </div>
   <div class='ocr_carea' id='block_1_100' title="bbox 340 5633 1923 5705">
    <p class='ocr_par' dir='ltr' id='par_1_100' title="bbox 340 5633 1923 5705">
     <span class='ocr_line' id='line_1_101' title="bbox 340 5633 1923 5705; baseline 0.008 -27"><span class='ocrx_word' id='word_1_756' title='bbox 340 5644 503 5705; x_wconf 58' lang='lat' dir='ltr'><strong>quam</strong></span> <span class='ocrx_word' id='word_1_757' title='bbox 531 5633 750 5705; x_wconf 81' lang='lat' dir='ltr'><strong>tandem</strong></span> <span class='ocrx_word' id='word_1_758' title='bbox 785 5635 1070 5692; x_wconf 86' lang='lat' dir='ltr'><strong>lectionem</strong></span> <span class='ocrx_word' id='word_1_759' title='bbox 1099 5637 1351 5704; x_wconf 88' lang='lat' dir='ltr'><strong>amplecti</strong></span> <span class='ocrx_word' id='word_1_760' title='bbox 1379 5633 1623 5705; x_wconf 72' lang='lat' dir='ltr'><strong>cogerer,</strong></span> <span class='ocrx_word' id='word_1_761' title='bbox 1650 5637 1729 5691; x_wconf 90' lang='lat' dir='ltr'><strong>sic</strong></span> <span class='ocrx_word' id='word_1_762' title='bbox 1754 5648 1923 5690; x_wconf 87' lang='lat' dir='ltr'><strong>trans-</strong></span> 
     </span>
    </p>
   </div>
   <div class='ocr_carea' id='block_1_101' title="bbox 343 5698 1920 5778">
    <p class='ocr_par' dir='ltr' id='par_1_101' title="bbox 343 5698 1920 5778">
     <span class='ocr_line' id='line_1_102' title="bbox 343 5698 1920 5778; baseline 0.006 -27"><span class='ocrx_word' id='word_1_763' title='bbox 343 5698 474 5778; x_wconf 55' lang='grc' dir='ltr'>μιῇ,</span> <span class='ocrx_word' id='word_1_764' title='bbox 522 5703 677 5778; x_wconf 87' lang='lat' dir='ltr'><strong>quasi</strong></span> <span class='ocrx_word' id='word_1_765' title='bbox 731 5703 963 5778; x_wconf 75' lang='lat' dir='ltr'><strong>legerem</strong></span> <span class='ocrx_word' id='word_1_766' title='bbox 1005 5721 1020 5758; x_wconf 93' lang='lat'>:</span> <span class='ocrx_word' id='word_1_767' title='bbox 1063 5698 1416 5777; x_wconf 76' lang='grc' dir='ltr'>ψευδομένοις</span> <span class='ocrx_word' id='word_1_768' title='bbox 1449 5698 1683 5778; x_wconf 70' lang='grc' dir='ltr'>’χαλεπὰ</span> <span class='ocrx_word' id='word_1_769' title='bbox 1735 5705 1920 5778; x_wconf 77' lang='grc' dir='ltr'>ὤπασε</span> 
     </span>
    </p>
   </div>
   <div class='ocr_carea' id='block_1_102' title="bbox 343 5767 1924 5855">
    <p class='ocr_par' dir='ltr' id='par_1_102' title="bbox 343 5767 1924 5855">
     <span class='ocr_line' id='line_1_103' title="bbox 343 5767 1924 5855; baseline 0.005 -33"><span class='ocrx_word' id='word_1_770' title='bbox 343 5767 596 5855; x_wconf 63' lang='grc' dir='ltr'>δύσμορά</span> <span class='ocrx_word' id='word_1_771' title='bbox 627 5791 710 5855; x_wconf 44' lang='grc' dir='ltr'>τε..</span> <span class='ocrx_word' id='word_1_772' title='bbox 743 5767 1089 5855; x_wconf 41' lang='lat' dir='ltr'><strong>Suspicatus</strong></span> <span class='ocrx_word' id='word_1_773' title='bbox 1114 5767 1290 5855; x_wconf 71' lang='lat' dir='ltr'><strong>tamen</strong></span> <span class='ocrx_word' id='word_1_774' title='bbox 1322 5767 1500 5831; x_wconf 61' lang='lat' dir='ltr'><strong>etiani</strong></span> <span class='ocrx_word' id='word_1_775' title='bbox 1520 5795 1636 5855; x_wconf 79' lang='lat' dir='ltr'><strong>sum</strong></span> <span class='ocrx_word' id='word_1_776' title='bbox 1671 5794 1767 5847; x_wconf 89' lang='lat' dir='ltr'><strong>pro</strong></span> <span class='ocrx_word' id='word_1_777' title='bbox 1797 5777 1924 5855; x_wconf 65' lang='grc' dir='ltr'>ψευτ</span> 
     </span>
    </p>
   </div>
   <div class='ocr_carea' id='block_1_103' title="bbox 339 5838 1920 5924">
    <p class='ocr_par' dir='ltr' id='par_1_103' title="bbox 339 5838 1920 5924">
     <span class='ocr_line' id='line_1_104' title="bbox 339 5838 1920 5924; baseline 0.008 -30"><span class='ocrx_word' id='word_1_778' title='bbox 339 5838 579 5914; x_wconf 77' lang='grc' dir='ltr'>δομένόις</span> <span class='ocrx_word' id='word_1_779' title='bbox 606 5884 620 5910; x_wconf 91' lang='grc'>,</span> <span class='ocrx_word' id='word_1_780' title='bbox 683 5845 781 5916; x_wconf 75' lang='lat' dir='ltr'><strong>legi</strong></span> <span class='ocrx_word' id='word_1_781' title='bbox 828 5838 985 5921; x_wconf 72' lang='lat' dir='ltr'><strong>posse</strong></span> <span class='ocrx_word' id='word_1_782' title='bbox 1031 5846 1387 5924; x_wconf 62' lang='grc' dir='ltr'>ψευδόμενος,</span> <span class='ocrx_word' id='word_1_783' title='bbox 1433 5858 1490 5906; x_wconf 86' lang='grc' dir='ltr'><strong>ιιι</strong></span> <span class='ocrx_word' id='word_1_784' title='bbox 1542 5838 1824 5908; x_wconf 36' lang='lat' dir='ltr'><strong>referatur.</strong></span> <span class='ocrx_word' id='word_1_785' title='bbox 1854 5851 1920 5907; x_wconf 80' lang='lat' dir='ltr'><strong>ad</strong></span> 
     </span>
    </p>
   </div>
   <div class='ocr_carea' id='block_1_104' title="bbox 2040 4652 3618 4728">
    <p class='ocr_par' dir='ltr' id='par_1_104' title="bbox 2040 4652 3618 4728">
     <span class='ocr_line' id='line_1_105' title="bbox 2040 4652 3618 4728; baseline -0.003 -18"><span class='ocrx_word' id='word_1_786' title='bbox 2040 4656 2179 4728; x_wconf 74' lang='grc' dir='ltr'>γάρ’</span> <span class='ocrx_word' id='word_1_787' title='bbox 2218 4674 2238 4706; x_wconf 77' lang='grc' dir='ltr'><strong>ι</strong></span> <span class='ocrx_word' id='word_1_788' title='bbox 2269 4655 2365 4718; x_wconf 78' lang='grc' dir='ltr'><strong>Εἰς</strong></span> <span class='ocrx_word' id='word_1_789' title='bbox 2413 4654 2481 4710; x_wconf 83' lang='grc' dir='ltr'>τὰ</span> <span class='ocrx_word' id='word_1_790' title='bbox 2526 4655 2636 4710; x_wconf 73' lang='grc' dir='ltr'>ἴδια</span> <span class='ocrx_word' id='word_1_791' title='bbox 2678 4652 2868 4728; x_wconf 82' lang='grc' dir='ltr'>ἦλθεν·</span> <span class='ocrx_word' id='word_1_792' title='bbox 2901 4675 2919 4708; x_wconf 72' lang='grc' dir='ltr'><strong>ι</strong></span> <span class='ocrx_word' id='word_1_793' title='bbox 2957 4656 3052 4710; x_wconf 75' lang='grc' dir='ltr'><strong>καὶ</strong></span> <span class='ocrx_word' id='word_1_794' title='bbox 3095 4656 3295 4711; x_wconf 82' lang='grc' dir='ltr'>πάλιν·</span> <span class='ocrx_word' id='word_1_795' title='bbox 3350 4675 3371 4708; x_wconf 84' lang='grc'><strong><em>‹</em></strong></span> <span class='ocrx_word' id='word_1_796' title='bbox 3399 4657 3482 4709; x_wconf 79' lang='grc' dir='ltr'><strong>Τὰ</strong></span> <span class='ocrx_word' id='word_1_797' title='bbox 3523 4653 3618 4725; x_wconf 63' lang='grc' dir='ltr'><strong>ἐμὲ</strong></span> 
     </span>
    </p>
   </div>
   <div class='ocr_carea' id='block_1_105' title="bbox 2035 4863 3617 4936">
    <p class='ocr_par' dir='ltr' id='par_1_105' title="bbox 2035 4863 3617 4936">
     <span class='ocr_line' id='line_1_106' title="bbox 2035 4863 3617 4936; baseline -0.003 -17"><span class='ocrx_word' id='word_1_798' title='bbox 2035 4879 2232 4920; x_wconf 90' lang='lat' dir='ltr'><strong>nomen</strong></span> <span class='ocrx_word' id='word_1_799' title='bbox 2269 4863 2436 4936; x_wconf 67' lang='grc' dir='ltr'>νόος,</span> <span class='ocrx_word' id='word_1_800' title='bbox 2487 4872 2543 4915; x_wconf 89' lang='lat' dir='ltr'><strong>at</strong></span> <span class='ocrx_word' id='word_1_801' title='bbox 2589 4864 3106 4936; x_wconf 72' lang='lat' dir='ltr'><strong>pro_6uap.opamﬁ,</strong></span> <span class='ocrx_word' id='word_1_802' title='bbox 3147 4867 3287 4936; x_wconf 82' lang='lat' dir='ltr'><strong>quid</strong></span> <span class='ocrx_word' id='word_1_803' title='bbox 3341 4865 3617 4936; x_wconf 81' lang='lat' dir='ltr'><strong>legendum</strong></span> 
     </span>
    </p>
   </div>
   <div class='ocr_carea' id='block_1_106' title="bbox 2032 4933 3623 5008">
    <p class='ocr_par' dir='ltr' id='par_1_106' title="bbox 2032 4933 3623 5008">
     <span class='ocr_line' id='line_1_107' title="bbox 2032 4933 3623 5008; baseline 0.001 -20"><span class='ocrx_word' id='word_1_804' title='bbox 2032 4937 2125 5000; x_wconf 88' lang='lat' dir='ltr'><strong>sit,</strong></span> <span class='ocrx_word' id='word_1_805' title='bbox 2159 4934 2450 5008; x_wconf 67' lang='lat' dir='ltr'><strong>conjicere</strong></span> <span class='ocrx_word' id='word_1_806' title='bbox 2472 4950 2576 4987; x_wconf 91' lang='lat' dir='ltr'><strong>non</strong></span> <span class='ocrx_word' id='word_1_807' title='bbox 2626 4933 2797 5008; x_wconf 62' lang='lat' dir='ltr'><strong>valeo,</strong></span> <span class='ocrx_word' id='word_1_808' title='bbox 2832 4933 2936 4990; x_wconf 83' lang='lat' dir='ltr'><strong>nisi</strong></span> <span class='ocrx_word' id='word_1_809' title='bbox 2973 4937 3060 4991; x_wconf 89' lang='lat' dir='ltr'><strong>cui</strong></span> <span class='ocrx_word' id='word_1_810' title='bbox 3109 4933 3330 5005; x_wconf 80' lang='lat' dir='ltr'><strong>placeat</strong></span> <span class='ocrx_word' id='word_1_811' title='bbox 3377 4933 3623 5008; x_wconf 66' lang='grc' dir='ltr'>δύσμορε.</span> 
     </span>
    </p>
   </div>
   <div class='ocr_carea' id='block_1_107' title="bbox 2029 5004 2830 5062">
    <p class='ocr_par' dir='ltr' id='par_1_107' title="bbox 2029 5004 2830 5062">
     <span class='ocr_line' id='line_1_108' title="bbox 2029 5004 2830 5062; baseline -0.005 0"><span class='ocrx_word' id='word_1_812' title='bbox 2029 5008 2160 5062; x_wconf 78' lang='grc' dir='ltr'>πᾶν.</span> <span class='ocrx_word' id='word_1_813' title='bbox 2193 5005 2294 5058; x_wconf 86' lang='lat' dir='ltr'><strong>Alii</strong></span> <span class='ocrx_word' id='word_1_814' title='bbox 2331 5005 2555 5058; x_wconf 87' lang='lat' dir='ltr'><strong>meliora</strong></span> <span class='ocrx_word' id='word_1_815' title='bbox 2587 5004 2830 5059; x_wconf 83' lang='lat' dir='ltr'><strong>aiI&#39;erent.</strong></span> 
     </span>
    </p>
   </div>
   <div class='ocr_carea' id='block_1_108' title="bbox 2101 5073 2979 5145">
    <p class='ocr_par' dir='ltr' id='par_1_108' title="bbox 2101 5073 2979 5145">
     <span class='ocr_line' id='line_1_109' title="bbox 2101 5073 2979 5145; baseline 0.001 -16"><span class='ocrx_word' id='word_1_816' title='bbox 2101 5073 2212 5145; x_wconf 80' lang='lat'><strong>(6|)</strong></span> <span class='ocrx_word' id='word_1_817' title='bbox 2255 5073 2468 5145; x_wconf 80' lang='lat' dir='ltr'><strong>Omnia.</strong></span> <span class='ocrx_word' id='word_1_818' title='bbox 2499 5073 2640 5145; x_wconf 78' lang='lat' dir='ltr'><strong>Psal.</strong></span> <span class='ocrx_word' id='word_1_819' title='bbox 2669 5089 2859 5140; x_wconf 71' lang='lat' dir='ltr'><strong>CXVIII,</strong></span> <span class='ocrx_word' id='word_1_820' title='bbox 2885 5075 2979 5130; x_wconf 85' lang='lat'><strong>9|.</strong></span> 
     </span>
    </p>
   </div>
   <div class='ocr_carea' id='block_1_109' title="bbox 2100 5144 2900 5215">
    <p class='ocr_par' dir='ltr' id='par_1_109' title="bbox 2100 5144 2900 5215">
     <span class='ocr_line' id='line_1_110' title="bbox 2100 5144 2900 5215; baseline 0.003 -18"><span class='ocrx_word' id='word_1_821' title='bbox 2100 5147 2213 5215; x_wconf 72' lang='lat'><strong>(62)</strong></span> <span class='ocrx_word' id='word_1_822' title='bbox 2256 5144 2360 5209; x_wconf 83' lang='lat' dir='ltr'><strong>Qui</strong></span> <span class='ocrx_word' id='word_1_823' title='bbox 2385 5155 2483 5198; x_wconf 74' lang='lat' dir='ltr'><strong>est.</strong></span> <span class='ocrx_word' id='word_1_824' title='bbox 2518 5144 2717 5215; x_wconf 88' lang='lat' dir='ltr'><strong>Ephes.</strong></span> <span class='ocrx_word' id='word_1_825' title='bbox 2742 5161 2817 5210; x_wconf 83' lang='lat' dir='ltr'><strong>tv,</strong></span> <span class='ocrx_word' id='word_1_826' title='bbox 2847 5147 2900 5200; x_wconf 89' lang='grc'>6.</span> 
     </span>
    </p>
   </div>
   <div class='ocr_carea' id='block_1_110' title="bbox 2099 5214 2967 5288">
    <p class='ocr_par' dir='ltr' id='par_1_110' title="bbox 2099 5214 2967 5288">
     <span class='ocr_line' id='line_1_111' title="bbox 2099 5214 2967 5288; baseline 0.001 -21"><span class='ocrx_word' id='word_1_827' title='bbox 2099 5214 2210 5288; x_wconf 62' lang='grc'>(65)</span> <span class='ocrx_word' id='word_1_828' title='bbox 2256 5215 2338 5288; x_wconf 54' lang='grc' dir='ltr'><strong>[ξας</strong></span> <span class='ocrx_word' id='word_1_829' title='bbox 2379 5217 2586 5282; x_wconf 74' lang='lat' dir='ltr'><strong>quibus.</strong></span> <span class='ocrx_word' id='word_1_830' title='bbox 2622 5214 2776 5288; x_wconf 70' lang='lat' dir='ltr'><strong>Korn.</strong></span> <span class='ocrx_word' id='word_1_831' title='bbox 2809 5233 2885 5278; x_wconf 77' lang='lat' dir='ltr'><strong>Ix,</strong></span> <span class='ocrx_word' id='word_1_832' title='bbox 2913 5217 2967 5271; x_wconf 83' lang='lat'><strong>5.</strong></span> 
     </span>
    </p>
   </div>
   <div class='ocr_carea' id='block_1_111' title="bbox 2098 5283 3110 5357">
    <p class='ocr_par' dir='ltr' id='par_1_111' title="bbox 2098 5283 3110 5357">
     <span class='ocr_line' id='line_1_112' title="bbox 2098 5283 3110 5357; baseline 0.002 -18"><span class='ocrx_word' id='word_1_833' title='bbox 2098 5283 2213 5357; x_wconf 52' lang='lat'><strong>(&#39;64)</strong></span> <span class='ocrx_word' id='word_1_834' title='bbox 2254 5283 2358 5349; x_wconf 84' lang='lat' dir='ltr'><strong>Qui</strong></span> <span class='ocrx_word' id='word_1_835' title='bbox 2388 5285 2877 5357; x_wconf 25' lang='lat' dir='ltr'><strong>demrmmtloan.</strong></span> <span class='ocrx_word' id='word_1_836' title='bbox 2908 5301 2989 5350; x_wconf 90' lang='lat' dir='ltr'><strong>III,</strong></span> <span class='ocrx_word' id='word_1_837' title='bbox 3020 5286 3110 5341; x_wconf 77' lang='grc'><strong>51.</strong></span> 
     </span>
    </p>
   </div>
   <div class='ocr_carea' id='block_1_112' title="bbox 2025 5355 3626 5479">
    <p class='ocr_par' dir='ltr' id='par_1_112' title="bbox 2025 5355 3626 5479">
     <span class='ocr_line' id='line_1_113' title="bbox 2025 5355 3626 5479; baseline -0.009 -67"><span class='ocrx_word' id='word_1_838' title='bbox 2025 5427 2054 5479; x_wconf 76' lang='grc' dir='ltr'>δ</span> <span class='ocrx_word' id='word_1_839' title='bbox 2084 5355 2210 5479; x_wconf 78' lang='grc' dir='ltr'><strong>ἰ(65)</strong></span> <span class='ocrx_word' id='word_1_840' title='bbox 2253 5357 2476 5425; x_wconf 70' lang='lat' dir='ltr'><strong>lnferio:</strong></span> <span class='ocrx_word' id='word_1_841' title='bbox 2533 5365 2627 5410; x_wconf 73' lang='lat' dir='ltr'><strong>est.</strong></span> <span class='ocrx_word' id='word_1_842' title='bbox 2685 5355 2866 5412; x_wconf 82' lang='lat' dir='ltr'><strong>Codex</strong></span> <span class='ocrx_word' id='word_1_843' title='bbox 2898 5396 2914 5424; x_wconf 87' lang='lat'><strong>,</strong></span> <span class='ocrx_word' id='word_1_844' title='bbox 2953 5357 3191 5413; x_wconf 82' lang='grc' dir='ltr'>ἁποδεεῖ.</span> <span class='ocrx_word' id='word_1_845' title='bbox 3268 5358 3438 5431; x_wconf 73' lang='lat' dir='ltr'><strong>Lego</strong></span> <span class='ocrx_word' id='word_1_846' title='bbox 3491 5361 3626 5414; x_wconf 75' lang='grc' dir='ltr'><strong>ἀπο-</strong></span> 
     </span>
     <span class='ocr_line' id='line_1_114' title="bbox 2056 5444 2122 5479; baseline 0 0"><span class='ocrx_word' id='word_1_847' title='bbox 2056 5444 2078 5479; x_wconf 87' lang='grc' dir='ltr'><strong>ε</strong></span> <span class='ocrx_word' id='word_1_848' title='bbox 2109 5469 2122 5479; x_wconf 90' lang='grc'><strong>.</strong></span> 
     </span>
    </p>
   </div>
   <div class='ocr_carea' id='block_1_113' title="bbox 2056 5430 2122 5482">
    <p class='ocr_par' dir='ltr' id='par_1_113' title="bbox 2056 5430 2122 5482">
     <span class='ocr_line' id='line_1_115' title="bbox 2056 5430 2122 5482; baseline 0.045 -4"><span class='ocrx_word' id='word_1_849' title='bbox 2056 5430 2122 5482; x_wconf 83' lang='grc' dir='ltr'><strong>εἰ.</strong></span> 
     </span>
    </p>
   </div>
   <div class='ocr_carea' id='block_1_114' title="bbox 2100 5495 3631 5566">
    <p class='ocr_par' dir='ltr' id='par_1_114' title="bbox 2100 5495 3631 5566">
     <span class='ocr_line' id='line_1_116' title="bbox 2100 5495 3631 5566; baseline 0.003 -15"><span class='ocrx_word' id='word_1_850' title='bbox 2100 5497 2215 5566; x_wconf 88' lang='grc'>(66)</span> <span class='ocrx_word' id='word_1_851' title='bbox 2261 5495 2454 5552; x_wconf 83' lang='lat' dir='ltr'><strong>Omnia</strong></span> <span class='ocrx_word' id='word_1_852' title='bbox 2486 5495 2598 5550; x_wconf 82' lang='lat' dir='ltr'><strong>Deo</strong></span> <span class='ocrx_word' id='word_1_853' title='bbox 2633 5497 2786 5565; x_wconf 87' lang='lat' dir='ltr'><strong>plena</strong></span> <span class='ocrx_word' id='word_1_854' title='bbox 2814 5511 2954 5556; x_wconf 75' lang='lat' dir='ltr'><strong>sunt.</strong></span> <span class='ocrx_word' id='word_1_855' title='bbox 2992 5500 3422 5555; x_wconf 85' lang='lat' dir='ltr'><strong>Hemistichium</strong></span> <span class='ocrx_word' id='word_1_856' title='bbox 3464 5501 3631 5555; x_wconf 81' lang='lat' dir='ltr'><strong>hocce</strong></span> 
     </span>
    </p>
   </div>
   <div class='ocr_carea' id='block_1_115' title="bbox 2030 5567 3630 5640">
    <p class='ocr_par' dir='ltr' id='par_1_115' title="bbox 2030 5567 3630 5640">
     <span class='ocr_line' id='line_1_117' title="bbox 2030 5567 3630 5640; baseline 0.001 -18"><span class='ocrx_word' id='word_1_857' title='bbox 2030 5567 2226 5640; x_wconf 80' lang='lat' dir='ltr'><strong>legitur</strong></span> <span class='ocrx_word' id='word_1_858' title='bbox 2253 5568 2417 5640; x_wconf 84' lang='lat' dir='ltr'><strong>etiam</strong></span> <span class='ocrx_word' id='word_1_859' title='bbox 2463 5567 2603 5636; x_wconf 90' lang='lat' dir='ltr'><strong>apud</strong></span> <span class='ocrx_word' id='word_1_860' title='bbox 2650 5567 3012 5640; x_wconf 83' lang='lat' dir='ltr'><strong>Porphyrium</strong></span> <span class='ocrx_word' id='word_1_861' title='bbox 3045 5590 3057 5626; x_wconf 92' lang='lat'>:</span> <span class='ocrx_word' id='word_1_862' title='bbox 3089 5571 3243 5624; x_wconf 79' lang='lat' dir='ltr'><strong>all&#39;ert</strong></span> <span class='ocrx_word' id='word_1_863' title='bbox 3297 5573 3463 5625; x_wconf 84' lang='lat' dir='ltr'><strong>enim</strong></span> <span class='ocrx_word' id='word_1_864' title='bbox 3521 5572 3630 5638; x_wconf 87' lang='lat' dir='ltr'><strong>ipse</strong></span> 
     </span>
    </p>
   </div>
   <div class='ocr_carea' id='block_1_116' title="bbox 2027 5638 3630 5712">
    <p class='ocr_par' dir='ltr' id='par_1_116' title="bbox 2027 5638 3630 5712">
     <span class='ocr_line' id='line_1_118' title="bbox 2027 5638 3630 5712; baseline 0.002 -23"><span class='ocrx_word' id='word_1_865' title='bbox 2027 5638 2168 5712; x_wconf 73' lang='lat' dir='ltr'><strong>hunc</strong></span> <span class='ocrx_word' id='word_1_866' title='bbox 2195 5638 2403 5712; x_wconf 79' lang='lat' dir='ltr'><strong>oraculi</strong></span> <span class='ocrx_word' id='word_1_867' title='bbox 2448 5651 2662 5712; x_wconf 78' lang='lat' dir='ltr'><strong>versum</strong></span> <span class='ocrx_word' id='word_1_868' title='bbox 2702 5653 2717 5690; x_wconf 92' lang='lat'><strong>:</strong></span> <span class='ocrx_word' id='word_1_869' title='bbox 2755 5638 2942 5712; x_wconf 71' lang='grc' dir='ltr'>Πάντα</span> <span class='ocrx_word' id='word_1_870' title='bbox 2985 5641 3120 5694; x_wconf 87' lang='grc' dir='ltr'><strong>Θεοῦ</strong></span> <span class='ocrx_word' id='word_1_871' title='bbox 3168 5640 3405 5712; x_wconf 78' lang='grc' dir='ltr'>πλήρη·</span> <span class='ocrx_word' id='word_1_872' title='bbox 3447 5641 3630 5711; x_wconf 71' lang='grc' dir='ltr'>πάντη</span> 
     </span>
    </p>
   </div>
   <div class='ocr_carea' id='block_1_117' title="bbox 2023 5707 3636 5783">
    <p class='ocr_par' dir='ltr' id='par_1_117' title="bbox 2023 5707 3636 5783">
     <span class='ocr_line' id='line_1_119' title="bbox 2023 5707 3636 5783; baseline 0.006 -23"><span class='ocrx_word' id='word_1_873' title='bbox 2023 5707 2155 5772; x_wconf 86' lang='grc' dir='ltr'>Θεός</span> <span class='ocrx_word' id='word_1_874' title='bbox 2191 5709 2307 5783; x_wconf 79' lang='grc' dir='ltr'>ἐστι</span> <span class='ocrx_word' id='word_1_875' title='bbox 2338 5707 2664 5783; x_wconf 46' lang='grc' dir='ltr'>Φανηοψςὰ</span> <span class='ocrx_word' id='word_1_876' title='bbox 2695 5720 2799 5773; x_wconf 88' lang='lat' dir='ltr'><strong>est,</strong></span> <span class='ocrx_word' id='word_1_877' title='bbox 2831 5732 2850 5762; x_wconf 69' lang='grc' dir='ltr'>ς</span> <span class='ocrx_word' id='word_1_878' title='bbox 2880 5711 3071 5768; x_wconf 81' lang='lat' dir='ltr'><strong>Omnia</strong></span> <span class='ocrx_word' id='word_1_879' title='bbox 3101 5707 3416 5783; x_wconf 42' lang='lat' dir='ltr'><strong>plena—Dim</strong></span> <span class='ocrx_word' id='word_1_880' title='bbox 3440 5729 3458 5770; x_wconf 86' lang='lat'>:</span> <span class='ocrx_word' id='word_1_881' title='bbox 3481 5707 3636 5770; x_wconf 59' lang='lat' dir='ltr'><strong>nam;</strong></span> 
     </span>
    </p>
   </div>
   <div class='ocr_carea' id='block_1_118' title="bbox 2025 5778 2923 5848">
    <p class='ocr_par' dir='ltr' id='par_1_118' title="bbox 2025 5778 2923 5848">
     <span class='ocr_line' id='line_1_120' title="bbox 2025 5778 2923 5848; baseline 0 -16"><span class='ocrx_word' id='word_1_882' title='bbox 2025 5794 2126 5848; x_wconf 87' lang='lat' dir='ltr'><strong>que</strong></span> <span class='ocrx_word' id='word_1_883' title='bbox 2151 5788 2234 5832; x_wconf 84' lang='lat' dir='ltr'><strong>est</strong></span> <span class='ocrx_word' id='word_1_884' title='bbox 2265 5780 2309 5833; x_wconf 88' lang='lat' dir='ltr'><strong>is</strong></span> <span class='ocrx_word' id='word_1_885' title='bbox 2339 5779 2534 5846; x_wconf 80' lang='lat' dir='ltr'><strong>ubique</strong></span> <span class='ocrx_word' id='word_1_886' title='bbox 2563 5778 2862 5836; x_wconf 82' lang='lat' dir='ltr'><strong>I’Itauethe.</strong></span> <span class='ocrx_word' id='word_1_887' title='bbox 2906 5801 2923 5832; x_wconf 76' lang='grc' dir='ltr'><strong>ι</strong></span> 
     </span>
    </p>
   </div>
   <div class='ocr_carea' id='block_1_119' title="bbox 2098 5848 2926 5926">
    <p class='ocr_par' dir='ltr' id='par_1_119' title="bbox 2098 5848 2926 5926">
     <span class='ocr_line' id='line_1_121' title="bbox 2098 5848 2926 5926; baseline 0.01 -22"><span class='ocrx_word' id='word_1_888' title='bbox 2098 5849 2212 5926; x_wconf 83' lang='grc'>(67)</span> <span class='ocrx_word' id='word_1_889' title='bbox 2253 5848 2321 5902; x_wconf 85' lang='grc' dir='ltr'><strong>1η</strong></span> <span class='ocrx_word' id='word_1_890' title='bbox 2345 5850 2580 5922; x_wconf 79' lang='lat' dir='ltr'><strong>propria.</strong></span> <span class='ocrx_word' id='word_1_891' title='bbox 2609 5848 2762 5907; x_wconf 76' lang='lat' dir='ltr'><strong>Joan.</strong></span> <span class='ocrx_word' id='word_1_892' title='bbox 2796 5867 2834 5922; x_wconf 90' lang='lat' dir='ltr'><strong>I,</strong></span> <span class='ocrx_word' id='word_1_893' title='bbox 2865 5853 2926 5912; x_wconf 81' lang='lat' dir='ltr'><strong>‘ll</strong></span> 
     </span>
    </p>
   </div>
  </div>
