3716 6336
376 290 484 346 8ὐό

1606 278 1843 334 ΒΙΙΠΜΙ
1887 277 1956 336 AI

2109 275 2355 332 .NDRINI
3506 270 3594 326 80—!

380 409 519 463 nulla
553 417 794 463 creatura
843 419 942 461 nos
981 403 1084 459 hoc
1124 401 1283 458 modo
1312 409 1404 457 aut
1433 402 1687 472 adoptare
1713 399 1938 461 in,lilios

2109 401 2138 452 .1
2185 400 2337 455 οὐδὲν
2402 397 2504 454 τῶν
2551 396 2781 452 κτιστῶν
2830 392 2908 465 τῷ
2949 394 3136 465 τρόπῳ
3184 391 3360 461 τούτῳ
3397 390 3498 460 ἔχει
3544 395 3595 446 τὸ

377 511 573 570 potest,
607 508 698 553 aut
724 499 852 554 deos
890 497 1065 553 facere
1091 514 1104 552 :
1135 495 1402 566 quomodo
1439 511 1542 548 non
1587 502 1673 548 est
1699 493 1814 562 ipse
1849 505 1945 546 ve-

379 608 470 646 rus
499 592 676 645 Deus?

450 680 628 734 XLIII.
673 679 729 734 Si
763 678 904 732 nulla
938 693 1003 733 ex
1044 677 1310 733 creaturis
1351 676 1403 730 in
1442 675 1731 731 creationis
1777 675 1945 728 histo-

378 772 498 836 ria,
532 781 626 825 aut
673 772 725 825 iu
767 770 1184 838 gloriﬁcatione,
1236 776 1330 822 aut
1376 769 1428 822 in
1472 768 1739 837 baptismo
1785 766 1948 820 simul

380 878 501 916 eum
543 863 651 916 Deo
683 860 837 916 Patre
867 869 1341 922 commemoratur,
1373 857 1604 928 Spiritus
1635 872 1763 910 vero
1801 872 1949 912 com-

382 961 752 1006 memoratur:
784 961 866 1002 est
899 963 1026 1019 ergo
1062 950 1173 1015 ipse
1218 948 1326 1003 Deo
1359 948 1525 1011 Patri,
1567 958 1620 1001 et
1664 947 1947 1016 Unigenito

381 1043 603 1112 atqualis
634 1041 793 1104 Deus,
827 1049 879 1094 et
913 1039 1104 1109 aequali
1141 1040 1376 1108 potentia
1408 1041 1685 1109 praeditus.

453 1133 634 1186 XLIV.
671 1132 725 1185 Si
760 1133 1070 1201 prophetas,
1094 1140 1146 1184 et
1180 1131 1448 1199 apostolos
1479 1132 1800 1183 auctoritate
1822 1143 1945 1196 pro-

394 1224 511 1293 pria
543 1223 752 1276 misisse
787 1221 981 1275 dicitur
1005 1222 1057 1274 in
1097 1222 1396 1288 Scriptura,
1426 1221 1563 1274 sicut
1586 1218 1742 1273 Pater
1771 1229 1825 1273 et
1858 1218 1946 1271 Fi-

383 1315 530 1368 lius:
560 1316 672 1368 lucc
711 1313 835 1366 fecit
875 1322 932 1366 ut
961 1313 1101 1367 Deus
1147 1311 1290 1366 Patri
1333 1312 1384 1364 in
1419 1310 1668 1363 omnibus
1716 1325 1945 1364 consen-

388 1408 546 1469 tiens,
577 1415 632 1460 et
665 1417 722 1461 ut
751 1421 930 1461 rerum
959 1404 1258 1458 futurarum
1294 1404 1566 1472 praescius,
1592 1413 1645 1456 et
1676 1413 1950 1456 creatura-

387 1510 502 1547 rum
533 1495 811 1548 Dominus.

457 1583 614 1637 XLV.
649 1584 707 1637 Si
750 1599 836 1648 ea,
872 1597 990 1653 qua:
1025 1582 1217 1636 alicubi
1259 1582 1322 1636 dc
1352 1582 1512 1638 Patre
1572 1592 1662 1636 aut
1711 1582 1774 1635 de
1816 1580 1951 1636 Filio

2051 492 2306 542 υίοποιεῖν
2349 490 2383 560 ἢ
2417 488 2724 554 θεοποιεῖν·
2757 485 2876 550 πῶς
2909 483 3070 548 αὐτὸς
3099 485 3199 537 οὐκ
3242 481 3390 534 ἐστιν
3431 482 3594 553 ἀληθι-

2058 580 2144 644 νὸς
2172 580 2300 645 Θεός
2319 599 2332 646 ;

2126 675 2259 730 Ml".
2292 675 2354 726 Εἰ
2399 672 2560 744 μηδὲν
2599 671 2707 726 τῶν
2751 670 3064 742 κτισμάτων
3112 669 3191 730 είς
3229 665 3594 735 δημιουργίαν,

2051 767 2084 837 ἢ
2114 768 2192 828 είς
2215 763 2541 832 δοξολογίαν,
2569 763 2602 835 ἢ
2630 764 2710 826 είς
2742 762 2802 816 τὸ
2831 760 3111 830 βάπτισμα
3146 754 3594 826 συνεμνημονεύθη

2050 857 2128 928 τῷ
2161 855 2280 926 Θεῷ
2315 856 2518 926 Πατρὶ,
2552 854 2613 907 τὸ
2645 854 2701 906 δὲ
2749 851 2973 923 Πνεῦμα
3027 848 3425 922 μνημονεύεται
3449 861 3463 875 ⁸
3506 845 3596 916 ἄρα

2049 950 2124 1011 ὡς
2172 949 2414 1018 ἰσότιμος
2443 946 2536 1000 καί¹
2585 944 2861 1016 ίσοσθενὴς
2899 941 2976 1014 τῷ
3009 941 3185 1014 Πατρὶ
3219 939 3314 992 καὶ
3340 937 3419 1008 τῷ
3444 938 3595 990 Μονο-

2052 1043 2218 1111 γενεῖ,
2245 1041 2376 1104 Θεός
2402 1042 2568 1095 ἐστιν.

2121 1131 2250 1184 MA'.
2292 1131 2353 1182 Ei
2397 1130 2524 1193 τοὺς
2581 1128 2865 1200 προφήτας
2899 1126 2991 1180 καὶ
3036 1124 3163 1197 [155
3202 1122 3258 1195 a]
3289 1119 3597 1202 άποστὸλτιυς

2053 1222 2474 1287 ἐξουσιαστικῶς
2523 1222 2960 1285 ἀπεσταλκέναι,
3010 1219 3130 1273 καθ’
3155 1218 3475 1288 Ιὸμοιότητα
3517 1215 3594 1267 τοῦ

2055 1315 2265 1384 Πατρδς
2301 1313 2393 1365 καὶ
2424 1311 2517 1365 τοῦ
2546 1310 2701 1378 Υίοῦ,
2742 1313 3188 1383 μεμαρτύρηται·
3227 1308 3302 1370 ὼς
3331 1306 3459 1368 Θεὸς
3482 1305 3598 1372 σύμ-

2055 1423 2230 1476 φωνος
2265 1405 2405 1459 κατὰ
2443 1405 2620 1458 πάντα
2663 1404 2740 1475 τῷ
2775 1404 2978 1474 Πατρὶ,
3027 1402 3118 1454 καὶ
3159 1401 3235 1462 ὡς
3269 1397 3599 1469 προγνώστης

2055 1499 2149 1551 καὶ
2177 1497 2275 1566 τῆς
2307 1497 2538 1559 κτίσεως
2573 1495 2848 1564 Δεσπότης
2881 1492 3054 1547 ταῦτα
3081 1491 3402 1559 πεποίηκεν.

2127 1573 2258 1643 ΜἙ’.
2314 1589 2398 1652 Ei,
2445 1587 2588 1660 άπερ
2627 1587 2723 1640 νῦν
2761 1586 2973 1657 εἴρηται
3008 1584 3137 1654 περὶ
3194 1582 3290 1635 τοῦ
3339 1579 3536 1648 Πατρὶς
3570 1578 3597 1646 ἦ

387 1675 438 1728 in
477 1675 774 1744 Scripturis
821 1675 960 1729 dicta
1016 1683 1170 1737 sunt,
1230 1674 1354 1728 alibi
1402 1676 1467 1729 de
1519 1673 1718 1744 Spiritu
1767 1682 1952 1727 sancto

2109 1679 2147 1733 μῦ
2187 1680 2346 1742 Υἱοῦ,
2382 1679 2567 1734 ἄλλοτε
2601 1678 2728 1750 περὶ
2769 1677 2863 1731 τοῦ
2896 1676 3051 1746 ἁγίου
3086 1675 3400 1744 Πνεύματος
3427 1672 3597 1737 άναγὲ-

385 1766 582 1836 scripta
631 1765 868 1830 fuerunt,
925 1765 1039 1819 ﬁeri
1092 1765 1309 1819 omnino
1358 1767 1563 1834 nequit,
1615 1776 1673 1819 ut
1721 1766 1952 1833 Spiritus

2109 1789 2327 1833 ηπται,
2367 1771 2667 1841 ἀμήχανον,
2695 1770 2974 1832 ἀδύνατον,
3013 1768 3086 1840 μὴ
3123 1763 3265 1819 εἶναι
3311 1761 3602 1833 ἀπαραλλά-

388 1859 502 1928 ipse
540 1876 644 1912 non
688 1859 758 1913 sit
788 1860 945 1914 unius
975 1874 1070 1928 per
1103 1874 1160 1914 se
1194 1859 1444 1929 perfecta:
1475 1859 1688 1912 deitatis
1719 1874 1782 1911 ac
1811 1859 1954 1923 ejus-

2109 1882 2199 1928 τως
2227 1865 2324 1934 τῆς
2359 1863 2488 1934 μιᾶς
2523 1861 2842 1924 αὐτοτελοῦς
2881 1861 3151 1932 θεότητος,
3187 1860 3280 1911 καὶ
3314 1857 3599 1925 θελήσεως,

395 1953 515 2006 dem
557 1952 862 2017 voluntatis,
907 1961 961 2006 et
1006 1951 1188 2022 gloria:
1229 1966 1350 2007 cum
1390 1951 1547 2004 Patre
1583 1961 1638 2004 et
1668 1950 1804 2004 Filio
1840 1951 1956 2004 sine

2109 1954 2147 2006 tt
2173 1953 2329 2022 δόξης
2358 1951 2450 2005 τοῦ
2482 1951 2693 2022 Πατρὸς
2715 1953 2809 2004 καὶ
2830 1951 2923 2003 τοῦ
2953 1949 3108 2002 Υίοῦ.
3136 1949 3215 2002 Τὰ
3243 1947 3353 2019 γὰρ
3377 1945 3454 2016 τῷ
3478 1943 3604 2011 αὐτῷ

387 2043 495 2096 ulla
549 2043 931 2112 discrepantia.
970 2040 1102 2096 Nam
1144 2058 1261 2111 qua:
1309 2051 1437 2095 sunt
1485 2041 1656 2094 cidem
1699 2039 1953 2109 aequalia,

2109 2063 2168 2109 ἀ,
2211 2044 2363 2115 φασὶ,
2392 2045 2485 2098 καὶ
2514 2043 2764 2115 ἀλλήλοις
2793 2044 2941 2096 ἐστὶν
2973 2041 3084 2097 ἴσα.

388 2145 514 2191 sunt
538 2137 700 2191 etiam
727 2133 950 2203 mqualia
979 2136 1117 2188 inter
1140 2149 1222 2196 se,
1253 2142 1310 2187 ut
1345 2133 1514 2188 aiunt.

459 2225 642 2281 XLVI.
681 2225 734 2279 Si
781 2225 924 2279 nulla
955 2240 1021 2280 ex
1063 2224 1371 2278 caelestibus
1409 2222 1767 2291 potestatibus
1796 2221 1955 2292 332

388 2318 628 2372 ccelestia
663 2319 801 2371 dona
829 2317 1010 2387 largiri
1042 2326 1234 2385 potest,
1278 2314 1510 2383 Spiritus
1552 2329 1678 2369 vero
1711 2315 1803 2369 Dei
1840 2329 1961 2383 pro-

391 2405 504 2475 pria
540 2415 803 2474 potestate
849 2420 910 2459 ea
952 2403 1198 2474 largitur,
1239 2419 1355 2473 quze
1395 2404 1523 2457 dare
1564 2403 1728 2458 solius
1766 2404 1960 2458 divina:

391 2505 593 2549 natura:
626 2503 739 2551 est:
775 2505 856 2550 est
906 2510 1033 2565 ergo
1079 2495 1216 2550 Deus
1265 2496 1513 2550 omnibus
1561 2495 1849 2561 sufﬁciens,
1907 2506 1962 2552 et

388 2587 646 2649 omnium,
689 2595 849 2654 atque
919 2588 1051 2640 adeo
1107 2602 1293 2640 eorum
1349 2587 1534 2652 etiam,
1574 2588 1664 2656 qui
1723 2597 1847 2641 sunt
1909 2588 1959 2641 in

387 2679 561 2745 cmlis,
623 2679 946 2744 dominator,
1005 2687 1060 2733 et
1119 2677 1263 2733 Patri
1319 2694 1381 2734 ac
1425 2678 1562 2733 Filio
1611 2682 1962 2734 consubstan-

396 2770 562 2823 littlis.

463 2859 664 2912 XLVII.
701 2859 757 2912 Si
797 2859 938 2913 nulla
977 2875 1040 2914 cx
1093 2859 1447 2915 invisibilibus
1523 2869 1615 2914 aut
1661 2861 1963 2916 visibilibus

390 2951 706 3005 substantiis
738 2951 788 3004 in
816 2951 985 3004 sacris
1024 2949 1315 3020 Scripturis
1343 2961 1527 3004 vocata
1566 2961 1647 3004 est
1678 2951 1841 3014 Deus,
1866 2965 1965 3006 uec

393 3043 615 3106 veritas,
648 3042 752 3095 nisi
793 3040 966 3100 Pater,
998 3048 1051 3092 et
1084 3051 1302 3094 sanctus
1326 3041 1440 3108 ejus
1458 3039 1711 3108 Spiritus,
1742 3051 1793 3092 et
1829 3039 1961 3094 Uni-

393 3131 634 3198 geuitus;
668 3129 1024 3182 indubitatum
1051 3137 1154 3192 est,
1187 3143 1306 3180 eum
1331 3130 1393 3180 ad
1413 3129 1667 3182 unitatem
1691 3129 1884 3183 divina:
1904 3139 1960 3184 et

403 3219 934 3288 supersubstantialis
969 3218 1215 3273 essentia:
1245 3218 1534 3286 pertinere.

462 3309 686 3365 XLVIII.
723 3311 777 3364 Si
809 3311 1034 3363 virtutes
1060 3309 1338 3372 caelorum,
1366 3309 1454 3378 qui
1478 3309 1714 3364 omnium
1749 3319 1959 3364 creatu-

396 3418 580 3456 rarum
627 3402 844 3454 maximi
887 3411 1033 3464 sunt,
1076 3409 1128 3455 et
1160 3399 1497 3465 lucidissimi,
1531 3401 1582 3453 in
1621 3399 1824 3468 Spiritu
1865 3400 1958 3455 Dei

396 3502 546 3558 sunt,
591 3507 697 3545 non
756 3501 930 3558 potest
985 3490 1122 3552 ﬁeri,
1167 3499 1226 3542 ut
1275 3489 1388 3560 ipse
1433 3490 1504 3543 sit
1550 3490 1959 3556 creatura,-sed

398 3584 672 3638 Creatoris
720 3591 1039 3652 cooperator
1089 3590 1204 3649 est,
1253 3590 1307 3636 et
1353 3582 1634 3652 aequaliter
1680 3596 1802 3636 cum
1847 3583 1962 3651 ipso

391 3683 668 3742 Operatur.

463 3763 649 3818 XLIX.
688 3763 744 3817 Si
780 3763 962 3817 orbem
1002 3770 1270 3817 terrarum
1317 3761 1523 3830 implet,
1551 3771 1606 3816 et
1629 3762 1806 3815 omnia
1836 3777 1964 3817 con-

393 3857 546 3920 tiuet,
573 3865 630 3908 ut
681 3854 916 3924 loquitur
953 3853 1228 3923 Sapientia
1263 3853 1402 3925 (85),
1437 3862 1518 3907 est
1559 3852 1804 3922 profecto
1851 3854 1963 3922 ipse

391 3947 554 4001 unius
590 3955 878 4012 supremae,
915 3955 1174 4014 augustae,
1219 3955 1274 4001 et
1304 3946 1880 4012 incomprelteusibilis,
1911 3955 1964 3999 et

394 4036 815 4102 inaccessibilis,
869 4045 924 4090 et
983 4037 1335 4108 iutangibilis,
1396 4047 1450 4092 et
1505 4035 1676 4089 forma
1729 4037 1963 4091 carentis

391 4127 662 4191 esseutize,
697 4135 750 4178 et
785 4134 867 4179 est
895 4125 1173 4188 Conditor,
1202 4140 1299 4179 nec
1331 4125 1448 4179 loco
1477 4125 1962 4192 circumscribitur,

392 4220 485 4272 scd
518 4219 632 4287 ipse
674 4218 776 4270 ilOC
811 4216 1123 4270 universum
1149 4218 1574 4285 comprehendit.

462 4306 525 4361 L.
559 4306 615 4361 Si
667 4308 717 4360 iu
755 4306 1017 4360 Triuilate
1055 4314 1302 4361 naturam
1359 4322 1463 4360 non
1505 4307 1784 4374 distinguit
1818 4308 1964 4362 Scri-

2127 2226 2277 2292 Μετ’.
2317 2225 2381 2278 Εἰ
2431 2225 2595 2295 μηδὲν
2639 2225 2747 2277 τῶν
2788 2222 3053 2295 οὐρανίων
3087 2221 3368 2292 δυνάμεων
3404 2217 3605 2288 οὐράνια

2060 2315 2371 2387 χαρίσματα
2399 2315 2621 2369 δύναται
2651 2315 2934 2386 παρέχειν,
2959 2314 3017 2366 τὺ
3039 2314 3095 2366 δὲ
3123 2313 3215 2366 τοῦ
3240 2311 3374 2364 Θεοῦ
3409 2309 3606 2377 Πνεῦμα

2063 2407 2180 2459 κατ’
2219 2405 2464 2468 ἐξουσίαν
2510 2405 2795 2475 δωρεῖται,
2827 2404 2864 2458 ἃ
2908 2403 3089 2456 δοῦναι
3128 2403 3296 2473 μόνης
3339 2402 3437 2470 τῆς
3475 2398 3602 2458 θείας

2063 2493 2273 2564 φύσεώς
2298 2495 2441 2548 ἐστιν
2467 2510 2479 2522 °
2516 2496 2623 2566 ἄρα
2654 2496 2934 2566 παναρκὴς
2963 2494 3112 2557 Θεὸς,
3147 2493 3241 2544 καὶ
3272 2491 3600 2556 ὲξουσιαστής

2063 2588 2176 2641 ἐστι
2196 2627 2210 2652 ,
2235 2588 2328 2640 καὶ
2360 2588 2466 2640 τῶν
2494 2588 2551 2640 ὲν
2579 2588 2854 2659 οὐρανοῖς,
2897 2588 2991 2641 καὶ
3034 2584 3318 2657 δμοούσιος
3349 2581 3425 2653 τῷ
3457 2580 3605 2648 [lupi

2063 2679 2156 2732 καὶ
2187 2678 2265 2750 τῷ
2304 2677 2418 2750 Υἱῷ
2455 2679 2733 2749 τυγχάνει.

2132 2855 2264 2907 MZ'.
2305 2854 2368 2906 Εἰ
2400 2853 2563 2924 μηδὲν
2591 2852 2697 2905 τῶν
2725 2851 3022 2923 άοράτωνῆ
3048 2849 3259 2922 ὁρατῶν
3291 2847 3422 2919 ἱερῷ
3452 2846 3607 2917 γράμ-

2067 2959 2194 3012 ματι
2224 2942 2662 3013 προσηγόρευται
2691 2941 2832 2994 θεῖον
2867 2943 2958 2994 καὶ
2987 2941 3233 3012 ἀλήθεια,
3268 2942 3317 2992 εί
3353 2939 3426 3009 μὴ
3468 2941 3495 2990 ὁ
3518 2939 3610 2990 Πα-

2063 3035 2186 3105 τὴρ,
2222 3035 2314 3087 καὶ
2350 3034 2410 3087 τὸ
2435 3034 2586 3102 άγιον
2619 3033 2839 3104 Πνεῦμα
2877 3033 3061 3096 αὐτοῦ,
3095 3033 3188 3086 καὶ
3224 3034 3253 3085 ὁ
3287 3031 3608 3098 Μονογενήςο

2061 3125 2490 3196 ἀναμφήριστον,
2526 3124 2601 3188 ὼς
2631 3124 2730 3195 τῆς
2764 3123 2945 3188 ὲνάδος
2988 3122 3132 3187 Θείας
3181 3124 3279 3176 καὶ
3310 3119 3611 3192 ὐπερουσίον

2061 3213 2207 3266 ἐστὶν
2239 3213 2444 3276 οὐσίας.

2130 3305 2271 3357 ΜΗ’.
2311 3305 2374 3356 Ei
2412 3303 2520 3356 τῶν
2553 3302 3090 3374 παμμεγεθεστάτων
3118 3304 3214 3357 καί⁸
3245 3299 3607 3372 φωτοειδεστέ-

2065 3411 2170 3464 ρων
2205 3394 2418 3447 πάντων
2449 3395 2506 3446 ὲν
2554 3396 2854 3465 ποιήμασιν
2897 3394 3140 3465 οὐρανῶν
3173 3394 3229 3448 αί
3272 3393 3526 3462 δυνάμεις
3563 3392 3610 3442 ἐν

2060 3484 2138 3556 τῷ
2184 3485 2458 3556 Πνεύματι
2511 3484 2603 3538 τοῦ
2659 3485 2793 3538 Θεοῦ
2848 3485 3007 3550 εἰσιν,
3067 3485 3168 3538 οὐκ
3216 3487 3453 3555 ἐγχωρεῖ
3501 3483 3612 3537 αὐτὸ

2062 3577 2272 3647 ποίημα
2300 3576 2660 3646 καθεστάναι,
2688 3577 2824 3632 ἀλλὰ
2859 3578 3118 3646 συνεργὸν
3155 3577 3248 3630 καὶ
3278 3575 3521 3646 ίσουργδν
3547 3574 3612 3644 τῷ

2062 3667 2410 3738 Δημιουργῷ.

2131 3760 2265 3814 ΜΘ’.
2318 3760 2380 3812 Ei
2410 3760 2509 3832 τὴν
2534 3760 2860 3831 οἰκουμένην
2887 3761 3101 3831 πληροῖ,
3133 3761 3227 3814 καὶ
3263 3761 3438 3815 πάντα
3464 3760 3613 3829 ἐμπε-

2068 3851 2256 3921 ριέχει,
2293 3850 2435 3904 κατὰ
2468 3850 2566 3922 τὴν
2607 3851 2871 3920 λέγουσαν
2904 3851 3062 3904 τοῦτο
3093 3851 3323 3920 Σοφίαν·
3356 3852 3454 3922 τῆς
3489 3852 3610 3903 ἅνω-

2062 3942 2208 3995 τάτω
2247 3942 2488 4012 σεπτῆς,
2538 3944 2633 3996 καὶ
2683 3945 3075 4014 άπερινοήτου,
3107 3943 3400 4014 ἀπροσίτου
3432 3959 3489 3995 τε
3533 3939 3611 3993 καὶ

2063 4033 2360 4103 άνεπάφου,
2410 4034 2537 4106 [155
2584 4033 2636 4108 ὁ]
2677 4037 2770 4089 καὶ
2809 4036 3056 4106 ἀμόρφου
3103 4037 3231 4106 μιᾶς
3266 4035 3452 4099 οὐσίας
3486 4035 3610 4089 ἐστὶν

2062 4125 2438 4195 Δημιουργόν’
2477 4125 2570 4177 καὶ
2621 4125 2769 4195 τόπῳ
2811 4126 2872 4179 οὐ
2923 4127 3363 4196 περιγράφεται,
3398 4125 3526 4178 αὐτὸ
3562 4123 3610 4176 δὲ

2064 4213 2414 4284 περιείληφεν
2451 4215 2570 4267 τόδε
2605 4214 2666 4268 τὸ
2700 4217 2831 4270 πᾶν.

2133 4304 2214 4357 N'.
2256 4304 2318 4355 Εί
2357 4303 2548 4374 Γραφὴ
2585 4303 2645 4356 οὐ
2692 4304 2916 4375 διορίζει
2959 4307 3025 4375 τῇ
3063 4304 3222 4374 φύσει
3264 4305 3363 4376 τὴν
3401 4304 3608 4376 Τριάδα,

392 4408 571 4466 plura,
621 4413 720 4451 nec
756 4396 948 4465 prima,
990 4405 1044 4450 et
1074 4396 1331 4461 secunda,
1367 4405 1422 4450 et
1469 4397 1624 4449 tertia
1681 4409 1869 4451 natura
1911 4399 1956 4452 in

2109 4394 2171 4447 ὅδ’
2205 4393 2445 4464 ὁρίζεται
2472 4396 2560 4448 ἐπ’
2591 4396 2760 4466 αὐτῆς
2788 4395 3031 4467 πρώτην,
3067 4397 3160 4450 καὶ
3204 4397 3484 4468 δευτέραν,
3529 4395 3608 4447 καὶ

392 4488 509 4556 ipsa
562 4486 832 4542 Triuitate
898 4486 1285 4557 distinguitur:
1341 4502 1634 4556 quamuam
1697 4487 1959 4541 rationem

392 4578 584 4632 all'erre
617 4587 836 4647 possunt
863 4577 1098 4631 haerelici
1131 4576 1386 4631 adversus
1416 4592 1509 4630 eos
1558 4577 1648 4644 qui
1679 4576 1819 4630 illaut
1845 4592 1964 4632 cre-

390 4671 525 4724 dunt
564 4670 922 4725 essentialiter
945 4669 1160 4738 quidem
1191 4684 1348 4722 uuam
1390 4684 1531 4735 esse,
1567 4669 1618 4722 in
1655 4671 1962 4739 preprieta-

391 4762 533 4814 tibus
563 4775 691 4814 vero
721 4759 1088 4828 ltypostasium
1115 4759 1470 4812 distinctam?

460 4853 544 4908 LI.
586 4851 640 4905 Si
673 4853 895 4920 primam
928 4859 1227 4904 creaturam
1264 4849 1534 4904 diabolum
1571 4863 1690 4903 esse
1719 4847 1960 4902 ostendit

387 4943 523 4998 liber
544 4941 685 5004 Jobi,
717 4940 951 5009 Spiritus
985 4955 1086 4993 non
1117 4948 1198 4992 est
1227 4948 1491 4998 creatura,
1535 4939 1626 4992 sed
1667 4938 1734 4991 ad
1774 4938 1960 4993 Uuita-

390 5044 496 5086 tem
525 5033 768 5086 essentia:
802 5032 1072 5101 pertinet:
1109 5046 1205 5085 nec
1241 5030 1384 5086 enim
1416 5045 1546 5084 sane
1570 5029 1827 5094 dixerint,
1853 5029 1960 5082 dia-

390 5123 568 5176 bolum
625 5133 749 5176 ante
792 5123 937 5175 illum
995 5122 1267 5176 conditum
1306 5123 1491 5187 fuisse,
1543 5131 1598 5177 et
1636 5124 1684 5176 ei
1733 5124 1955 5192 quidem

389 5213 678 5280 aliquando
719 5212 1153 5267 excellentiorem
1194 5214 1366 5268 locum
1430 5214 1709 5283 obtigisse,
1775 5215 1957 5269 divino

391 5314 566 5356 autem
605 5301 826 5370 Spiritui
881 5302 1216 5357 inferiorem.

461 5394 566 5446 Lll.
591 5394 645 5446 Si
684 5395 1133 5460 quemadmodum
1173 5397 1250 5447 ad-
1273 5393 1363 5450 Dei
1398 5395 1647 5464 gloriam,
1676 5404 1730 5449 et
1763 5397 1958 5449 adora-

391 5485 612 5545 tiuuem,
643 5482 843 5536 Pascha
869 5481 936 5534 ab
961 5481 1114 5535 initio
1138 5482 1300 5536 etiam
1336 5497 1365 5536 a
1392 5481 1592 5537 ludatis
1622 5483 1953 5537 celebratum

464 5660 572 5729 (85)
623 5659 749 5728 Cap.
788 5674 826 5724 ι,
876 5672 1014 5712 vers.
1063 5658 1114 5711 7.

2063 4486 2252 4556 τρίτην
2281 4485 2440 4554 φύσιν
2465 4504 2478 4516 ·
2513 4489 2662 4550 ποῖος
2695 4488 2877 4550 αὐτοῖς
2909 4486 3105 4540 ὕπεστι
3133 4487 3291 4555 λόγος
3338 4487 3472 4558 πρὸς
3501 4487 3609 4549 τοὺς

2074 4577 2450 4641 πιστεύοντας,
2483 4578 2724 4648 ἡνῶσθαι
2757 4579 2854 4648 μὲν
2905 4579 3074 4649 αὐτὴν
3119 4580 3410 4646 οὐσιωδῶς,
3449 4580 3609 4632 διακε-

2063 4669 2276 4741 κρίσθαι
2308 4669 2362 4722 δὲ
2396 4672 2452 4723 ὲν
2483 4671 2735 4742 ἰδιότησιν
2761 4671 3141 4736 ὐποστάσεων;

2130 4849 2258 4903 ΝΑ’.
2306 4851 2370 4903 Ei
2412 4849 2471 4903 τὸ
2505 4849 2715 4921 πρῶτον
2751 4850 2954 4922 κτίσμα
2984 4853 3012 4905 ὁ
3048 4851 3294 4914 διάϐολος
3332 4849 3531 4920 ἐδείχθη
3561 4849 3609 4900 ἐν

2059 4940 2136 5011 τῷ
2188 4939 2325 5006 Ἰὼϐ,
2375 4942 2436 4993 οὐ
2480 4943 2703 5012 κτίσμα,
2746 4943 2882 4996 ἀλλὰ
2923 4943 3022 5012 τῆς
3055 4943 3297 5006 Μονάδος
3338 4942 3515 5004 οὐσίας
3559 4938 3610 4991 τὸ

2060 5033 2301 5104 Πνεῦμα.
2331 5035 2406 5087 Οὐ
2433 5034 2540 5107 γὰρ
2563 5038 2717 5103 φαῖεν
2742 5035 2806 5088 ἂν
2839 5036 2928 5088 τὸν
2949 5036 3192 5090 διάϐολον
3212 5035 3610 5106 προδεδημιουρ-

2059 5123 2276 5194 γῆσθαι,
2309 5124 2403 5177 καὶ
2447 5126 2606 5178 αὐτὸν
2637 5127 2736 5195 μέν
2775 5143 2904 5178 ποτε
2933 5125 3031 5196 τὴν
3069 5126 3440 5197 ὑπερέχουσαν
3476 5123 3609 5184 τάξεν

2059 5215 2349 5285 εἰληχέναι,
2375 5217 2436 5269 τὸ
2462 5216 2517 5268 δὲ
2549 5217 2688 5269 θεῖον
2712 5217 2934 5288 Πνεῦμα
2959 5219 3056 5288 τὴν
3095 5217 3414 5288 ὐφειμένην.

2127 5373 2253 5427 ΝΒ’.
2299 5375 2389 5434 Εἰ.
2417 5373 2666 5445 καθάπερ
2706 5376 2787 5438 είς
2811 5375 2964 5440 δόξαν
3004 5378 3098 5430 καὶ
3136 5377 3497 5448 προσκύνησιν
3525 5368 3605 5421 τοῦ

2057 5465 2191 5518 Θεοῦ
2219 5467 2278 5520 τὸ
2313 5466 2505 5535 Πάσχα
2537 5465 2599 5530 ἐξ
2624 5466 2799 5536 ἀρχῆς
2826 5468 2920 5520 καὶ
2966 5469 3096 5538 παρ’
3145 5465 3409 5520 Ἰουδαίων
3435 5465 3603 5516 ἐπετε-
