3740 6312
138 298 232 354 809

1191 301 1277 354 DE
1319 302 1682 360 TRINITATE
1719 306 1918 363 LIBER
1957 309 2275 368 TERTIUS.

3252 326 3352 382 8N

140 415 288 475 hunc,
323 428 345 462 ι
373 410 650 466 Dominus
678 409 880 465 creavit
913 426 1020 475 me,
1056 429 1074 462 ι
1106 415 1448 481 antecedunt,
1471 432 1533 471 ac
1575 419 1990 490 subsequuntur,
2017 424 2308 491 prudenter
2366 427 2486 493 quis
2545 442 2607 481 ac
2670 430 2754 496 pie
2813 433 3154 488 considerare
3176 437 3358 493 volue-

139 506 217 568 rit,
247 506 371 570 cito,
411 506 528 559 imo
561 507 746 560 statim
773 506 958 560 eodem
1001 508 1051 560 in
1087 507 1206 562 loco
1231 511 1394 563 multa
1432 512 1682 578 inveniet,
1725 516 1920 584 quibus
1946 518 2184 572 haeretici
2250 519 2414 574 refelli
2477 534 2696 589 queant.
2730 523 2862 578 Nam
2907 536 3067 580 antea
3120 527 3232 583 haue
3263 544 3361 596 po-

136 611 300 651 suerat
351 598 622 652 Salomon

671 617 685 651 :
729 617 747 648 ι
781 598 992 652 Initium
1037 601 1208 670 (2-41)
1233 604 1505 670 sapientiae
1536 606 1696 661 timor
1733 607 1974 675 Domini,
2007 612 2353 681 intelligentia
2389 614 2500 684 (42)
2541 627 2718 668 autem
2760 618 2894 670 bona
2959 618 3210 672 omnibus
3267 619 3358 688 qui

137 687 325 738 faciunt.
375 702 542 751 eam;
579 707 598 737 ι
635 698 687 740 ει
719 703 950 743 rursus:
986 708 1004 738 ι
1039 689 1140 742 Ρει·
1181 707 1263 744 Ine
1307 693 1417 762 (45)
1469 710 1618 762 reges
1660 709 1906 765 regnant,
1969 711 2025 756 et.
2081 704 2320 772 dynasue
2359 705 2600 758 scribunt
2637 705 2896 773 justitiam
2922 724 2936 767 ;
2964 724 3056 775 per
3103 723 3186 762 me
3251 687 3365 764 Ine-

135 782 358 846 gistanes
388 779 505 849 (44)
537 780 978 848 inagnilicantur,
1005 793 1058 836 et
1091 787 1456 840 dominatores
1489 805 1583 857 per
1613 805 1696 844 me
1734 791 2003 862 imperant
2030 804 2204 849 terrae.
2235 815 2252 845 ι

201 874 354 924 Ἀνευ
377 873 435 924 δὲ
462 873 687 941 σοφίας,
731 876 917 945 φησὶν,
944 873 1079 946 ’ἥτις
1109 880 1256 933 ἐστὶν
1282 882 1316 952 ἡ
1359 876 1697 952 μεταδοθεῖσα

1882 886 2012 940 Sine
2064 890 2325 956 sapientia
2367 904 2512 953 vero,
2566 891 2759 958 inquit,
2804 891 2906 947 hoc
2947 903 3047 958 est,
3100 895 3216 950 sine
3245 895 3358 957 illa,

137 970 249 1036 ἡμῖν
290 964 500 1019 ἄνωθεν
557 967 852 1036 φρόνησις,
909 968 1002 1020 καὶ
1052 973 1334 1041 νουνεχία,
1391 976 1485 1028 καὶ
1536 975 1708 1044 λόγων

134 1057 302 1127 ἁρετὴ,
347 1055 502 1108 οὐδὲν
553 1056 667 1108 τῶν
715 1057 940 1112 δεόντων
990 1061 1385 1131 κατορθοῦται·
1430 1065 1706 1134 διαφεύγει

135 1149 229 1218 γὰρ
255 1149 316 1200 τὰ
352 1147 529 1201 πολλά
585 1148 681 1201 καὶ
719 1149 860 1202 καλά
905 1150 1013 1202 τῶν
1047 1155 1332 1222 νοημάτων
1377 1157 1468 1209 τὸν
1507 1158 1708 1228 ταύτης

135 1239 499 1308 ἐστερημένον.
555 1240 620 1291 Ὀ
674 1240 730 1292 δέ
785 1241 989 1311 ταύτης
1021 1286 1031 1296 .
1060 1245 1372 1316 μεταλαχὼν
1422 1248 1706 1319 ἄνθρωπος

135 1329 212 1381 τόν
235 1346 290 1380 τε
316 1329 474 1390 Θεὸν,
508 1330 593 1392 ὠς
619 1332 742 1400 χρὴ,
779 1333 1044 1400 φοϐεῖται,
1073 1337 1166 1388 καὶ
1201 1338 1327 1404 φίλα
1363 1339 1508 1409 αὐτῷ
1541 1342 1706 1410 πράτ-

135 1437 222 1483 τει,
249 1423 336 1472 καὶ
373 1420 660 1492 ἀνθρώπῳ
693 1424 989 1494 νομοθετεῖ,
1028 1428 1120 1480 καὶ
1157 1423 1310 1492 οὗτος
1339 1435 1529 1502 κρατεῖ
1561 1433 1705 1486 ἐκεί-

138 1530 238 1573 νου,
265 1514 354 1564 καὶ
386 1513 777 1572 πολλαπλάσια
807 1519 1092 1587 ἐκτήσατο,
1131 1523 1221 1572 καὶ
1250 1523 1309 1574 ού
1345 1523 1501 1592 μόνον
1534 1525 1704 1594 λέγων

142 1605 286 1666 αὐτὸς
305 1606 399 1658 καὶ
428 1607 610 1659 ποιῶν
634 1609 842 1676 ἣδεται,
871 1609 1004 1661 ἀλλὰ
1045 1612 1137 1662 καὶ
1169 1614 1296 1675 τοὺς
1323 1615 1704 1686 ἀκροωμένους

143 1696 374 1767 αὖτοῦ,ἧ
419 1698 592 1769 ἔργον
639 1700 1094 1769 μανθάνονταςτά
1143 1705 1328 1769 αὑτοῦ,
1363 1708 1700 1778 σωφρονίζει.

149 1789 223 1840 Ἐν
251 1788 304 1840 δὲ
343 1793 456 1852 τοῖς
492 1789 701 1859 ἐφεξῆς
749 1792 964 1856 ἐξέθετο
999 1795 1272 1866 σποράδην
1302 1798 1472 1851 ταῦτα
1499 1816 1510 1827 ·
1541 1820 1558 1848 ι
1587 1799 1703 1852 Κύ-

141 1893 236 1946 ριος
261 1879 516 1948 ἐποίησεν
546 1881 733 1952 χώρας
768 1883 1074 1952 ἀοικήτους,
1116 1887 1208 1938 καὶ
1245 1888 1388 1959 ἄκρα
1414 1891 1703 1960 οἰκούμενα

138 1969 221 2038 τῆς
276 1971 362 2022 ὑπ’
412 1972 674 2041 οὐρανόν.
735 1973 924 2026 Ἡνίκα
977 1976 1238 2046 ἡτοίμαζε
1311 1979 1402 2030 τὸν
1440 1980 1698 2050 οὐρανὸν,

141 2063 491 2133 ουμπαρήμην
519 2061 675 2133 αύτῷ
694 2080 706 2093 ⁸
748 2064 908 2134 ἡνίκα
937 2065 1179 2138 ἁφώριζε
1237 2068 1326 2121 τὸν
1355 2071 1544 2125 ἐαυτοῦ
1579 2072 1700 2144 θρό-

141 2166 214 2200 νον
239 2152 318 2202 ἐπ’
349 2153 595 2222 ἀνέμων,
641 2155 804 2223 ἡνίκα
846 2157 1040 2227 ἰσχυρὰ
1085 2159 1255 2212 ἐποίει
1296 2162 1366 2214 τὰ
1401 2163 1511 2215 ἄνω
1543 2164 1698 2234 νέφη,

142 2242 218 2291 καὶ
243 2241 312 2303 ὡς
342 2243 612 2311 ἀσφαλεῖς
647 2245 810 2298 ἐτίθει
857 2247 1036 2317 πηγὰς
1080 2251 1178 2318 τῆς
1219 2251 1309 2302 ὑπ’
1355 2253 1600 2323 οὐρανὸν,
1643 2255 1702 2307 ὲν
1732 2273 1775 2327 Β

143 2329 206 2398 τῷ
228 2331 422 2386 τιθέναι
465 2335 635 2388 αὑτὸν
676 2338 736 2405 τῇ
785 2336 1025 2408 θαλάσσῃ
1073 2339 1416 2410 ἀκριϐασμὸν
1454 2342 1640 2396 αὐτοῦ.
1679 2362 1697 2394 I

151 2419 202 2471 '0
228 2423 278 2474 δὲ
306 2428 532 2492 ποιήσας
579 2428 679 2495 τὴν
703 2427 807 2496 γῆν
834 2430 896 2479 ἐκ
933 2429 1007 2499 μὴ
1041 2432 1164 2499 γῆς,
1194 2431 1288 2483 καὶ
1323 2431 1502 2496 καλῶς
1529 2451 1705 2504 τεχνι-

146 2512 317 2576 τεύσας
343 2516 590 2587 οὐρανῶν
635 2524 952 2591 περιφερεῖς
986 2520 1220 2584 κύκλους
1248 2523 1312 2576 ἐκ
1339 2523 1414 2594 μὴ
1441 2526 1702 2595 οὐρανῶν,

147 2605 367 2670 καὶτοὺς
405 2609 646 2679 δρόμους
691 2614 873 2680 ταχεῖς
921 2611 1177 2665 τελοῦντα
1225 2613 1392 2683 ἥλιον,
1427 2617 1702 2687 πανταχοῦ

147 2695 347 2766 ούρανοῦ
359 2701 452 2753 καὶ
477 2703 581 2772 τῆς
595 2704 699 2773 γῆς
720 2705 995 2772 φαίνοντα,
1017 2706 1112 2758 καὶ
1129 2706 1311 2770 ἁπλῶς
1328 2706 1472 2776 λόγῳ
1493 2708 1704 2763 ἅπαντα

149 2789 315 2857 φήνας.
345 2799 642 2866 μονογενής
671 2799 816 2850 ἐστιν
834 2797 960 2860 Υἱὸς
975 2798 1142 2865 Λόγος
1173 2799 1266 2852 τοῦ
1299 2800 1454 2863 Θεοῦ,
1478 2804 1506 2854 ὁ
1547 2804 1703 2856 ἀνευ-

151 2879 391 2949 ςημηθεὶς
446 2884 587 2936 Θεοῦ
649 2884 897 2957 δύναμις,
951 2887 1044 2939 καὶ
1087 2887 1220 2940 Θεοῦ
1253 2890 1432 2959 σοφία,
1481 2892 1574 2943 καὶ
1627 2893 1702 2956 ὡς

152 2966 255 3035 [157
282 2971 328 3042 b]
356 2975 530 3027 ταῦτα
546 2977 910 3047 ύπάρχωντοῦ
926 2979 1160 3050 ἀνάρχου
1185 2981 1278 3032 καὶ
1299 2980 1512 3051 ἀληθῶς
1537 2983 1700 3037 αὑτοῦ

153 3061 356 3130 Harp-5;,
389 3065 463 3135 μὴ
509 3065 652 3136 ἔχων
704 3069 898 3139 ἀρχὴν,
935 3070 1077 3123 καθὰ
1113 3070 1476 3135 διδάσκουσιν,
1523 3075 1703 3128 Ἰωάν-

154 3164 234 3217 νης
260 3153 348 3220 μὲν
377 3153 577 3223 λέγων·
623 3177 640 3206 ι
672 3157 852 3209 Πάντα
878 3158 944 3210 δι’
969 3159 1131 3211 αὑτοῦ
1161 3160 1377 3228 ἐγένετο
1396 3179 1408 3190 ·
1438 3181 1456 3212 ›
1492 3161 1702 3228 Παῦλος

153 3239 199 3291 δέ
232 3242 487 3317 Ἑϐραίοις
511 3249 740 3320 γράφων
759 3266 770 3279 υ
813 3268 830 3299 «
857 3252 1002 3322 Πρὸς
1032 3251 1086 3304 δὲ
1107 3252 1197 3304 τὸν
1226 3253 1353 3304 Υἱόν
1396 3271 1558 3323 φησιν
1584 3270 1598 3284 ⁸
1646 3255 1702 3308 Ὀ

158 3330 317 3402 θρόνος
345 3355 457 3402 σου,
479 3343 508 3392 ὁ
536 3340 692 3403 Θεὸς.
723 3343 802 3405 εἰς
831 3343 922 3395 τὸν
964 3343 1134 3396 αἰῶνα
1169 3345 1262 3397 τοῦ
1297 3346 1508 3409 αἰῶνος.
1549 3366 1565 3395 ι
1594 3347 1702 3398 Καὶ

159 3428 331 3491 μεταξύ
382 3448 580 3500 φησιν·
634 3453 652 3483 ι
683 3435 790 3486 Καὶ
846 3435 909 3486 σὺ
957 3435 1076 3486 κατ’
1110 3435 1317 3506 ἀρχὰς,
1363 3436 1567 3501 Κύριε,
1608 3437 1702 3506 τὴν

159 3516 244 3585 γῆν
265 3519 639 3590 ἐθεμελίωσας,
677 3527 768 3576 καὶ
808 3523 942 3596 ἔργα
986 3523 1091 3577 τῶν
1135 3525 1333 3596 χειρῶν
1367 3525 1458 3578 σού
1489 3529 1627 3578 εἰσιν
1654 3527 1701 3578 οἱ

1811 989 1931 1044 qua:
1978 977 2207 1045 desuper
2251 977 2406 1031 nobis
2465 982 2910 1045 communicatur,
2953 985 3254 1051 prudentia,
3305 994 3362 1040 et

1808 1067 2034 1121 consilio
2069 1105 2084 1131 ,
2130 1079 2184 1122 et
2227 1071 2464 1124 scientia:
2517 1071 2876 1141 doctrinaeque
2929 1076 3078 1142 capia
3131 1075 3360 1132 nulloin

1810 1152 1916 1205 vita
1963 1151 2136 1208 oﬂicio
2173 1167 2316 1209 recte
2357 1158 2476 1225 quis
2505 1157 2762 1229 fungitur.
2802 1161 2902 1227 Qui
2945 1165 3086 1217 enim
3129 1165 3229 1218 ista
3274 1182 3364 1222 sa-

1808 1242 2005 1309 pientia
2033 1255 2232 1308 careat,
2268 1261 2388 1298 eum
2417 1246 2624 1318 fugiunt
2661 1250 2852 1313 multa,
2901 1261 2953 1304 et
2980 1253 3230 1321 prteclara
3270 1270 3362 1310 co-

1803 1337 2001 1403 gitata;
2049 1334 2139 1403 qui
2168 1351 2297 1390 vero
2327 1337 2469 1393 hanc
2506 1341 2665 1395 homo
2694 1344 2914 1396 sortitus
2938 1353 3042 1404 est,
3079 1355 3132 1399 et
3172 1345 3359 1410 Deum,

1806 1436 1863 1480 III
1900 1437 2135 1495 oportet,
2177 1431 2350 1494 timet,
2389 1440 2443 1484 et
2475 1441 2620 1499 grata
2654 1432 2702 1486 ei
2735 1432 2884 1496 facit,
2934 1446 2988 1486 et
3020 1435 3220 1488 homini
3247 1437 3358 1506 (45)

1805 1516 1950 1587 leges
1979 1519 2225 1588 imponit.
2252 1527 2305 1573 et
2345 1520 2415 1574 ita
2447 1520 2557 1590 (46)
2589 1522 2730 1574 ilhnn
2765 1523 2866 1577 sibi
2896 1525 3135 1590 subjicit,
3166 1536 3219 1579 et
3245 1525 3361 1594 plu-

1806 1609 1940 1661 rima
1971 1609 2072 1662 sibi
2115 1620 2412 1678 comparat,
2457 1621 2510 1665 et
2551 1627 2653 1665 non
2686 1612 2854 1666 solum
2893 1613 3189 1667 oblectatur
3225 1615 3360 1684 ipse,

1805 1699 1929 1752 dum
1985 1701 2242 1769 loquitur,
2302 1701 2535 1770 dumque
2586 1703 2713 1771 agit,
2760 1704 2851 1758 sed
2894 1705 3056 1758 etiam
3104 1721 3215 1770 eos,
3269 1705 3360 1771 qui

1810 1791 1984 1858 ipsum
2019 1793 2259 1855 audiunt,
2296 1802 2391 1845 aut
2427 1793 2542 1863 ejus
2583 1794 2819 1850 actiones
2845 1794 2953 1864 (47)
2985 1805 3198 1861 norunt,
3230 1811 3358 1865 pru-

1804 1882 1994 1937 dentes
2039 1883 2234 1938 reddit.
2265 1884 2322 1937 In
2353 1886 2802 1953 subsequentibus
2828 1902 2955 1942 vero
2985 1887 3098 1943 haec
3131 1889 3359 1958 sparsim

1803 1972 2050 2040 exposuit
2078 1974 2190 2041 ipse
2221 1973 2474 2029 Salomon
2505 1975 2614 2045 (48)
2644 1994 2657 2028 :
2695 1995 2712 2025 ι
2746 1975 3003 2032 Dominus
3037 1978 3159 2032 fecit
3186 1979 3360 2048 regio-

1805 2077 1900 2116 nes
1949 2063 2325 2118 inhabitabiles
2369 2065 2503 2136 (49),
2561 2075 2616 2121 et
2672 2069 3041 2123 extremitates
3091 2070 3362 2124 habitatas

1805 2153 1941 2221 ejus,
1979 2169 2098 2223 quae
2141 2159 2240 2211 sub
2272 2157 2408 2211 ctelo
2442 2169 2544 2212 est.
2599 2159 2822 2225 Quando
2868 2162 3200 2228 praeparabat
3245 2176 3360 2216 cm-

1805 2245 1935 2307 lum,
1971 2247 2128 2299 simul
2175 2263 2294 2300 cum
2334 2261 2398 2302 eo
2427 2249 2678 2315 aderam;
2728 2251 2940 2318 quando
2967 2250 3076 2319 (50)
3108 2265 3360 2321 segrega—

1807 2336 1901 2390 bat
1929 2339 2178 2394 thronum
2209 2355 2362 2393 suum
2396 2356 2556 2410 super
2588 2352 2807 2407 ventos;
2839 2344 3050 2411 quando
3081 2345 3248 2397 fortes
3276 2343 3360 2396 fa-

1804 2429 1983 2484 ciebat
2036 2431 2279 2483 excelsas
2334 2432 2535 2498 nubes;
2585 2442 2640 2486 et
2685 2447 2806 2484 cum
2854 2448 3075 2486 securos
3126 2433 3360 2500 ponebat

1806 2521 1982 2574 fontes
2033 2522 2182 2591 ejus,
2255 2537 2372 2590 quae
2430 2525 2526 2576 sub
2591 2521 2726 2577 coelo
2783 2531 2906 2586 est;
2960 2522 3082 2576 dum
3140 2530 3363 2591 perieret

1806 2609 1918 2680 ipse
1941 2611 2052 2682 (5i)
2089 2613 2222 2666 mari
2261 2611 2429 2680 legem
2480 2622 2729 2666 accurate
2775 2612 2840 2665 ab
2874 2627 2937 2666 eo
2975 2613 3307 2666 servandam.
3334 2632 3354 2665 ›

1802 2702 2003 2768 Atille,
2036 2703 2128 2772 qui
2164 2713 2359 2756 terrain
2399 2703 2526 2758 fecit
2559 2717 2622 2756 ex
2658 2720 2764 2756 non
2793 2712 2955 2768 terra,
2987 2704 3076 2773 qui
3107 2704 3360 2758 rotundos

1802 2796 2060 2850 caelorum
2093 2797 2252 2850 orbes
2275 2811 2341 2850 ex
2380 2811 2484 2848 non
2513 2796 2664 2851 caelis
2700 2797 2916 2866 pulchre
2941 2796 3242 2862 fabricavit,
3267 2797 3358 2865 qui

1803 2886 1968 2941 solem
1998 2886 2210 2940 veloces
2232 2901 2418 2941 cursus
2446 2889 2833 2956 perlicientem,
2864 2902 2928 2945 ac
2954 2888 3133 2942 omnia
3164 2886 3360 2956 ubique

1802 2979 2082 3041 crelorum,
2116 2977 2280 3050 336
2308 2989 2362 3032 et
2411 2989 2676 3033 terrarum
2729 2978 3134 3042 illuminantem,
3186 2987 3258 3042 et,
3301 2989 3360 3032 ut

1802 3069 2036 3125 breviter
2057 3069 2252 3134 dicam,
2290 3069 2381 3136 qui
2409 3070 2654 3122 universa
2688 3069 2852 3122 verbo
2882 3069 3138 3132 condidit,
3175 3084 3237 3122 ac
3262 3083 3359 3138 ap-

1803 3175 1995 3230 parere
2024 3160 2169 3226 feeit,
2201 3160 2264 3222 is,
2298 3161 2537 3229 inquam,
2577 3169 2658 3214 est
2702 3161 3006 3230 unigenitus
3035 3159 3202 3214 Filius
3229 3158 3360 3216 Ver-

1804 3251 1928 3305 bum
1956 3251 2070 3316 Dei,
2101 3251 2190 3320 qui
2231 3251 2528 3306 celebratus
2559 3251 2657 3304 fuit
2694 3267 2755 3305 ac
2786 3262 3008 3306 vocatus
3042 3251 3132 3306 Dei
3168 3263 3357 3320 poten-

1807 3343 1897 3408 tia,
1939 3353 1993 3397 et
2019 3344 2107 3397 Dei
2150 3343 2430 3411 sapientia,
2468 3342 2664 3411 quique
2695 3351 2755 3395 ut
2802 3345 2988 3396 aeterni
3023 3345 3103 3397 sui
3155 3353 3210 3398 et
3247 3343 3358 3397 veri

1802 3432 1980 3486 Patris
2007 3434 2242 3502 potentia
2275 3443 2327 3486 et
2355 3433 2616 3501 sapientia
2647 3443 2747 3498 est,
2783 3435 2992 3487 initium
3032 3450 3134 3488 non
3175 3435 3358 3496 habet,

1804 3524 1944 3578 sicut
1974 3525 2165 3578 docent
2191 3523 2422 3578 Joannes
2444 3525 2658 3592 quidem
2691 3540 2812 3577 cum
2840 3527 2966 3578 dicit
2987 3525 3096 3595 (52)
3129 3544 3141 3578 :
3180 3544 3197 3576 ι
3228 3526 3356 3580 Oni-

157 3607 358 3675 ϐἐρανοί.
397 3634 414 3661 ι
450 3616 618 3668 Ὥστε
670 3617 744 3686 μὴ
790 3615 971 3678 αὑτὸν,
1023 3615 1157 3668 ἀλλὰ
1194 3617 1302 3687 γὰρ
1344 3618 1527 3688 ἕτερον
1563 3613 1697 3670 εἷναι

1843 3617 1888 3669 ia
1915 3631 2009 3684 per
2046 3616 2217 3682 ipsum
2253 3614 2391 3668 facta
2435 3623 2595 3677 sunt;
2631 3634 2648 3662 ι
2681 3614 2875 3668 Paulus
2904 3630 3054 3676 vero,
3097 3630 3216 3667 cum
3265 3613 3360 3668 lle.

163 3701 413 3767 πρόσωπον
440 3708 500 3760 τὸ
531 3709 710 3760 πάντα
739 3707 930 3772 ταῦτα,
964 3707 1057 3760 καὶ
1093 3707 1172 3770 τὸ,
1217 3728 1233 3758 ι
1274 3708 1477 3780 Κύριος
1520 3709 1700 3760 ἐκτισέ

164 3805 236 3855 με,
263 3812 279 3842 ι
308 3797 539 3868 είρηκός.
565 3797 680 3852 Εἶτ’
714 3800 990 3869 ἐπήγαγεν
1010 3817 1021 3828 ·
1056 3818 1073 3849 ι
1113 3799 1222 3851 Καὶ
1249 3797 1413 3852 ὕδατα
1441 3799 1501 3851 οὐ
1559 3816 1701 3869 παρ-

165 3879 403 3940 ελεύσεται
437 3891 614 3960 στόμα
637 3891 852 3945 αὑτοῦ.»
892 3892 1030 3963 Ἀρα
1052 3886 1143 3943 οὖν
1167 3891 1243 3954 ὡς
1273 3889 1491 3960 ἐκτίσθη
1519 3890 1698 3958 σοφία,

166 3974 268 4042 περὶ
295 3979 380 4031 τοῦ
404 3984 595 4053 νοητοῦ
634 3983 898 4053 στόματος
929 3983 1023 4037 τοῦ
1069 3981 1400 4055 δημιουργοῦ
1435 3982 1568 4034 Θεοῦ
1599 3983 1702 4035 Λό-

166 4075 245 4128 γθυ
293 4068 571 4139 ἐξηγεῖται.
615 4071 780 4138 Αὖθίς
824 4093 884 4128 τε
910 4091 922 4105 ο
965 4095 982 4126 ι
1034 4075 1226 4128 Ἦνίκα
1287 4075 1483 4146 ισχυρὰ
1527 4075 1697 4129 ἐποίει

167 4155 222 4207 τὰ
244 4158 444 4228 θεμέλια
485 4168 585 4237 τῆς
623 4167 757 4236 γῆς,
798 4168 944 4238 ἥμην
983 4169 1112 4238 παρ’
1153 4166 1300 4237 αὐτῷ
1344 4166 1694 4238 ἁρμόζουσαο

169 4245 258 4312 ἐγὼ
280 4252 414 4325 ἡμην
510 4258 870 4330 προσέχαιρεν
901 4258 1019 4311 καθ’
1048 4259 1289 4330 ἡμέραν·
1332 4259 1698 4329 εύφραινόμην

169 4334 280 4391 δὲέν
311 4347 576 4418 προσώπῳ
607 4348 769 4401 αὐτοῦ
808 4350 864 4402 ἐν
897 4351 1058 4401 παντὶ
1103 4349 1306 4420 καιρῷ-
1344 4349 1432 4401 ὅτε
1479 4350 1701 4420 εὐφραί-

172 4445 268 4482 νετο
301 4436 390 4507 τὴν
439 4442 764 4512 οἰκουμένην
811 4441 1146 4506 συντελέσας,
1200 4443 1292 4493 καὶ
1326 4441 1702 4511 ἐνευφραίνετο

176 4519 221 4569 ἐν
247 4525 362 4590 υἱοῖς
386 4531 700 4604 ἀνθρώπων.
736 4553 753 4584 ι
792 4533 846 4586 ’0
869 4533 976 4604 γὰρ
1011 4533 1336 4602 δημιουργὸς
1359 4533 1484 4596 Υἱὸς
1509 4533 1697 4602 Λόγος,

174 4609 375 4672 ὁπάντα
411 4625 502 4692 μὲν
544 4623 808 4696 προειδὼς
851 4627 945 4677 καὶ
979 4623 1400 4695 προδυνάμενος,
1434 4623 1703 4694 μακροθυ-

232 4789 381 4864 ﬁt“)
415 4798 649 4854 Initium.
693 4802 848 4854 Prov.
886 4819 925 4860 I.
953 4803 1004 4856 7.

233 4860 325 4938 (ξιξ)
365 4860 746 4940 Intelligentia.
794 4872 1038 4926 Secunda
1103 4873 1216 4924 haec
1265 4869 1516 4924 versiculi
1563 4884 1688 4937 pars

181 4923 338 5005 'Fﬁilltl'
373 4938 420 4990 in
463 4923 658 4996 (ἰνὲεὰ
686 4923 1252 4995 ιίίπίνίίιθοινεώἰοτιιηι
1294 4923 1688 5005 ειΙίιίοιιε,ἐειΙ

179 4997 298 5079 (least
356 5006 403 5058 in
443 5009 701 5066 Ilebraieo
737 5012 882 5065 fonte
926 5021 1084 5079 atque
1132 5013 1183 5064 in
1232 5011 1434 5064 Latinis
1483 4997 1686 5063 Bibliis.

183 5063 400 5149 lintei-ero
429 5063 692 5133 translata
709 5063 790 5135 est
821 5063 884 5134 ei
928 5063 1131 5149 psalmo
1160 5063 1246 5136 ex.

158 5199 161 5204 .
236 5139 328 5214 (ᾖ)
362 5145 455 5200 Per
486 5167 584 5203 me.
616 5151 774 5204 Prov.
799 5139 1021 5214 vm,'15
1047 5160 1101 5203 et
1130 5150 1217 5202 l6.

186 5207 330 5328 πῄ)
363 5214 685 5288 .Ifegistanas.
715 5207 919 5283 Codex,
953 5220 1294 5290 μεγιστᾶνες,
1319 5234 1438 5273 cum
1471 5227 1692 5272 accentu

249 5293 330 5332 ιιυ.

185 5347 583 5480 ἢίίοηιὶηἱ.
610 5361 811 5425 Codex,
838 5360 967 5417 ἄνω.
1011 5359 1151 5430 Lege
1189 5360 1324 5431 ὰνῴ,
1368 5358 1419 5412 id
1459 5366 1560 5420 est,
1605 5358 1690 5410 ἀν-

254 5435 366 5474 νηιω.

368 5507 464 5565 ita.
493 5498 690 5561 Codex,
720 5494 892 5563 οὗτος.
925 5499 1128 5563 Malim,
1156 5501 1350 5565 οὕτως.

246 5553 485 5648 (fitque
513 5553 768 5648 actiones.
797 5553 1000 5648 (Ic-Ides,
1036 5553 1234 5648 ἔργον.
1364 5611 1376 5623 .
1407 5571 1473 5622 τὰ
1504 5567 1686 5648 ain-0'3:

194 5613 442 5712 {ﬁgulum
463 5677 476 5701 ,
526 5639 657 5710 ἔργα
677 5679 690 5692 .
721 5679 732 5692 .
758 5678 774 5692 .
817 5639 886 5692 τὰ
923 5613 1124 5706 αὑτοῦ,
1151 5643 1254 5706 vel,
1299 5641 1457 5712 ἔργον
1487 5683 1498 5694 .
1532 5680 1544 5693 .
1574 5680 1588 5693 .
1633 5639 1694 5691 τὸ

197 5689 324 5747 αὑτοῦ

458 5799 719 5862 Ρηιιοι..
754 5801 869 5863 Gn.
907 5801 1206 5865 XXXIX.

1801 3707 1956 3760 bracis
1986 3706 2231 3760 scribens
2265 3705 2338 3758 ait
2370 3723 2383 3758 :
2420 3723 2437 3755 ι
2472 3706 2547 3756 Ad
2584 3703 2773 3758 Filium
2803 3704 2911 3774 (55)
2938 3715 3114 3757 autem
3145 3722 3155 3757 :
3190 3703 3358 3756 Thro-

1801 3813 1903 3850 nus
1941 3806 2083 3862 tuus,
2123 3797 2278 3859 lieus,
2311 3797 2362 3849 in
2393 3795 2645 3849 sat-culum
2691 3797 2892 3849 szeculi.
2931 3815 2948 3847 ι
2978 3797 3054 3848 Ac
3091 3795 3357 3850 nonnullis

1799 3888 2091 3956 interjectis
2137 3904 2150 3940 :
2207 3905 2224 3936 ι
2285 3886 2351 3940 Ει
2398 3895 2452 3940 tu
2501 3885 2610 3956 (54)
2652 3885 2826 3950 initio,
2862 3885 3116 3946 Domine,
3161 3895 3357 3938 terram

1799 3978 2056 4043 fundasti,
2114 3988 2168 4032 et
2216 3991 2376 4047 opera
2419 3992 2672 4030 manuum
2721 3987 2932 4030 tuarum
2985 3985 3109 4028 sunt
3155 3973 3298 4029 carli.
3331 3992 3352 4028 ι

1804 4069 1993 4138 Itaque
2017 4083 2270 4138 persona,
2298 4084 2418 4138 quae
2447 4069 2556 4122 haec
2579 4069 2760 4122 omnia
2790 4068 2842 4122 in
2871 4068 3174 4122 Proverbiis
3199 4068 3355 4130 dixit,

1805 4160 1910 4214 alia
1947 4170 2030 4214 est
2067 4162 2134 4215 ab
2161 4175 2223 4214 ea
2265 4159 2551 4228 sapientia,
2585 4175 2703 4229 qua:
2732 4161 2827 4222 ait,
2865 4177 2885 4212 ι
2916 4160 3170 4212 Dominus
3208 4173 3360 4214 crea-

1803 4252 1881 4304 vit
1924 4265 2032 4314 me,
2065 4270 2083 4302 ι
2122 4267 2226 4304 non
2265 4267 2392 4305 vero
2421 4261 2499 4306 est
2553 4252 2758 4305 eadem.
2813 4248 3096 4320 Subjungit
3131 4260 3356 4318 postea:

1808 4361 1827 4393 ι
1856 4341 1922 4395 Ει
1941 4357 2106 4410 aqua!
2127 4342 2238 4414 (55)
2268 4359 2371 4397 non
2409 4343 2752 4410 pnnteribunt
2780 4357 2840 4396 os
2862 4342 2992 4409 ejus.
3027 4361 3045 4392 ι
3088 4341 3361 4410 Sapientia

1803 4450 1950 4504 ergo,
1982 4447 2250 4505 quatenus
2283 4446 2460 4488 creata
2497 4442 2598 4499 est,
2638 4435 2777 4502 quod
2809 4436 2961 4498 dixit,
2999 4435 3077 4488 sic
3118 4433 3356 4500 exponit.

1804 4540 1863 4582 ut
1894 4532 1960 4586 de
1989 4530 2317 4598 intelligibili
2347 4545 2441 4582 ore
2474 4527 2798 4590 Conditoris,
2837 4541 3027 4594 nempe
3053 4526 3144 4581 Dei
3175 4524 3356 4584 Verbi.

1803 4638 1861 4676 se
1892 4623 2034 4693 loqui
2081 4625 2352 4677 ostendat.
2394 4623 2461 4674 Et
2495 4636 2679 4674 rursus
2706 4639 2718 4673 :
2755 4639 2772 4670 ι
2805 4620 3027 4686 Quando
3059 4619 3216 4672 fortia
3247 4616 3356 4688 (56)

1724 4805 1766 4860 D
1867 4800 1977 4864 (48)
2024 4801 2293 4854 Dominus.
2342 4799 2499 4854 Prov.
2531 4816 2648 4862 vm,
2683 4801 2876 4854 ‘26-‘29.

1867 4869 1975 4939 (49)
2017 4869 2414 4923 Inhabitabiles.
2465 4871 2646 4923 Graeca
2680 4873 2764 4924 ed.
2804 4869 2982 4932 habet,
3034 4866 3127 4919 καὶ
3169 4865 3361 4936 ἀοική-

1796 4957 1944 5002 τους,
1983 4943 2030 4992 id
2063 4950 2146 4993 est
2190 4959 2208 4990 ι
2231 4941 2389 4994 etiam
2421 4941 2816 4993 inhabitabiles.
2843 4957 2862 4988 ι

1870 5009 1978 5075 (50)
2032 5011 2274 5079 Quando.
2333 5009 2604 5079 Didymus,
2653 5009 2832 5079 ἡνίκα.
2875 5006 3081 5076 Compl.
3110 5007 3220 5073 ed.,
3265 5004 3360 5058 καὶ

1797 5081 1906 5131 ὅτε.
1948 5078 2566 5137 Francofurteusis,6:5.

1868 5151 1981 5218 (51)
2021 5149 2158 5218 ipse.
2195 5149 2328 5210 Vox,
2361 5149 2543 5216 αὐτόν,
2583 5148 2733 5202 deest
2764 5149 2814 5202 in
2847 5147 3047 5202 Bibliis.

1874 5220 1987 5287 (52)
2025 5217 2168 5287 Cap.
2200 5235 2236 5282 I,
2271 5234 2410 5272 vers.
2442 5221 2494 5272 5.

1875 5289 1984 5359 (55)
2026 5289 2103 5340 Ad
2138 5286 2355 5359 Filium.
2394 5287 2554 5341 Hebr.
2597 5305 2633 5359 l7.
2665 5289 2718 5342 8.

1875 5357 1986 5428 (54)
2123 5374 2140 5410 :
2173 5357 2249 5410 Tu
2313 5357 2472 5410 Hebr.
2503 5375 2540 5421 ι,
2567 5358 2654 5412 10.

1876 5421 1987 5495 (55)
2027 5427 2096 5479 Et
2150 5443 2317 5496 aqua.
2359 5428 2532 5482 'Prov.
2584 5445 2700 5493 vItI,
2753 5427 2842 5482 29.
2906 5427 3076 5481 Biblia
3160 5421 3360 5476 habent

1807 5498 2070 5567 στόματος
2125 5514 2222 5565 pro
2264 5497 2454 5567 στόμα.

1872 5517 1898 5550 ο
1945 5517 2070 5561 ατος
2125 5517 2222 5565 pro
2264 5517 2454 5567 στομα.

1872 5517 1981 5640 (g6)
2039 5567 2260 5640 Quando
2298 5568 2499 5640 fortia.
2554 5569 2711 5625 Prov.
2768 5584 2882 5631 VIII,
2937 5565 3128 5619 29-31.
3188 5563 3356 5616 Bibna

1802 5637 1999 5695 habent
2023 5637 2113 5692 καί
2166 5652 2261 5708 pro
2287 5638 2462 5708 ἡνίκα.

3013 5788 3090 5848 26
