3716 6316
288 320 384 376 811

1506 302 1739 360 DIDYMI
1774 298 2240 377 ALEXANDRINI

3414 294 3512 346 812

287 433 518 487 faciebat
544 428 889 483 fundamenta
922 434 1094 488 terrae,
1140 436 1285 477 eram
1338 419 1476 489 apud
1519 420 1693 488 ipsum
1748 416 1845 471 ad-

2025 414 2068 466 ιν
2100 430 2158 465 τε
2186 413 2280 466 καὶ
2302 411 2393 465 ἐπὶ
2424 411 2591 480 ἀδίκῳ
2635 413 2728 464 καὶ
2768 407 3043 479 κακοδόξῳ
3076 406 3270 477 πλήθει
3299 406 3393 459 κα)⁸
3425 422 3515 457 πε-

286 535 477 594 aptans
504 540 518 575 :
549 534 648 589 ego
678 533 851 583 eram,
884 517 934 571 in
971 531 1075 586 qua
1093 514 1356 585 gaudebat
1377 524 1472 579 per
1495 510 1665 575 diem;
1696 507 1844 562 laeta-

287 613 386 667 bar
435 625 562 665 vero
589 609 701 680 (57)
733 609 786 662 in
825 621 1055 677 persona
1103 605 1218 675 ejus
1266 604 1321 657 in
1367 602 1517 657 omni
1568 607 1841 666 tempore;

285 701 498 773 quando
545 700 912 755 oblectabatur
949 696 1059 767 (58)
1104 704 1389 766 postquam
1450 689 1633 745 orbem
1690 698 1845 744 terra;

282 792 618 863 perfecisset,
640 801 691 847 et
714 788 1080 844 delectabatur
1102 788 1152 840 in
1180 786 1301 840 ﬁliis
1328 784 1625 839 hominum.
1656 799 1675 833 ι
1710 779 1844 833 Nam

287 885 543 939 Conditor
601 884 815 953 quidem
862 880 1029 935 Filius
1072 877 1328 943 Verbum,
1390 874 1481 944 qui
1527 872 1704 926 omnia
1747 887 1843 923 an-

287 984 374 1029 tea
417 986 471 1029 et
518 973 875 1044 przesciebat,
938 980 992 1025 et
1029 978 1274 1039 poterat,
1325 968 1524 1036 quique
1568 978 1694 1033 erga
1738 963 1842 1016 ini-

286 1084 445 1138 quam
486 1068 669 1131 etiam,
698 1076 751 1120 et
780 1078 943 1134 prave
976 1062 1296 1119 sentientem
1340 1060 1732 1114 multitudinem
1766 1057 1845 1110 le-

286 1162 375 1215 nis
418 1168 520 1225 est,
568 1174 630 1213 ac
663 1158 814 1211 tarde
838 1154 1114 1218 irascitur,
1146 1160 1199 1207 et
1243 1151 1617 1221 paenitentiam
1658 1161 1846 1217 exspe-

1950 506 2180 579 ριμένων
2231 506 2546 577 μετάνοιαν,
2601 503 2921 565 συντελέσας
2971 501 3038 554 τὰ
3104 502 3303 563 πάντα,
3353 515 3519 568 προσ-

1946 600 2130 671 έχαιρε
2167 601 2232 670 τῇ
2293 597 2488 670 ἑνούσῃ
2538 599 2650 661 τοῖς
2699 596 2991 666 κτίσμασιν
3021 592 3182 647 αὐτοῦ
3216 592 3398 662 σοφίᾳ,
3434 592 3521 643 καὶ

1946 692 2325 761 ἑνευφραίνετο
2354 692 2412 743 ἑν
2446 691 2603 759 αὐτῇ,
2640 686 3065 757 ἑπιγαννύμενος
3094 685 3172 755 τῷ
3204 685 3317 754 ἰδίῳ
3342 684 3488 754 ἔργῳ
3506 698 3519 713 ’

1946 784 2261 855 εὐφραίνετο
2289 783 2343 836 δὲ
2367 782 2458 836 καὶ
2482 781 2616 851 αὐτὴ
2644 782 2699 832 ἐν
2726 778 3001 851 προσώπῳ
3027 776 3214 831 αὑτοῦ.
3246 772 3383 829 Εἶτα
3410 774 3520 843 μεθ’

1946 874 2111 945 ἕτερά
2135 889 2326 945 φησιν’
2362 893 2379 924 ι
2413 873 2478 925 Αἱ
2508 871 2565 925 δὲ
2594 870 2758 938 ἔξοδοί
2797 888 2899 941 μου
2943 870 3000 921 ὲν
3054 868 3193 930 ὁδοῖς
3227 865 3395 935 ζωῆς,
3435 863 3523 914 καὶ

1952 966 2293 1037 ἑτοιμάζεται
2313 966 2527 1035 Θέλησις
2545 963 2693 1035 παρά
2713 963 2937 1033 Κυρίου.
2955 962 3015 1015 Οί
3040 960 3095 1012 δὲ
3122 957 3524 1030 ἁμαρτάνοντες

1951 1059 2032 1121 είς
2064 1058 2163 1128 ἐμὲ
2220 1058 2575 1127 ἀσεϐήσουσιν
2618 1057 2698 1119 εἰς
2729 1054 2825 1118 τὰς
2859 1055 3065 1106 ἑαυτῶν
3101 1050 3317 1121 ψυχάςα
3350 1047 3447 1100 καὶ
3474 1046 3523 1097 οἱ

1956 1148 2233 1219 μισοῦντές
2262 1165 2328 1218 με
2379 1148 2721 1218 ἀγαπήσουσι
2782 1144 3029 1198 θάνατον.
3066 1161 3086 1195 ι

284 1261 428 1317 ctat,
485 1261 767 1320 postquam
830 1246 1008 1301 omnia
1061 1244 1411 1314 perfecisset,
1464 1242 1730 1312 gaudebat
1781 1239 1847 1293 de
1886 1238 2243 1295 inexsistente
2308 1240 2576 1295 creaturis
2607 1237 2721 1293 suis
2784 1236 3068 1306 sapientia,
3101 1243 3156 1291 et
3189 1234 3243 1289 in
3278 1245 3346 1287 ea
3380 1228 3523 1286 dele-

282 1346 549 1409 ctabatur,
576 1344 629 1397 in
660 1355 757 1397 suo
786 1340 953 1409 ipsius
977 1352 1138 1406 opere
1166 1350 1283 1391 sese
1305 1334 1575 1389 obiectans
1601 1332 1735 1401 (59).
1757 1330 1829 1384 At
1866 1330 1980 1399 ipsa
2019 1332 2182 1386 etiam
2226 1332 2489 1400 sapientia
2536 1341 2716 1387 creata
2785 1332 2837 1386 in
2902 1343 3131 1401 persona
3169 1325 3343 1397 ipsius
3373 1323 3524 1378 oble-

282 1438 549 1493 ctabatur.
595 1434 734 1488 Tum
777 1440 896 1501 post
930 1429 1030 1485 alia
1077 1426 1286 1497 inquit:
1327 1444 1345 1477 ‹
1376 1426 1563 1479 Exitus
1586 1421 1695 1493 (60)
1760 1436 1887 1475 vero
1925 1421 2029 1474 mei
2076 1422 2128 1475 in
2175 1423 2273 1475 viis
2316 1424 2438 1477 vitae
2466 1441 2479 1477 :
2512 1431 2567 1477 et
2610 1429 2830 1491 paratur
2894 1420 3141 1475 voluntas
3200 1432 3229 1471 a
3269 1415 3520 1471 Domino.

283 1538 384 1605 Qui
426 1547 602 1592 autem
637 1540 864 1605 peccant
909 1530 961 1583 in
994 1545 1100 1594 me,
1131 1526 1277 1593 impii
1309 1532 1468 1580 erunt
1499 1520 1611 1591 (61)
1635 1521 1687 1573 in
1728 1534 1853 1573 suas
1892 1517 2124 1589 ipsorum
2194 1520 2418 1581 animas,
2489 1527 2543 1573 et
2582 1518 2671 1587 qui
2716 1517 2947 1572 oderunt
2987 1530 3096 1579 me,
3128 1512 3351 1583 diligent
3382 1525 3522 1565 mor-

285 1642 414 1687 tem.
450 1655 467 1682 ο

354 1725 418 1779 Ει
438 1723 629 1777 merito
641 1718 851 1788 quidem
874 1715 953 1771 sic
975 1711 1231 1781 loquitur.
1255 1708 1354 1775 Qui
1374 1706 1515 1760 enim
1529 1718 1680 1760 suam
1699 1702 1846 1771 ipso-

2025 1698 2124 1750 Καὶ
2178 1695 2321 1766 μάλα
2368 1694 2612 1755 εἰκότως.
2660 1693 2722 1745 Oi
2769 1690 2879 1762 γὰρ
2916 1690 3006 1743 τὸν
3042 1688 3251 1743 ἑαυτῶν
3294 1688 3409 1757 βίον
3452 1705 3524 1760 μη

284 1832 401 1871 rum
430 1817 593 1869 vitam
623 1809 886 1881 sapientia
913 1807 1048 1861 duce
1077 1818 1179 1857 non
1210 1803 1529 1872 gubernant,
1551 1797 1586 1851 ii
1612 1795 1850 1850 sibimet-

286 1908 415 1977 ipsis
431 1905 775 1966 insidiantur,
789 1910 842 1954 et
861 1913 970 1954 sure
987 1898 1224 1967 ipsorum
1242 1890 1562 1960 insipientia:
1600 1898 1761 1956 atque
1778 1886 1852 1939 in-

290 2000 461 2056 scitiae
482 2005 864 2067 congruentem
891 1990 1188 2045 mercedem
1213 1984 1490 2040 inveniunt
1508 1990 1757 2036 mortem.
1781 1978 1852 2034 Ut

288 2098 493 2144 rectam
529 2100 678 2148 vero,
728 2098 791 2137 ac
833 2096 1021 2137 sanam
1070 2076 1566 2145 interpretationem
1612 2080 1848 2127 nostram

284 2180 443 2251 337
479 2192 601 2231 esse
630 2174 739 2246 (62)
766 2172 994 2242 quisque
1023 2170 1223 2231 videat,
1255 2180 1318 2220 ac
1350 2181 1417 2218 ne
1452 2164 1578 2218 caeci
1602 2161 1841 2230 quidem,

287 2282 346 2325 ut
375 2270 477 2324 dici
515 2267 671 2333 solet,
708 2266 773 2320 de
812 2264 914 2318 hac
947 2276 1006 2316 re
1044 2259 1319 2327 ambigere
1350 2263 1586 2324 queant;
1646 2254 1713 2307 de
1758 2252 1848 2306 illo

285 2366 422 2434 ipso,
451 2362 515 2416 de
546 2374 652 2430 quo
679 2356 817 2412 dixit
840 2354 1074 2409 Joannes
1114 2350 1253 2423 (63),
1287 2370 1304 2400 ι
1345 2348 1412 2403 Ει
1451 2345 1686 2401 Verbum
1716 2358 1851 2398 caro

284 2454 484 2509 factum
519 2457 623 2514 est,
653 2456 709 2502 et
739 2444 999 2500 habitavit
1029 2444 1080 2496 in
1109 2439 1285 2504 nobis,
1320 2457 1339 2491 ι
1372 2436 1637 2507 sapientia
1666 2444 1849 2489 creata

284 2541 475 2611 inquit,
513 2557 532 2591 ‹
567 2537 843 2607 Sapientia
883 2534 995 2605 (6L)
1026 2531 1311 2587 aediﬁcavit
1361 2530 1462 2585 sibi
1500 2530 1743 2591 domum,
1796 2534 1849 2581 et

284 2631 513 2687 suﬁ‘ulsit
544 2627 818 2682 columnas
869 2634 1095 2693 septem.
1141 2642 1159 2674 ι
1225 2621 1301 2675 De
1355 2635 1460 2690 qua
1522 2619 1679 2672 domo
1739 2618 1852 2687 ipse

283 2723 541 2779 Dominus
573 2721 648 2775 ait
685 2736 700 2772 :
745 2737 764 2769 ι
800 2717 1003 2772 Solvite
1032 2714 1144 2786 (65)
1196 2713 1451 2782 templum
1496 2711 1616 2774 hoc,
1647 2717 1701 2764 et
1753 2723 1851 2778 ego

283 2817 338 2870 in
369 2817 540 2869 tribus
566 2811 752 2867 diebus
785 2808 1036 2865 excitabo
1069 2806 1218 2861 illud.
1262 2824 1281 2857 ›
1322 2803 1428 2858 Sed
1454 2811 1510 2855 ut
1545 2802 1716 2870 magis
1739 2816 1851 2852 ma-

286 2908 472 2976 gisque
520 2902 770 2959 ostendat
821 2899 1096 2963 Salomon,
1129 2898 1196 2952 de
1224 2895 1523 2951 conditrice
1573 2892 1851 2963 Sapientia

291 3010 486 3060 se'.non
539 2994 707 3062 loqui,
748 2991 802 3046 in
841 2988 1188 3059 sequentibus
1227 2986 1298 3041 ita
1325 2986 1593 3040 disserere
1625 2982 1798 3053 pergit
1832 3000 1847 3036 :

1953 1790 2114 1860 σοφία
2143 1786 2530 1859 κυϐερνῶντες,
2562 1787 2773 1847 ἑαυτοῖς
2806 1781 3244 1836 ἐπιϐουλεύουσιν
3284 1779 3413 1851 [158
3446 1778 3524 1849 a],

1950 1880 2172 1950 καὶτῆς
2215 1877 2421 1931 ἑαυτῶν
2466 1874 2775 1946 ἀφροσύνης
2832 1874 2927 1928 καὶ
2972 1871 3326 1935 ἀπαιδευσίας
3378 1870 3525 1936 ἄξιον

1949 1971 2259 2041 εὑρίσκουσι
2296 1969 2543 2021 Θάνατον.
2576 1967 2738 2018 Ὥστε
2783 1964 2839 2019 δὲ
2866 1965 2959 2018 καὶ
3001 1962 3253 2033 τυφλοὺς,
3278 1960 3439 2015 τοῦτο
3461 1962 3525 2031 δὴ

1949 2060 2010 2113 τὸ
2035 2058 2129 2113 τοῦ
2167 2059 2345 2126 λόγου,
2396 2057 2468 2128 μὴ
2503 2055 2862 2125 ἁμφιὸἀλλειν
2911 2052 3078 2122 ὑγιῶς
3110 2052 3207 2124 τὴν
3250 2052 3526 2122 ἡμετέραν

1951 2151 2264 2224 ἑρμηνείαν,
2299 2153 2331 2221 ἡ
2365 2149 2556 2221 κτιστὴ
2579 2147 2737 2217 σοφία
2759 2147 2955 2217 φάσκει
2978 2148 3108 2217 περὶ
3133 2145 3369 2207 ἑκείνου,
3400 2145 3525 2215 περὶ

1949 2238 2010 2299 οὗ
2036 2241 2187 2297 εἶπεν
2230 2244 2501 2312 Ἰωάννης,
2538 2261 2555 2292 ‹
2589 2241 2698 2293 Καὶ
2729 2242 2757 2292 ὁ
2788 2240 2959 2308 Λόγος
2994 2238 3128 2309 σάρξ
3164 2237 3403 2306 ἐγένετο,
3435 2238 3526 2289 καὶ

1950 2338 2258 2407 ἐσκήνωσεν
2305 2337 2361 2386 ἑν
2385 2336 2534 2404 ἡμῖν’
2570 2353 2586 2380 ι
2628 2352 2647 2383 (
2687 2334 2749 2385 Ἠ
2788 2332 2946 2401 σοφία
2987 2331 3335 2401 ᾠκοδόμησεν
3361 2330 3522 2400 ἑαυτῇ

1950 2427 2116 2493 οἶκον,
2145 2429 2237 2482 καὶ
2294 2428 2559 2498 ύπήρεισε
2599 2424 2818 2488 στύλους
2854 2424 3009 2477 ἑπτά.
3027 2443 3044 2474 ι
3083 2423 3218 2494 Περὶ
3245 2414 3307 2474 οὗ
3329 2421 3479 2475 οἴκου
3498 2424 3527 2473 ὁ

1949 2520 2111 2582 αὐτὸς
2144 2517 2417 2587 Δεσπότης
2446 2515 2548 2586 ἔφη
2569 2530 2580 2545 '
2612 2535 2631 2566 ‹
2661 2514 2871 2567 Λύσατε
2900 2513 2991 2565 τὸν
3031 2514 3156 2566 ναὸν
3191 2512 3405 2575 τοῦτον,
3435 2514 3525 2564 καὶ

1951 2609 2062 2679 ἑγὼ
2084 2611 2141 2661 ἑν
2162 2607 2336 2679 τρισὶν
2372 2605 2609 2678 ἡμέραις
2638 2604 2814 2674 ἐγερῶ
2845 2604 3025 2658 αὐτόν.
3058 2622 3075 2653 ι
3111 2602 3327 2657 Μᾶλλον
3353 2602 3412 2655 δὲ
3436 2601 3526 2654 καὶ

1954 2701 2153 2771 μᾶλλον
2179 2700 2389 2762 δεικνὺς
2414 2696 2683 2768 Σολομὼν,
2715 2696 2789 2759 ὡς
2821 2696 2882 2748 ού
2910 2697 3036 2767 περὶ
3060 2696 3158 2767 τῆς
3190 2692 3525 2764 δημιουργοῦ

1949 2793 2255 2861 διαλέγεται
2304 2791 2512 2860 σοφίας,
2564 2792 2622 2842 ἑν
2680 2791 2792 2852 τοῖς
2843 2788 3129 2858 ἑπομένοις
3190 2786 3524 2857 διεξέρχεται

1950 2884 2151 2947 οὕτως’
2200 2904 2218 2935 ι
2253 2883 2369 2945 Υἱὲ,
2406 2883 2501 2936 ἑὰν
2543 2880 2705 2951 σοφὸς
2748 2881 2908 2952 γένῃ,
2956 2881 3169 2952 σεαυτῷ
3220 2882 3383 2950 σοφὸς
3429 2881 3523 2952 ἑτι-η

1952 2976 2177 3038 καὶτοῖς
2204 2972 2459 3045 πλησίον·
2488 2973 2583 3026 ἑὰν
2631 2973 2688 3025 δὲ
2740 2973 2907 3036 κακὸς
2958 2973 3189 3044 ἀποόῇς,
3232 2974 3393 3043 μόνος
3431 2974 3524 3025 ἀν-

291 3105 309 3137 ι
352 3050 450 3140 Pili
500 3050 635 3155 (66),
693 3050 737 3136 si
787 3050 1002 3150 sapiens
1048 3077 1233 3139 fueris,
1289 3073 1598 3144 tibimetipsi
1626 3050 1849 3143 sapiens

2025 3068 2164 3137 ήσεις
2212 3066 2389 3118 κακά·
2429 3084 2447 3114 ι
2502 3065 2596 3118 καὶ
2648 3064 2837 3117 πάλιν
2883 3085 2901 3116 ι
2937 3065 3065 3128 Υἱὸς
3097 3064 3527 3134 πεπαιδευμένος

285 3177 416 3241 eris,
451 3184 506 3228 et
545 3171 858 3244 propinquis
885 3168 995 3239 (67)
1037 3191 1048 3223 :
1090 3168 1137 3221 si
1165 3174 1344 3221 autem
1387 3163 1559 3218 malus
1588 3162 1847 3225 evaseris,

286 3267 433 3321 solus
468 3264 756 3320 exhauries
796 3260 957 3315 mala.
999 3278 1018 3312 ι
1073 3258 1139 3313 Ει
1177 3271 1364 3312 rursus
1406 3272 1421 3309 :
1472 3273 1491 3306 ι
1523 3254 1693 3310 Filius
1740 3253 1849 3325 (68)

285 3360 543 3419 eruditus,
578 3356 795 3425 sapiens
843 3351 979 3415 erit;
1018 3349 1305 3419 insipiente
1377 3356 1554 3401 autem
1607 3346 1852 3401 ministro

286 3460 498 3517 utetur;
540 3468 557 3501 ι
609 3458 662 3502 et
696 3460 876 3501 rursus
914 3466 927 3501 :
966 3462 984 3495 ‹
1010 3442 1240 3512 Sapiens
1267 3439 1376 3511 (69)
1412 3439 1576 3494 corde
1626 3438 1855 3507 suscipit

284 3550 582 3612 praecepta;
625 3559 644 3590 ι
683 3547 736 3592 et
779 3553 793 3591 :
837 3555 855 3588 ι
889 3534 991 3589 Hic
1030 3531 1143 3602 (70)
1175 3546 1241 3586 ex
1297 3528 1456 3584 labiis
1507 3527 1712 3598 profert
1758 3542 1850 3581 sa-

285 3634 539 3703 pientiam
578 3648 591 3684 :
640 3630 791 3700 virga
842 3626 1070 3682 verbera
1110 3622 1220 3694 (71)
1269 3621 1443 3676 virum
1494 3619 1778 3674 vecordem
1831 3632 1847 3672 :

287 3725 559 3792 sapientes
590 3719 921 3776 abscondent
970 3730 1224 3781 sensum;
1264 3732 1284 3766 ›
1323 3722 1378 3767 et
1427 3726 1614 3766 rursus
1646 3730 1659 3765 :
1700 3729 1719 3761 ι
1753 3709 1850 3764 Sa-

290 3816 492 3886 pientia
527 3814 640 3883 (72)
671 3815 788 3866 viro
834 3811 977 3882 parit
1025 3806 1401 3878 prudentiam;
1441 3824 1459 3856 ι
1509 3813 1562 3859 et
1608 3817 1795 3857 rursus
1833 3820 1847 3855 :

296 3926 316 3959 ‹
348 3905 421 3962 Os
452 3906 580 3974 justi
616 3904 726 3973 (7'5)
763 3900 984 3956 distillat
1008 3897 1358 3967 sapientiam;
1401 3914 1418 3946 ι
1458 3906 1551 3949 et:
1586 3912 1604 3944 ι
1629 3891 1849 3961 Lingua:

290 3998 403 4068 (74)
443 3997 741 4064 sapientum
779 4000 999 4055 sanant;
1045 4009 1063 4040 ι
1096 3998 1150 4043 et
1198 4007 1211 4041 :
1259 4005 1278 4037 ι
1316 3987 1417 4052 Qui
1465 3985 1703 4039 ambulat
1735 3982 1847 4053 (75)

288 4105 410 4143 cum
468 4087 835 4156 sapientibus,
900 4082 1113 4152 sapiens
1165 4080 1287 4134 erit.
1324 4098 1342 4130 ι
1408 4077 1609 4132 Deinde
1661 4092 1791 4130 vero
1834 4094 1845 4128 :

291 4200 309 4233 ι
344 4180 559 4246 Qumres
592 4177 702 4247 (76)
738 4176 1059 4245 sapientiam
1090 4173 1228 4242 apud
1261 4170 1451 4233 malos,
1479 4178 1533 4222 et
1561 4183 1665 4222 non
1706 4168 1852 4222 inve-

355 4358 468 4430 (57)
496 4356 903 4430 Lretgpar‘vero.
938 4351 1107 4407 Biblia
1149 4349 1305 4430 paulo
1331 4347 1544 4430 alitem.
1566 4346 1843 4430 praemissa

1948 3158 2109 3225 σοφὸς
2140 3156 2312 3220 ἔσται,
2338 3155 2418 3226 τῷ
2448 3155 2505 3207 δὲ
2535 3156 2727 3226 ἄφρονι
2768 3156 3000 3226 διακόνῳ
3047 3156 3311 3226 χρήσεται
3334 3172 3347 3185 ο
3386 3174 3404 3205 ι
3434 3154 3530 3207 καὶ

1948 3244 2129 3311 αὖθις·
2161 3266 2179 3298 ι
2212 3246 2380 3315 Σοφὸς
2413 3247 2609 3318 καρδίᾳ
2642 3245 2851 3317 δέχεται
2879 3245 3095 3308 ἐντολάς
3115 3262 3129 3276 ο
3164 3264 3182 3296 ι
3219 3246 3335 3309 καὶ,
3378 3265 3395 3296 ι
3426 3240 3529 3298 Οὗ-

1948 3358 2039 3403 τος
2070 3341 2133 3392 ἐκ
2167 3340 2388 3409 χειλέων
2443 3338 2702 3409 προφέρει
2742 3338 2952 3406 σοφίαν.
2994 3337 3200 3408 Ῥάὁδῳ
3233 3338 3408 3390 τύπτε
3436 3338 3529 3391 ἆν-

1950 3431 2052 3503 δρα
2113 3430 2412 3499 ἀκάρδιονο
2466 3431 2617 3499 σοφοὶ
2677 3429 2974 3502 κρύψουσιν
3030 3429 3310 3501 αἴσθησιν*
3354 3449 3374 3481 ι
3433 3431 3530 3483 καὶ

1947 3522 2138 3575 πάλιν·
2188 3543 2205 3573 ι
2247 3523 2310 3575 Ἦ
2361 3522 2519 3589 σοφία
2569 3521 2721 3591 ἀνδρὶ
2758 3522 2930 3574 τίκτει
2979 3522 3265 3591 φρόνησιν’
3304 3540 3322 3572 ι
3371 3516 3530 3584 αὖθίς

1946 3632 2006 3668 τε
2029 3634 2041 3647 ο
2075 3615 2288 3684 «Στόμα
2320 3615 2528 3667 δικαίου
2554 3614 2850 3679 ἀποστάζει
2876 3615 3065 3683 σοφίαν
3088 3634 3100 3645 ·
3122 3633 3140 3664 ι
3169 3614 3281 3672 καὶ,
3315 3615 3530 3666 «Γλῶσο

1948 3724 2038 3760 σαι
2083 3706 2260 3775 σοφῶν
2303 3705 2519 3759 ἰῶνταιο
2556 3724 2573 3756 ι
2608 3706 2723 3769 καὶ,
2761 3726 2779 3757 ‹
2830 3708 2886 3760 '0
2927 3708 3403 3777 συμπορευόμενος
3438 3723 3531 3759 σο-

1949 3803 2065 3870 φοῖς
2119 3800 2277 3868 σοφὸς
2312 3800 2463 3851 ἔσται
2489 3818 2501 3830 ο
2539 3818 2558 3851 ι
2619 3796 2737 3853 εἶτα
2778 3800 2930 3871 ἑξῆς·
2972 3820 2989 3852 ι
3026 3802 3289 3871 Ζητήσεις
3334 3814 3531 3867 σοφιαν

1947 3892 2095 3962 παρὰ
2124 3895 2333 3956 κακοῖς,
2378 3892 2471 3945 καὶ
2508 3892 2605 3962 οὐχ
2646 3893 2929 3963 εὑρήσεις·
2966 3910 2985 3943 ι
3032 3892 3124 3945 καὶ
3161 3891 3279 3961 μεθ’
3320 3892 3526 3961 ἓτερα’

1954 4003 1972 4034 ι
2000 3983 2167 4050 Σοφία
2217 3982 2539 4053 πανούργων
2590 3981 2949 4050 ἐπιγνώσεται
3000 3980 3099 4043 τὰς
3132 3979 3284 4042 ὁδούς
3308 3997 3321 4009 θ
3362 3978 3529 4046 φόϐος

1948 4074 2173 4145 Κυρίου,
2210 4074 2426 4126 παιδεία
2460 4074 2550 4127 καὶ
2582 4075 2741 4142 σοφία
2766 4092 2779 4105 ο
2819 4092 2836 4123 ι
2892 4069 3046 4135 αὖθίς
3077 4090 3135 4124 τε
3160 4088 3173 4101 ·
3218 4092 3235 4122 ι
3268 4072 3530 4131 Νεοσσοῖς

1949 4165 2306 4236 αἱρετώτεραι
2356 4164 2615 4235 χρυσίου⁹
2651 4164 2892 4216 νεοσσιαὶ
2930 4164 2986 4216 δὲ
3025 4163 3355 4233 φρονήσεως,
3390 4160 3531 4229 ὑπὲρ

2025 4341 2137 4415 (67)
2178 4342 2244 4415 Et
2283 4344 2606 4415 propinquis.
2641 4342 2837 4415 Voces,
2864 4344 2960 4396 καὶ
3005 4343 3116 4415 τοῖς
3146 4340 3403 4415 πλησίον,
3430 4337 3523 4391 de-

281 4409 574 4502 minati)"
602 4425 690 4491 δέ,
741 4427 795 4481 in
852 4426 992 4479 hunc
1041 4409 1256 4475 modum
1289 4437 1303 4472 :
1331 4416 1469 4471 Καθ’
1509 4409 1735 4486 ἡμέραν
1789 4415 1846 4468 δὲ
1884 4478 1926 4502 n
1956 4409 2081 4502 sunt
2110 4409 2175 4500 in.
2195 4409 2461 4502 Complpt.
2481 4409 2751 4468 editione.
2801 4409 3273 4467 Francofurtensis
3318 4409 3522 4463 habet:

281 4498 670 4571 ἐύφραινόμην.

353 4556 464 4639 (58)
508 4556 905 4639 σίιιὶιειαίηιιιινἶ
932 4561 1199 4632 Complut.
1244 4558 1354 4623 ed.,
1395 4556 1757 4629 ηὐφραίνετο,
1799 4564 1854 4609 et

283 4634 610 4710 paulopqst,
644 4634 1049 4710 ‘evqucppuivsto.

354 4696 627 4777 (59)'Sese
656 4696 939 4760 obiectans.
990 4701 1190 4765 Codex,
1243 4696 1662 4767 ἑπιγανύμενος.
1712 4696 1853 4766 Lego

282 4778 541 4846 ὲπιγαννύ
551 4795 730 4848 μενος.

354 4838 464 4918 (60)
511 4838 715 4918 bibims.
749 4846 906 4918 Prov.
933 4841 1157 4918 Ῡιιιηῦἷξ
1194 4838 1378 4918 et_'.:'>6.
1416 4838 1599 4891 Graeca
1631 4838 1795 4917 editio
1835 4855 1850 4889 :

284 4908 804 5000 Ai'yd'pﬁﬁoﬁoipou
840 4913 1007 4980 έξοδοι
1052 4908 1219 4981 ζωῆς,
1258 4911 1309 4963 id
1342 4919 1443 4972 est,
1476 4925 1494 4957 ι
1522 4924 1643 4960 nam
1676 4908 1853 4961 exitus

284 4997 386 5043 luci
421 4997 595 5042 exitus
627 4997 768 5041 νιιαι.
800 5004 818 5037 ι

356 5058 463 5126 (6i)
504 5057 661 5124 lmpii
700 5065 871 5126 erunt.
916 5053 1108 5114 Biblia,
1134 5048 1462 5126 ἀσεϐοῦσιν,
1491 5047 1542 5126 id
1575 5056 1677 5113 est,
1706 5065 1724 5097 ι

286 5117 600 5197 ιιὶι“ειὶιιι.ί
643 5126 708 5179 Ει
740 5124 899 5194 paulo
941 5134 1076 5194 post,
1124 5119 1397 5189 ἀγαπῶσι,
1451 5118 1503 5171 id
1533 5127 1639 5184 est,
1690 5117 1852 5170 «dili-

325 5207 436 5248 unl.
464 5215 482 5246 ι

288 5218 482 5336 ﬁngi),
508 5263 773 5336 Sanam...
810 5279 938 5336 esse.
970 5261 1097 5314 Post
1144 5275 1350 5336 vocem,
1379 5256 1721 5336 ἑρμηνείαν,

289 5327 502 5389 brarius
532 5335 690 5387 vacui
733 5334 891 5402 spatii
943 5341 1146 5385 tantum
1200 5329 1737 5402 reliquit,_quantnm
1769 5327 1851 5377 di-

284 5408 518 5462 ctionem
553 5404 698 5472 έχειν
732 5399 926 5470 capere
949 5411 1131 5470 queat,
1164 5414 1325 5467 quam
1360 5399 1658 5452 addendam
1690 5404 1839 5465 puto.

381 5474 466 5544 63)
494 5474 627 5544 Cap.
660 5488 699 5535 ι,
728 5487 869 5544 vers.
899 5472 985 5525 H.

380 5541 467 5611 61)
502 5541 796 5611 Sapientia.
827 5541 984 5595 Prov.
1020 5557 1094 5603 rx,
1128 5543 1180 5611 1.

286 5604 471 5741 bl(65)
506 5604 721 5669 Solvite.
764 5611 919 5668 Joan.
960 5628 1020 5675 ιι,
1057 5613 1143 5664 19.
1173 5609 1283 5662 Vox
1313 5608 1421 5677 ἐγώ
1450 5607 1602 5663 deest
1651 5606 1703 5661 in
1766 5604 1849 5658 Bi-

345 5702 426 5739 ns.

345 5702 426 5739 HS.

357 5756 465 5829 (66)
503 5754 625 5809 Fili.
655 5752 813 5809 Prov.
844 5770 916 5822 ix,
958 5753 1040 5808 12.

1883 4478 1927 4533 D
1956 4485 2065 4537 Καὶ
2092 4487 2205 4548 τοῖς
2223 4478 2462 4554 γπλησίον
2491 4502 2605 4537 σου.

2026 4555 2139 4624 (68)
2211 4548 2401 4608 Filius.
2452 4555 2576 4610 Haec
2634 4554 2686 4608 in
2738 4553 2963 4608 Hebraeo
3014 4566 3307 4624 exemplari
3360 4557 3418 4602 et
3472 4548 3525 4624 in

1956 4619 2185 4695 Vulgata
2229 4626 2599 4695 translatione,
2621 4625 3021 4695 desiderantur.
3046 4619 3525 4695 Eranrot‘urtensis

1954 4687 2121 4748 editio
2154 4696 2341 4749 eadem
2388 4695 2472 4749 bis
2518 4694 2680 4749 habet
2713 4694 2765 4747 in
2806 4693 3134 4752 Proverbiis,
3166 4706 3289 4759 cap.
3320 4705 3396 4749 Ix,
3434 4687 3522 4759 12,

1954 4765 2198 4833 proxime
2239 4774 2359 4833 post
2405 4765 2780 4834 prazcedentia,
2835 4773 2889 4818 et
2935 4778 3053 4830 cap.
3102 4758 3333 4834 x,_vers.
3362 4760 3417 4834 ξς.
3454 4758 3524 4809 At

1953 4830 2352 4901 Complutensis
2378 4830 2439 4889 ea
2473 4844 2679 4887 tantum
2716 4834 2877 4887 habet
2926 4848 3045 4901 cap.
3091 4848 3146 4885 ι.
3176 4830 3386 4900 Didymi
3429 4843 3520 4879 ve-

1954 4920 2016 4958 ro
2047 4903 2217 4958 Biblia
2265 4906 2737 4973 Complutensibus
2799 4907 2900 4957 hac
2940 4904 2993 4956 in
3045 4917 3102 4955 re
3152 4910 3520 4955 consentanea

1955 4975 2144 5035 fuisse,
2172 4976 2415 5029 indicant
2438 4989 2598 5028 voces
2633 4991 2645 5025 :
2686 4992 2703 5023 ι
2733 4973 2800 5026 Et
2828 4988 3031 5026 rursus.
3060 4990 3081 5022 ι

2028 5044 2137 5115 (69)
2166 5044 2405 5113 Sapiens.
2447 5045 2607 5098 Prov.
2650 5060 2707 5108 x,
2749 5042 2800 5098 9.
2834 5044 3020 5097 Graeca
3047 5040 3214 5095 editio
3238 5037 3399 5093 habet
3425 5036 3514 5089 δέ-

1954 5113 2101 5179 ξεται
2134 5130 2228 5182 pro
2257 5116 2493 5185 δέχεται.

2024 5179 2147 5255 (70)
2181 5179 2498 5240 Ηὶε.Ῥισον.
2526 5200 2581 5247 x,
2616 5183 2683 5237 14
2727 5192 2781 5238 et
2828 5182 2918 5237 15.
2965 5181 3151 5237 Graeca
3204 5179 3371 5235 editio
3422 5192 3520 5245 pro

1952 5248 2296 5317 obéoq'habet
2330 5256 2409 5319 ὃς,
2436 5256 2483 5308 id
2513 5264 2615 5317 est,
2653 5275 2670 5306 ι
2698 5256 2810 5323 qui.
2832 5273 2850 5304 ι

2023 5325 2135 5396 (71)
2178 5325 2421 5396 Verbera.
2450 5325 2618 5396 Biblia
2640 5319 2853 5396 τύπτει,
2892 5323 2943 5376 id
2971 5331 3074 5387 est,
3112 5341 3129 5372 ι
3162 5319 3432 5375 verberat.
3460 5336 3477 5367 ι

2021 5394 2133 5465 (72)
2164 5395 2452 5465 Sapientia.
2487 5394 2641 5448 Prov.
2680 5411 2734 5457 χ,
2761 5394 2852 5447 24.

2022 5465 2134 5536 (75)
2168 5465 2239 5519 Os
2262 5467 2415 5536 justi.
2451 5465 2615 5536 ΔΡιον.
2647 5481 2704 5529 x,
2728 5465 2816 5518 52.

2023 5535 2137 5607 (74)
2173 5534 2408 5607 Linguae.
2445 5534 2745 5607 Prov.__xn,
2775 5536 2860 5589 19.

2023 5602 2133 5674 (75)
2171 5602 2560 5671 ραῖαιηὸιιιηι.
2597 5603 2759 5657 Prov.
2802 5621 2920 5666 χιιι,
2952 5602 3043 5658 21.

2024 5677 2134 5746 (76)
2171 5676 2401 5742 Quwres.
2439 5679 2596 5730 l’rov.
2632 5692 2738 5740 xw,
2775 5675 2826 5728 6.
