3740 6344
290 338 391 392 815

1545 331 1775 389 DIDYMI
1810 330 2274 387 ALEXANDRINI

3405 334 3505 389 818

290 460 451 511 licare
479 455 709 519 Videtur,
740 454 833 508 sed
859 468 954 523 per
980 468 1137 506 unam
1171 468 1301 515 rem,
1322 461 1707 520 autpersonam
1734 449 1842 518 ple-

1964 448 2108 503 ;στίν.
2137 449 2273 520 Περὶ
2315 448 2519 520 ταύτης
2543 448 2602 502 δὲ
2649 448 2747 518 τῆς
2798 446 3006 515 σοφίας,
3043 444 3185 515 φημὶ
3215 446 3315 517 τῆς
3354 448 3412 500 ἓν
3443 454 3507 519 τῇ

290 561 515 614 rumque
548 545 648 599 alia
676 546 730 599 in
757 559 822 598 eo
847 544 1155 612 designetur
1188 562 1201 597 :
1231 542 1482 598 Salomon
1508 556 1634 596 vero
1658 541 1846 594 Parte-

290 640 527 701 miastes,
565 637 616 691 id
645 645 726 690 est
749 635 1157 689 Proverbiarum
1198 635 1429 704 scriptor
1459 633 1547 698 sit,
1579 648 1682 687 non
1719 647 1847 700 pro-

290 729 446 797 pheta
484 725 613 798 (91).
644 725 720 781 De
748 727 848 780 hac
888 742 1044 795 porro
1070 726 1350 795 sapientia,
1384 726 1449 780 de
1472 739 1555 790 ea,
1607 725 1846 793 inquam,

290 834 407 886 qua:
456 828 537 871 est
594 817 645 871 in
704 826 982 882 creatura,
1026 833 1144 871 cum
1192 815 1355 886 339
1426 816 1849 886 sapientissimus

297 908 506 962 Siraclii
549 908 686 962 filius
721 907 834 961 ait:
875 926 894 957 ‹
932 906 1091 961 Prior
1117 907 1228 975 (92)
1259 907 1506 961 omnibus
1553 915 1729 961 creata
1768 913 1848 960 est

289 1000 571 1068 sapientia,
597 1008 649 1054 et
686 998 981 1053 intellectus
1010 999 1303 1067 prudentia:
1333 998 1398 1050 ab
1436 1011 1548 1050 ιενο
1580 1014 1592 1049 :
1628 1016 1645 1048 ι
1683 997 1847 1049 Dein-

292 1093 358 1145 de
406 1091 584 1145 subdit
617 1110 629 1144 :
661 1109 679 1140 ι
712 1090 843 1144 Cum
882 1090 1127 1145 ﬁdelibus
1154 1088 1262 1159 (9⁸5)
1291 1089 1341 1141 in
1369 1088 1520 1140 vulva
1568 1097 1846 1141 concreata

292 1193 373 1237 est
420 1199 538 1237 cum
593 1183 755 1252 ipsis;
800 1192 853 1235 et
902 1197 1023 1235 cum
1079 1181 1382 1235 hominibus
1448 1180 1847 1233 fundamentum

293 1276 474 1330 sazculi
526 1274 855 1329 nidificavit:
888 1292 907 1325 ι
949 1282 1056 1325 tum
1118 1273 1404 1341 Apostolus
1446 1272 1496 1323 in
1544 1273 1712 1339 prima
1781 1270 1846 1322 ad

296 1368 600 1423 Corinthios
634 1368 705 1420 ita
734 1367 948 1435 scripsit
976 1383 1029 1417 ει
1066 1364 1329 1430 Quoniam
1363 1362 1632 1432 (94)_enim
1670 1363 1720 1416 in
1757 1362 1849 1416 Dei

298 1459 569 1527 Sapientia
625 1473 729 1511 non
792 1456 1042 1525 cognovit
1101 1455 1329 1507 mundus
1376 1467 1471 1522 per
1530 1453 1844 1520 sapientiam

293 1551 492 1617 Deum,
532 1549 731 1619 placuit
788 1548 896 1601 Deo
952 1562 1046 1616 per
1096 1544 1375 1599 stultitiam
1453 1544 1848 1612 przedicationis

292 1640 466 1694 salvos
515 1640 695 1693 facere
733 1637 1012 1690 credentes
1041 1649 1056 1687 :
1090 1654 1108 1685 ι
1143 1644 1197 1687 et
1227 1653 1237 1686 :
1279 1652 1297 1683 ‹
1319 1634 1545 1691 Stultam
1578 1633 1691 1702 (95)
1726 1634 1848 1687 fecit

292 1732 431 1786 Deus
462 1730 775 1798 sapientiam
800 1729 999 1781 mundi.
1040 1747 1058 1778 ι
1084 1726 1220 1792 Quin
1262 1728 1422 1781 etiam
1474 1725 1572 1780 Job
1605 1728 1675 1781 ita
1725 1742 1841 1780 eam

1950 540 2155 604 κτίσει,
2185 541 2212 593 ὅ
2245 558 2304 593 τε
2355 540 2661 611 σοφώτατος
2703 540 2816 603 υἱὸς
2858 541 3053 611 Σειρὰχ
3086 540 3259 609 λέγει’
3302 560 3321 591 ι
3374 544 3509 613 [lpo-

1947 631 2080 703 τέρα
2112 633 2326 687 πάντων
2358 634 2599 688 ἔκτισται
2643 635 2800 704 σοφία
2829 636 2921 688 xui
2952 634 3163 696 σύνεσις
3196 636 3510 705 φρονήσεως

1948 722 2007 787 ἐξ
2038 723 2264 789 αίῶνος’
2310 745 2328 777 ι
2371 726 2464 780 xui
2505 727 2753 798 ἐπιφέρει
2798 727 3001 797 τούτῳ*
3048 744 3066 777 ι
3106 726 3263 779 Μετὰ
3306 726 3510 778 πιστῶν

1947 814 2005 865 ὲν
2040 815 2221 886 μήτρᾳ
2265 816 2582 887 συνεκτίσθη
2627 818 2843 881 αὐτοῖς,
2891 818 2984 870 xui
3020 817 3156 887 μετὰ
3207 818 3508 886 ἀνθρώπων

1949 903 2193 975 θεμέλιον
2220 906 2409 969 αἰῶνος
2436 907 2778 960 ὲνόσσευσεν·
2818 928 2836 959 ›
2880 909 2908 961 ὅ
2940 926 2999 961 τε
3049 908 3372 971 Ἀπόστολος
3402 910 3507 960 Κο-

1951 996 2170 1068 ρινθίοις
2215 998 2275 1051 τὸ
2344 998 2557 1069 πρῶτον
2622 1000 2894 1053 ἐπέστειλε
2939 1001 3084 1053 τόνδε
3128 1001 3219 1052 τὸν
3272 1000 3507 1068 τρόπον’

1954 1108 1972 1140 ι
2018 1088 2232 1161 Ἐπειδὴ
2260 1090 2386 1164 γὰρ,
2420 1112 2441 1145 ›
2476 1093 2657 1163 φησὶν,
2693 1113 2711 1144 ι
2749 1095 2804 1147 ἐν
2832 1096 2897 1163 τῇ
2936 1094 3095 1163 σοφίᾳ
3124 1092 3217 1145 τοῦ
3246 1092 3385 1145 Θεοῦ
3416 1094 3508 1144 οὐκ

1947 1181 2087 1249 ἔγνω
2120 1183 2147 1233 6
2180 1182 2381 1253 κόσμος
2417 1183 2505 1235 διὰ
2548 1185 2646 1254 τῆς
2677 1185 2861 1251 σοφίας
2900 1184 2986 1236 τὸν
3030 1183 3180 1247 Θεὸν,
3217 1184 3507 1252 εὐδόκησεν

1946 1276 1973 1326 6
2002 1274 2133 1338 Θεὸς
2163 1274 2248 1327 διὰ
2280 1275 2380 1344 τῆς
2424 1276 2632 1347 μωρίας
2659 1276 2751 1328 τοῦ
2782 1276 3131 1346 κηρύγματος
3174 1276 3349 1329 σῶσαι
3386 1278 3508 1338 τοὺς

1949 1365 2329 1429 πιστεύοντας
2375 1384 2393 1416 i
2438 1368 2554 1429 xui,
2606 1384 2624 1417 σ
2689 1366 2997 1437 Ἐμώρσνεν
3037 1368 3066 1417 6
3100 1366 3234 1428 Θεὸς
3271 1367 3373 1436 τὴν
3421 1384 3506 1418 σο·-

1949 1455 2074 1525 φίαν
2108 1455 2197 1508 τοῦ
2241 1457 2469 1526 κόσμου.
2508 1476 2525 1507 ι
2561 1457 2669 1509 Καὶ
2695 1456 2758 1527 δὴ
2794 1457 2886 1509 xui
2927 1458 2956 1509 6
3000 1456 3117 1508 Ἰὼϐ
3156 1456 3381 1508 τοιῶσδε
3419 1458 3508 1525 μέ-

1951 1564 2145 1617 μνηται
2175 1546 2374 1616 ταύτης
2395 1565 2407 1576 ·
2451 1566 2469 1598 ι
2519 1547 2581 1600 Ἠ
2608 1547 2664 1599 δὲ
2702 1547 2857 1609 σοφία
2889 1546 3050 1599 πόθεν
3078 1547 3313 1618 εύρέθη;
3361 1551 3507 1610 ποῖος

1946 1638 2001 1689 δὲ
2023 1637 2183 1701 τόπος
2237 1639 2353 1689 ἐστί
2379 1638 2479 1707 τῆς
2510 1639 2817 1708 φρονήσεως
2842 1654 2855 1703 ;
2889 1655 2907 1688 ›
2934 1638 3027 1690 xui
3075 1637 3299 1707 ἑτέρωθι
3326 1655 3340 1668 ·
3369 1656 3389 1688 ί
3419 1638 3508 1689 Σο-

1950 1730 2045 1797 φία
2066 1727 2157 1779 τοῦ
2188 1729 2412 1797 πένητος
2446 1728 2893 1798 ὲξουθενουμένηο
2945 1747 2963 1779 ι
3001 1730 3111 1793 xui,
3153 1747 3171 1778 ι
3212 1722 3385 1791 Οὗτος
3412 1728 3507 1797 τῆς

292 1833 553 1878 memorat
576 1840 588 1875 :
611 1840 629 1872 ί
642 1822 908 1889 Sapientia
928 1818 1039 1889 (96)
1062 1835 1182 1874 vero
1200 1819 1339 1873 unde
1356 1820 1568 1871 inventa
1585 1819 1810 1887 est?qua
1823 1847 1843 1858 -

1964 1819 2135 1887 ποφίας
2162 1818 2277 1871 ἐστὶ
2336 1819 2648 1890 διορθωτής.
2688 1838 2706 1870 ι
2738 1819 2891 1881 Τινὲς
2921 1818 2977 1871 δὲ
3007 1819 3097 1872 τὸν
3129 1821 3507 1889 γενεσιουργὸν

293 1916 359 1968 lis
412 1923 589 1966 autem
630 1920 715 1966 est
762 1912 911 1965 locus
961 1911 1257 1981 prudentia:
1306 1909 1467 1978 (97)?
1502 1927 1521 1959 ›
1577 1908 1643 1961 Ει
1671 1909 1839 1963 alibi:

300 2022 319 2055 ι
354 2005 625 2074 Sapientia
644 2002 753 2074 (98)
777 2003 1040 2072 lpauperis
1068 2011 1399 2069 contempta;
1425 2018 1443 2051 ι
1471 2009 1524 2055 et
1545 2019 1556 2053 :
1581 2000 1708 2055 i‘liic
1733 2001 1843 2070 (99)

294 2097 567 2165 sapientiae
619 2104 701 2149 est
742 2095 1066 2149 moderator.
1108 2112 1126 2144 ι
1182 2091 1407 2157 Quidam
1449 2105 1582 2145 vero
1629 2091 1847 2145 Creato-

294 2200 405 2238 rem
440 2193 697 2254 putarunt
749 2199 813 2237 ex
859 2198 1084 2253 persona
1132 2191 1327 2237 creata:
1372 2183 1645 2251 sapientim
1688 2184 1847 2237 dixis-

292 2289 370 2339 se,
409 2293 428 2326 ι
485 2273 741 2328 Dominus
779 2275 981 2328 creavit
1016 2288 1100 2327 me
1149 2292 1162 2326 :
1216 2290 1233 2323 ι
1279 2287 1404 2326 nam
1464 2272 1553 2340 qui
1608 2272 1845 2326 omnium

293 2366 548 2421 Conditor
569 2382 633 2420 ac
677 2367 931 2421 Servator
963 2376 1071 2431 est,
1099 2365 1293 2433 saepius
1321 2373 1688 2418 creaturarum
1722 2378 1841 2432 per-

293 2474 482 2515 sonam
515 2474 793 2512 assumens
824 2457 1080 2527 loquitur,
1135 2467 1194 2510 ut
1231 2471 1349 2509 cum
1382 2471 1449 2509 ex
1488 2470 1713 2525 persona
1750 2454 1847 2509 Ec-

292 2554 468 2607 clesia:
489 2553 616 2607 olim
647 2566 677 2605 a
718 2551 882 2605 Paulo
921 2558 1122 2604 vexatae
1156 2550 1230 2603 ait
1278 2567 1292 2602 :
1330 2568 1346 2599 ι
1383 2548 1510 2603 Saul
1552 2548 1651 2618 (1),
1697 2547 1844 2611 Saul,

1952 1910 2176 1981 ἐνόησαν
2204 1910 2269 1963 ὲκ
2294 1910 2586 1980 προσώπου
2618 1911 2716 1981 τῆς
2756 1912 2979 1979 κτιστῆς
3008 1911 3287 1981 εἰρηκέναι
3318 1920 3506 1979 σοφίας

1949 1999 2029 2061 τὸ,
2060 2018 2079 2051 ι
2112 1999 2312 2067 Κύριος
2347 2000 2525 2053 ἔκτισέ
2586 2019 2674 2071 με.
2713 2020 2731 2052 ›
2766 2001 3029 2064 Πολλάκις
3057 2001 3163 2073 γὰρ
3192 2002 3506 2071 κτισμάτων

1953 2092 2239 2161 πρόσωπον
2268 2094 2296 2144 6
2330 2092 2544 2145 πάντων
2575 2094 2880 2164 ὑποστάτης
2919 2095 3011 2147 xui
3044 2094 3233 2165 Σωτὴρ
3262 2094 3503 2162 ἀναλαμ-

1954 2183 2129 2237 ϐάνων
2169 2184 2503 2253 διαλέγεται·
2543 2187 2618 2247 ὡς
2647 2188 2771 2241 ὅταν
2805 2189 2869 2239 ὲκ
2905 2187 3194 2259 προσώπου
3242 2187 3345 2257 τῆς
3378 2204 3503 2239 ποτε

1950 2274 2268 2347 διωχθείσης
2352 2277 2673 2347 Ἐκκλησίας
2758 2278 2909 2349 παρὰ
2990 2278 3201 2331 Παύλου
3278 2280 3499 2347 φάσκεν

1957 2385 1974 2415 ι
2016 2367 2204 2430 Σαοὺλ,
2236 2368 2422 2430 Σαοὺλ,
2454 2369 2505 2421 τί
2541 2385 2607 2439 με
2640 2367 2893 2435 διώκεις;
2935 2389 2954 2422 ι
3001 2372 3229 2433 καὶτοῖς
3266 2366 3323 2423 εὖ
3354 2372 3503 2439 noti).

1954 2474 2130 2513 σασιν·
2181 2477 2200 2511 ι
2248 2461 2565 2524 Ἐπείνασα,
2599 2461 2693 2514 καὶ
2738 2461 2971 2514 ἐδώκατέ
3010 2465 3355 2531 μοινφαγεῖν⁹
3402 2462 3502 2514 ἐδί-

1952 2550 2117 2619 ψησα,
2163 2552 2256 2604 xui
2281 2552 2562 2605 ἐποτίσατέ
2605 2568 2671 2622 με
2692 2567 2709 2583 ·
2754 2571 2773 2604 ι
2808 2554 2903 2605 xui
2929 2553 3026 2605 ὅσα
3055 2553 3300 2607 τοιαῦτα.

292 2643 419 2711 quid
446 2656 530 2696 me
556 2640 930 2711 persequeris?
966 2660 983 2692 ι
1012 2640 1172 2704 etiis,
1199 2640 1290 2709 qui
1334 2640 1553 2693 benefici
1591 2639 1848 2692 fuerunt:
1899 2660 1915 2691 ι
1959 2641 2169 2696 Esurivi
2238 2644 2335 2711 (2),
2370 2652 2425 2696 et
2472 2642 2695 2698 dedistis
2736 2643 2867 2696 mihi
2941 2644 3297 2711 manducare;
3339 2644 3501 2703 sitiii,

294 2746 348 2788 et
377 2735 594 2788 dedistis
621 2734 747 2788 mihi
777 2733 980 2789 bibere.
1020 2750 1039 2783 ι
1080 2731 1144 2785 Ει
1165 2732 1267 2784 alia
1300 2731 1383 2785 his
1412 2732 1622 2785 similia.

363 2830 497 2885 Cum
532 2830 673 2882 enim
716 2829 926 2898 propria
966 2828 1371 2897 exsplendescat
1398 2827 1743 2895 benignitate,
1795 2836 1844 2879 et
1874 2832 1915 2890 (ζ

298 2928 439 2973 totus
462 2918 531 2971 sit
562 2918 797 2981 bonitas,
831 2927 903 2981 et,
941 2917 1077 2971 sicut
1105 2916 1377 2985 apostolus
1415 2915 1579 2968 Judas
1626 2917 1717 2979 ait,
1770 2930 1850 2968 so-

299 3010 378 3061 lus
410 3007 665 3061 Dominus
695 3006 768 3076 (5)
799 3006 1045 3070 exsistat,
1079 3006 1250 3073 parcit
1278 3006 1523 3059 omnibus
1547 3005 1643 3074 (4),
1666 3016 1717 3058 et
1747 3005 1848 3058 sibi

298 3100 438 3152 facta
477 3098 622 3149 ducit
648 3110 765 3162 qua:
797 3096 919 3163 quis
950 3095 1001 3148 in
1036 3108 1194 3163 opera
1239 3110 1487 3148 manuum
1516 3095 1632 3164 ejus
1661 3110 1850 3163 pecca-

297 3189 457 3242 verit.
494 3187 653 3256 Atqui
690 3187 793 3239 alia
844 3186 1004 3238 etiam
1049 3186 1283 3239 humana
1321 3186 1476 3238 modo
1517 3188 1653 3239 dicta
1700 3188 1848 3239 inve-

301 3280 510 3333 niemus
569 3279 634 3331 de
680 3274 1199 3344 iucomprehensihili
1253 3275 1395 3339 Deo;
1447 3284 1503 3327 nt
1536 3291 1654 3328 cum
1689 3290 1848 3343 para-

296 3370 467 3424 bolice
519 3369 818 3424 scribitur:
855 3384 873 3417 ι
918 3364 1090 3419 Homo
1130 3365 1206 3435 (5)
1246 3365 1461 3433 quidam
1507 3374 1625 3417 erat
1671 3379 1852 3432 pater-

295 3462 564 3527 familias;
600 3480 618 3512 »
662 3469 718 3515 et
768 3472 998 3514 rursus:
1045 3476 1063 3508 ι
1109 3457 1279 3511 llomo
1333 3455 1407 3525 (6)
1463 3456 1677 3525 quidam
1735 3465 1851 3510 erat

295 3555 500 3608 habens
531 3555 776 3618 vineam;
823 3571 841 3603 ι
902 3561 957 3607 et
993 3566 1119 3606 cum
1157 3550 1377 3605 caeleste
1420 3564 1637 3617 regnum
1679 3563 1850 3617 grano

295 3645 514 3715 sinapis,
551 3655 606 3701 et
657 3644 846 3701 semini
888 3642 1236 3698 assimilatur.
1275 3640 1424 3708 Quod
1465 3641 1508 3695 si
1550 3641 1849 3695 conceden-

296 3736 419 3789 dum
451 3736 611 3791 etiam
646 3734 803 3800 foret,
843 3732 1184 3787 Salomonem
1226 3745 1333 3785 non
1375 3744 1440 3783 ex
1480 3742 1708 3798 persona
1763 3743 1852 3782 sa-

295 3828 528 3895 pientiai,
560 3842 678 3896 qua:
704 3826 758 3880 in
790 3825 945 3880 nobis
974 3833 1074 3887 est,
1108 3822 1342 3877 locutum
1388 3819 1580 3885 fuisse;
1636 3820 1715 3874 sic
1771 3820 1851 3874 in-

296 3920 580 3989 telligenda
616 3928 794 3973 tamen
835 3926 1018 3972 essent
1051 3916 1167 3986 ejus
1198 3914 1381 3978 verba,
1412 3922 1471 3966 ut
1503 3930 1566 3968 ex
1598 3927 1847 3981 persona,

297 4026 359 4065 ac
389 4021 632 4080 respectu
669 4009 948 4076 sapientis,
987 4016 1039 4061 et
1074 4005 1634 4075 incomprehensibilis
1668 4002 1848 4056 lucar-

296 4104 531 4157 nationis
557 4103 699 4156 dicta
730 4101 923 4167 forent,
959 4099 1104 4153 nulla
1136 4107 1314 4151 autem
1348 4097 1503 4150 modo
1531 4099 1595 4149 de
1649 4095 1848 4165 sempi-

2031 2823 2157 2893 Ἰδίᾳ
2194 2823 2300 2894 γὰρ
2338 2823 2632 2893 ὲκλάμπων
2681 2822 3089 2894 φιλανθρωπία,
3141 2824 3233 2875 xui
3274 2823 3397 2887 ὅλος
3434 2823 3501 2875 ὢν

1949 2912 2235 2983 ἀγαθότης,
2281 2914 2372 2965 καὶ
2423 2913 2497 2973 ὡς
2534 2915 2560 2964 6
2599 2912 2889 2976 ἀπόστολος
2950 2913 3144 2975 Ἰούδας
3182 2914 3319 2983 ἔφη,
3352 2914 3503 2982 μόνος

1948 3003 2238 3072 Δεσπότης,
2284 3002 2517 3071 φείδεται
2549 3002 2783 3065 πάντων,
2818 3004 2913 3057 xui
2953 3004 3288 3059 ίδιοποιεῖται
3324 3008 3393 3059 τὰ
3428 3008 3502 3068 εἰς

1946 3095 2016 3154 τὰ
2046 3095 2179 3165 ἔργα
2212 3094 2319 3147 τῶν
2348 3094 2544 3165 χειρῶν
2572 3094 2734 3147 αὑτοῦ
2769 3097 3154 3167 ἁμαρτήματα.
3185 3100 3297 3152 Καὶ
3328 3101 3501 3168 μέντοι

1947 3188 2041 3239 xui
2094 3187 2254 3257 ἕτερα
2292 3186 2415 3258 [159
2462 3188 2514 3259 b]
2550 3190 3094 3263 ἁνθρωπολογηθέντα
3125 3196 3251 3264 περὶ
3283 3195 3375 3248 τοῦ
3418 3198 3502 3249 ἀν-

1948 3276 2168 3344 εφίκτου
2201 3276 2343 3328 θείου
2368 3278 2688 3348 εὑρήσομεν
2712 3280 2786 3343 ὡς
2819 3282 2943 3333 ὃταν
2970 3282 3349 3349 παραϐολικῶς
3376 3284 3502 3353 γρά-

1949 3379 2069 3433 φει·
2110 3382 2129 3415 ι
2186 3365 2501 3436 Ἄνθρωπός
2545 3384 2628 3429 τις
2670 3362 2737 3437 ἦν
2770 3369 3176 3439 οἰκοδεσπότης·
3216 3389 3234 3422 ι
3278 3373 3373 3423 xui
3400 3372 3500 3425 πά·

1948 3456 2027 3508 λιν
2048 3473 2061 3487 :
2108 3474 2126 3505 ι
2168 3456 2485 3527 ’Ἄνθρωπός
2513 3476 2595 3521 τις
2619 3454 2685 3529 ἦν
2722 3458 2858 3529 έχων
2890 3461 3184 3531 ἀμπελῶνα
3207 3478 3221 3491 ·
3256 3482 3276 3514 ι
3309 3464 3400 3516 καὶ
3431 3463 3499 3525 ὼς

1948 3547 2074 3600 ὅταν
2117 3548 2213 3619 τὴν
2258 3548 2503 3619 οὐράνιον
2552 3549 2827 3619 βασιλείαν
2878 3552 3058 3622 κόκκῳ
3112 3553 3380 3617 σινάπεως
3414 3556 3500 3606 καὶ

1950 3637 2133 3709 σπόρῳ
2165 3639 2508 3709 παρεικάζει.
2539 3640 2601 3693 Ei
2628 3639 2683 3692 δὲ
2711 3641 2805 3692 xui
2834 3642 3207 3713 συγχωρητέον
3246 3643 3310 3697 τὸ
3339 3644 3412 3715 μὴ
3442 3646 3501 3696 ὲκ

1949 3727 2237 3800 προσώπου
2274 3728 2372 3799 τῆς
2414 3731 2472 3781 ὲν
2506 3730 2637 3800 ἡμῖν
2683 3731 2872 3799 σοφίας
2912 3731 3195 3803 Σολομῶνα
3237 3735 3498 3806 γεγραφέ-

1948 3837 2057 3883 ναι,
2090 3820 2202 3874 ἀλλ’
2236 3816 2327 3874 οὖν
2363 3821 2579 3891 νοητέον
2629 3820 2694 3874 ὲκ
2728 3820 3015 3892 προσώπου
3054 3825 3150 3894 τῆς
3204 3825 3375 3894 σοφῆς
3414 3826 3498 3877 xui

1948 3912 2300 3982 ἀπερινοήτου
2337 3910 2825 3983 ἐνανορωπήσεως,
2860 3913 2957 3983 οὐχ
2995 3913 3137 3980 ἅπαξ
3164 3914 3221 3967 δὲ
3253 3918 3380 3986 περὶ
3409 3918 3495 3985 τῆς

1948 4000 2178 4071 ἀνάρχου
2206 4001 2297 4053 xui
2321 4000 2633 4072 ἀϐεωρήτου
2666 3994 2995 4068 φύσεωςτοῦ
3030 4004 3350 4073 μονογενοῦς
3371 4003 3495 4057 Θεοῦ

1949 4092 2241 4162 εἰρηκέναι.
2280 4093 2391 4144 Ούκ
2433 4092 2731 4155 αὐτοτελῶς
2748 4094 2854 4163 γὰρ
2884 4092 3008 4162 ἔφη,
3044 4095 3296 4147 «Ἔκτισέ
3355 4113 3438 4167 με,
3475 4114 3493 4147 ι

296 4206 445 4247 terna
488 4203 543 4247 et
578 4191 829 4246 invisibili
885 4202 1077 4244 natura
1125 4187 1382 4256 unigeniti
1418 4188 1531 4240 Dei.
1567 4186 1675 4241 Nec
1705 4189 1845 4241 enim

1964 4184 2088 4251 ὶλΥ,
2122 4204 2138 4235 ι
2175 4187 2252 4247 εἰς
2285 4185 2416 4254 ἔργα
2447 4185 2637 4238 αὐτοῦ·
2673 4205 2692 4237 ι
2726 4185 2855 4237 ὡσεὶ
2886 4185 3095 4253 ἕλεγεψ
3129 4186 3352 4238 ’Έκτισέ
3414 4204 3494 4256 με,

296 4285 373 4337 ait
420 4285 534 4337 sine
574 4284 959 4346 additamenta,
995 4280 1197 4333 creavit
1229 4292 1332 4340 me,
1387 4277 1480 4330 sed
1528 4277 1739 4344 adjecit,
1793 4279 1843 4331 in

294 4389 455 4443 opera
504 4372 652 4441 ejus;
693 4371 914 4440 perinde
975 4385 1038 4424 ac
1086 4370 1130 4423 si
1176 4371 1377 4423 diceret
1426 4385 1439 4421 :
1480 4367 1694 4421 Creavit
1738 4385 1841 4433 me,

296 4468 509 4536 quando
543 4466 607 4519 ad
635 4464 899 4527 homines,
937 4464 1026 4533 qui
1065 4471 1189 4517 sunt
1220 4477 1381 4529 apera
1425 4459 1557 4528 ejus,
1591 4461 1728 4524 veni,
1756 4473 1845 4515 unt

368 4714 476 4783 (91)
515 4712 637 4766 Νοη
670 4713 943 4780 propheta.
985 4710 1174 4763 Mirum
1209 4709 1420 4783 videtur
1464 4706 1543 4759 sic
1571 4706 1735 4783 loqui“
1756 4704 1847 4783 Di-

296 4777 535 4851 dyinuin,
575 4777 870 4851 praisertim
913 4796 1035 4835 cum
1075 4790 1181 4832 tam
1218 4778 1327 4831 late
1372 4786 1549 4851 pateat
1587 4778 1656 4851 in
1705 4777 1853 4828 Scri-

296 4846 467 4920 piuris
499 4846 771 4921 prophetae
803 4867 1017 4921 nomen,
1050 4860 1108 4921 ut
1154 4863 1344 4921 omnes
1372 4846 1598 4921 theologi
1630 4855 1850 4921 norunt,

294 4914 348 4975 et
372 4914 510 4990 apud
540 4914 772 4975 Graecas.
819 4922 874 4975 In
922 4918 1239 4988 Menologia,
1268 4918 1407 4990 quod
1443 4922 1622 4990 exstat
1658 4916 1709 4967 in
1743 4914 1850 4968 Na-

296 4988 457 5044 niaiia
484 4992 670 5046 codice
699 4992 821 5056 ΓΠ,
863 4992 1121 5051 Adamus,
1148 4998 1204 5042 et
1246 4988 1343 5056 alii
1375 4988 1612 5055 quinque
1649 4999 1728 5056 eo,
1756 4999 1852 5037 no-

294 5063 437 5112 mine
463 5064 728 5114 donantur
765 5078 777 5113 :
810 5054 931 5115 nam
973 5061 1038 5112 ad
1074 5059 1300 5126 primam
1334 5055 1506 5109 Martii
1532 5054 1690 5126 diem
1720 5054 1848 5126 legi-

296 5142 382 5211 te"
408 5130 738 5211 ετῶῖξειῐίων
754 5125 1271 5211 ,ἱεροφηῠτῶνςἋδδεμν
1301 5126 1486 5211 ’ᾼδελν
1508 5125 1649 5211 Σὴθι
1675 5125 1846 5211 ξ’βνέςν

307 5199 496 5267 Ἑνὼχ,
533 5197 883 5269 Μελχισέδεκ,
917 5202 967 5269 id
997 5207 1097 5261 est,
1123 5216 1161 5269 ﬁt
1195 5197 1513 5269 Sanctorum
1564 5197 1850 5269 propheta-

295 5284 413 5320 rnin
446 5263 683 5333 "Adam,"
712 5270 863 5329 Abel,
918 5268 1072 5330 Seth,
1122 5268 1281 5331 Enos,
1333 5264 1538 5325 Enoch,
1570 5263 1848 5333 Melchise-

294 5341 451 5389 (it'tTiI.
486 5356 502 5387 ι
557 5332 699 5391 Nihil
738 5339 880 5390 aliud
932 5352 1059 5405 ergo
1110 5335 1244 5388 Vi-lle
1299 5336 1511 5389 videtur
1554 5332 1844 5405 Didymus,

290 5423 452 5474 quam
485 5406 825 5461 Salomouem
860 5407 910 5459 in
940 5403 1351 5459 Proverbiornm
1394 5406 1529 5457 libro
1552 5403 1848 5459 Parmtnia-

291 5488 387 5529 stic
421 5478 755 5543 potissimum
780 5476 953 5529 officio
984 5475 1151 5542 fungi,
1181 5492 1283 5527 non
1320 5475 1611 5543 propheta.

364 5548 473 5611 (9:2)
513 5546 682 5600 Prior.
715 5546 1069 5600 Ecclesiustie.
1103 5562 1141 5607 ι,
1170 5545 1221 5598 4.

364 5617 471 5685 (⁸95)
503 5616 633 5670 Cum
666 5617 923 5684 ﬁdelibus.
962 5616 1115 5677 Iliid.,
1147 5616 1212 5667 12
1242 5628 1356 5684 (seu
1386 5611 1493 5682 16).

364 5688 472 5754 (94)
504 5688 780 5749 Quoniam.
810 5686 826 5738 l
853 5685 976 5739 Cor.
1013 5700 1050 5744 ι,
1082 5685 1169 5738 ‘21.

367 5757 474 5827 (95)
512 5756 759 5811 Stultum.
794 5756 947 5821 lbid.,
976 5754 1062 5807 9.0.

1952 4278 2037 4329 ὅτε
2054 4278 2129 4339 εἰς
2150 4274 2464 4347 ἀνθρώπους
2480 4277 2545 4329 τὰ
2563 4276 2696 4346 ἔργα
2718 4275 2877 4329 αὐτοῦ
2892 4277 3220 4348 ὲγενόμην,ῆ
3240 4278 3497 4347 κατεσκήυ

1953 4385 2095 4420 νωσα
2142 4366 2439 4437 σαρκωθεὶς
2472 4367 2532 4431 ἐξ
2561 4366 2758 4419 αὐτῶν.
2803 4367 2859 4419 'U
2892 4366 2999 4437 γὰρ
3037 4366 3133 4431 ὢν,
3165 4369 3257 4419 xui
3301 4369 3494 4437 προὼν,

1950 4460 2043 4511 xui
2088 4461 2159 4530 μὴ
2197 4460 2261 4511 δι’
2293 4459 2498 4522 ἑαυτὸν,
2541 4461 2607 4512 δι’
2649 4459 2839 4522 ἄλλους
2885 4458 2941 4512 δὲ
2980 4460 3286 4530 γενόμενος,
3334 4464 3496 4514 ἐκεῖνο

2027 4704 2135 4773 (96)
2161 4704 2445 4771 Sapientia.
2479 4705 2583 4759 «ob
2614 4721 2804 4770 xxvur,
2839 4704 2923 4757 12.

2028 4774 2135 4855 (97)
2176 4774 2503 4855 βταάειιιίω.
2560 4775 2724 4830 Biblia
2776 4793 2789 4828 :
2861 4775 3219 4845 Ἐπιστήμης,
3288 4773 3340 4826 id
3396 4782 3491 4838 est,

1959 4862 1977 4893 ι
2002 4856 2255 4897 εριθιιιιεε.
2283 4864 2301 4895 ι

2026 4914 2135 4982 (98)
2168 4914 2459 4982 Sapientia.
2496 4914 2828 4969 Ecclesiastis
2856 4929 2974 4982 cap.
3011 4929 3085 4974 ix.
3128 4928 3274 4982 vers.
3308 4912 3393 4964 16.

2023 4984 2134 5053 (99)
2165 4981 2287 5053 Hic.
2319 4984 2447 5052 Sap.
2483 5000 2580 5049 vn,
2610 4984 2675 5038 16
2721 4984 2833 5053 (seu
2888 4981 2997 5048 15),
3026 4987 3119 5038 sed
3143 4981 3489 5053 ribi_legitnr:

1954 5042 2126 5124 Αὐτός
2165 5052 2258 5107 xui
2305 5042 2409 5124 τῆς
2441 5042 2629 5123 σοφίας
2670 5042 2859 5123 ὁδηγός
2898 5042 3030 5112 ἐστι,
3072 5052 3163 5104 xui
3189 5050 3295 5104 τῶν
3317 5042 3493 5119 ’σοφῶν

1954 5121 2262 5192 διορθωτής,
2303 5121 2366 5176 id
2397 5121 2561 5183 est.'¢
2592 5124 2709 5192 Ipse
2750 5121 3030 5189 Sapientiae
3074 5124 3181 5175 dux
3210 5131 3312 5186 est,
3336 5129 3387 5175 et
3414 5137 3491 5175 Sa-

1954 5192 2213 5260 pientiqu
2242 5193 2562 5256 moderator,
2590 5213 2609 5246 ι
2653 5194 2768 5247 sive
2806 5211 2824 5243 ι
2846 5194 3172 5249 emendator.
3198 5210 3218 5244 ι

2052 5259 2103 5325 1)
2133 5259 2280 5315 Saul.
2307 5265 2425 5316 Act.
2459 5279 2533 5325 ix,
2562 5263 2615 5315 4.

2049 5328 2102 5396 2)
2138 5328 2365 5386 Esurivi.
2398 5331 2586 5386 Matth.
2617 5348 2739 5396 XXV,
2767 5332 2857 5386 55.

2029 5398 2105 5467 (5)
2135 5398 2287 5453 Solus
2318 5400 2586 5455 Dominus.
2620 5403 2788 5469 Epist.
2827 5402 2949 5457 Jud.
2982 5416 3120 5457 vers.
3145 5400 3200 5455 4.

2026 5470 2102 5541 (4)
2139 5470 2315 5541 Porcii
2354 5472 2603 5541 omnibus.
2638 5472 2761 5541 Sap.
2794 5490 2868 5537 x1,
2895 5473 2982 5530 27.

2026 5537 2101 5609 (5)
2141 5537 2328 5609 Homo.
2350 5539 2542 5609 Matth.
2573 5557 2686 5605 xxi,
2713 5537 2805 5597 35.

2023 5608 2103 5691 (6)
2134 5608 2323 5691 ﬂama.
2349 5608 2478 5691 an.
2504 5627 2594 5691 xx,
2707 5611 2893 5691 Graeca
2941 5612 3110 5691 editio
3138 5634 3150 5667 :
3182 5612 3490 5691 Ἄνθρωπός

1950 5698 2033 5759 τις
2088 5681 2376 5759 ἐφύτευσεν
2421 5681 2744 5748 ἀμπελῶνα,
2791 5684 2840 5737 id
2888 5694 2986 5748 est,
3072 5682 3239 5743 Homo
3286 5681 3488 5757 quidam

1947 5752 2208 5819 plantavit
2242 5752 2470 5804 vineam.
2500 5770 2519 5801 ι

2080 5469 2102 5681 ξ
