3740 6304
195 324 296 379 817

1266 323 1352 377 DE
1390 321 1759 378 TRINITATE
1798 322 1998 378 LIBER
2038 324 2358 384 TERTIUS.

3332 330 3438 388 8I8

196 440 307 501 πῶς
335 437 453 490 ἐστι
481 436 699 506 νοῆσαι,
723 435 789 489 δι’
815 434 908 500 οὒς
938 437 1031 489 καὶ
1060 435 1181 489 καθ’
1203 435 1295 499 οὒς
1314 435 1527 505 ἐγένετο
1550 452 1563 497 ;
1606 435 1692 499 Ὡς
1715 452 1742 488 τ

1908 443 2021 490 nter
2046 451 2140 492 eos
2175 438 2434 504 habitavi,
2487 454 2650 494 carne
2709 454 2772 493 ex
2831 439 2993 511 340
3039 440 3165 510 ipsis
3209 452 3439 511 sumpta.

192 529 451 584 ἀνάπαλιν
471 530 679 581 ἐκεῖνοι
704 528 1044 599 εὑρίσκονται
1067 527 1265 598 τρόπον
1277 526 1419 590 τινὰ,
1444 526 1471 578 ὃ
1492 528 1639 579 ἐστιν
1662 527 1690 578 ὁ
1708 526 1776 577 δι’

192 622 381 681 αὐτοὺς
414 618 717 687 γενόμενος
754 618 875 670 κατ’
906 617 1123 679 αὐτούς.
1155 615 1452 687 Τοιγαροῦν
1490 616 1547 666 ὲν
1589 616 1769 685 μορφῇ

192 710 317 764 Θεοῦ
349 710 644 778 ὑπάρχων,
678 708 888 779 μορφὴν
943 708 1099 761 ἔλαϐε
1127 707 1311 759 δούλου
1334 722 1346 735 ·
1372 708 1532 777 ἡμεῖς
1572 723 1630 757 τε
1656 706 1775 773 ἐγε-

195 804 382 872 νόμεθα
416 805 543 855 κατ’
574 804 760 855 εἰκόνα
806 800 898 853 τοῦ
929 801 1207 863 κτίσαντος
1238 800 1413 869 ἡμᾶς,
1444 799 1518 862 ὡς
1568 797 1773 862 ἐδίδαξε

192 894 408 955 Παῦλος.
441 896 513 945 Ἦ
539 893 652 965 ἄρα
680 893 773 945 καὶ
792 894 856 961 τῇ
886 909 903 941 ι
937 890 1116 943 ἔκτισε
1150 909 1167 941 ι
1222 889 1364 953 λέξει
1401 888 1629 942 ἐνταῦθα
1653 889 1772 941 ἀντὶ

192 984 673 1052 τοῦ,κατέστησεν,
695 982 748 1051 ἢ,
775 979 1085 1044 κατέταξεν,
1104 981 1495 1050 ὲχρήσατο,ὃτε
1518 977 1651 1048 ὁμοῦ
1680 978 1771 1030 ὲπί

188 1092 242 1125 τε
288 1074 395 1127 τῶν
420 1074 700 1144 χερουὸὶμ
741 1074 831 1126 καλ⁸
880 1075 936 1125 ἐν
962 1073 1135 1143 φάτνῃ
1173 1068 1261 1142 ἦν,
1291 1071 1364 1135 ὡς
1408 1072 1476 1124 τά
1498 1072 1625 1142 περὶ
1671 1070 1772 1140 τῆς

192 1166 501 1235 ὲνανθρωπή
512 1182 653 1227 σεως
674 1163 837 1217 αὐτοῦ
860 1163 1271 1232 αἰνιγματωδῶς
1293 1162 1465 1231 δηλῶν
1490 1166 1765 1233 προεῖπεν·

196 1276 210 1303 ι
258 1256 390 1323 Ἐγὼ
423 1256 482 1307 δὲ
516 1255 863 1324 κατεστάθην
906 1254 1159 1324 βασιλεὺς
1190 1254 1279 1306 ὑπ’
1312 1253 1473 1304 αὑτοῦ
1502 1253 1593 1305 ἐπὶ
1632 1252 1768 1305 Σιὼν

188 1346 303 1414 ὅρος
332 1346 391 1398 τὸ
421 1347 583 1413 ἅγιον
616 1346 776 1398 αὑτοῦ
795 1363 807 1375 ·
848 1365 866 1395 ι
898 1346 989 1397 καὶ
1013 1344 1089 1407 ὡς
1120 1347 1148 1397 ὁ
1194 1344 1515 1412 ’Υμνολόγος
1540 1343 1763 1412 ψάλλει·

196 1454 212 1486 ι
254 1436 308 1489 ’0
348 1436 556 1507 Κύριος
589 1436 957 1499 ἐϐασίλευσεν,
990 1435 1323 1507 εὐπρέπειαν
1370 1433 1675 1487 ἐνεδύσατοο
1742 1454 1761 1486 ι

192 1526 353 1578 καίτοι
406 1528 602 1591 ἀϊδίως
652 1529 969 1598 προϋπῆρχε
1022 1525 1273 1596 βασιλεὺς
1349 1524 1763 1594 βασιλευόντων,

189 1625 511 1693 εὐπρέπειαν
547 1623 934 1693 ἀκατάληπτον
964 1622 1128 1692 ἔχων.
1180 1620 1409 1691 Ὁμοίως
1447 1620 1550 1673 οὐκ
1589 1615 1759 1683 εἴπεν,

191 1715 240 1766 ὲν
273 1715 436 1786 ἀρχῇ,
467 1713 526 1784 ἢ,
568 1714 676 1784 πρὸ
714 1714 888 1785 ἀρχῆς
927 1712 1062 1768 ὁδῶν
1100 1712 1285 1777 αὐτοῦ,
1346 1710 1460 1765 ἀλλ’
1510 1728 1532 1762 ι
1588 1711 1761 1782 ἀρχὴν

186 1804 310 1856 ὁδῶν
341 1804 470 1875 [I60
500 1805 559 1877 a]
597 1802 783 1857 αὐτοῦ.
826 1824 843 1857 ›

1880 525 2011 582 Nam
2044 529 2133 596 qui
2164 539 2246 584 est
2280 533 2571 597 exsistcns,
2610 540 2661 587 et
2684 534 3078 602 prteexsistens,
3111 534 3308 602 quique
3338 552 3443 589 non

1877 630 2095 688 propter
2155 623 2410 692 seipsum,
2456 625 2548 678 sed
2590 636 2807 693 propter
2845 625 2975 678 alios
3013 624 3187 679 factus
3239 635 3341 690 est,
3380 625 3442 677 il-

1877 708 1984 764 lum
2008 710 2118 776 jam
2151 710 2315 768 fuisse
2358 730 2520 768 unttm
2554 731 2619 769 ex
2666 716 2753 779 iis,
2810 726 3029 785 propter
3079 732 3214 786 quos
3262 717 3441 770 factus

1876 813 1977 868 est,
2012 814 2063 856 et
2091 804 2284 872 quibus
2311 805 2500 860 similis
2537 808 2708 861 factus
2741 816 2845 873 est,
2897 811 3163 877 quomodo
3214 809 3437 878 intelligi

1874 894 2079 962 potest?
2117 895 2186 947 At
2218 896 2495 951 haereticos
2526 896 2599 967 (7)
2626 898 2742 951 vice
2771 912 2925 951 versa
2957 898 3007 951 id
3042 898 3438 966 quodammodo

1874 985 2008 1039 velle
2029 996 2261 1051 constat,
2295 997 2353 1042 ut
2388 989 2431 1044 is
2464 999 2619 1043 antea
2677 989 2839 1044 fuerit
2885 990 3026 1059 quod
3068 1003 3284 1059 propter
3318 991 3435 1045 illos

1874 1064 2047 1132 factus
2085 1087 2185 1143 est,
2215 1080 2401 1149 eisque
2437 1080 2646 1135 similis.
2710 1078 2875 1150 Igitur
2911 1082 3003 1149 qui
3035 1081 3085 1133 in
3116 1080 3284 1134 forma
3338 1082 3431 1135 Dei

1869 1176 2004 1233 erat,
2055 1167 2277 1222 formam
2344 1172 2484 1226 servi
2536 1172 2780 1241 accepit;
2827 1186 2923 1225 uos
2969 1186 3093 1226 vero
3140 1173 3432 1226 secundum

1871 1258 2154 1328 imaginem
2209 1260 2344 1328 ejus,
2383 1262 2472 1331 qui
2500 1263 2703 1316 creavit
2737 1276 2854 1327 nos,
2886 1262 3024 1316 sicut
3052 1262 3231 1316 docuit
3290 1261 3432 1315 Pau-

1868 1349 1950 1404 lus
1980 1349 2077 1420 (8),
2110 1350 2236 1405 facti
2290 1368 2493 1412 sumus.
2534 1353 2786 1408 Fortasse
2815 1353 2973 1406 etiam
3029 1367 3152 1417 vox,
3207 1353 3427 1417 creavit,

1867 1442 2149 1498 adhibetur
2184 1443 2273 1497 hic
2327 1459 2423 1513 pro
2451 1446 2748 1509 constituit,
2776 1443 2858 1498 vel
2886 1444 3183 1510 collocavit,
3216 1445 3429 1514 quando

1864 1532 2020 1586 simul
2050 1542 2103 1588 et
2133 1549 2295 1604 super
2338 1535 2611 1590 cherubim
2643 1546 2776 1601 erat,
2830 1545 2882 1590 et
2911 1537 2962 1589 in
3008 1535 3233 1605 praesepi
3270 1552 3285 1590 :
3322 1551 3429 1604 quo

1866 1624 2040 1690 modo,
2100 1622 2532 1680 Incarnationem
2564 1641 2715 1681 suam
2754 1642 2849 1697 per
2887 1627 3112 1694 :enigma
3163 1626 3424 1689 indicans,

1862 1713 2105 1782 predixit
2136 1731 2151 1768 :
2200 1731 2219 1765 ι
2259 1714 2367 1785 Ego
2401 1725 2576 1771 autem
2608 1714 2680 1786 (9)
2712 1716 3038 1770 constitutus
3076 1731 3191 1769 sum
3235 1730 3329 1769 rex
3358 1715 3426 1769 ab

1788 1800 1831 1854 Β
1859 1817 1924 1858 eo
1956 1817 2116 1873 super
2149 1802 2277 1859 Sion
2322 1814 2558 1860 montem
2596 1816 2842 1861 sanctum
2888 1806 3037 1875 ejus;
3082 1825 3100 1858 ι
3158 1815 3212 1861 et
3257 1805 3423 1877 [lym-

190 1898 397 1970 nologus
427 1900 617 1970 psallit
652 1917 667 1955 :
709 1917 728 1950 ι
766 1898 1022 1953 Dominus
1060 1897 1170 1969 (IO)
1207 1897 1469 1969 regnavit,
1502 1896 1749 1950 decorem
1790 1895 2006 1952 indutus
2077 1908 2176 1954 est.
2212 1918 2231 1951 ι
2296 1899 2457 1970 Atqui
2525 1905 2591 1955 ab
2644 1911 2847 1957 artemo
2896 1902 3305 1971 prmexsistebat
3330 1916 3423 1955 rex

192 2008 359 2058 regum
408 1992 668 2047 decorem
722 1991 923 2046 habens
1008 1988 1624 2059 incomprehensibilem.
1670 1986 1893 2058 Insuper
1957 2005 2061 2044 non
2130 1990 2224 2057 ait,
2294 1993 2347 2045 in
2418 1991 2590 2056 initio,
2641 2001 2751 2057 aut,
2789 2002 2911 2047 ante
2964 1994 3173 2048 initium
3218 1996 3423 2047 viarum

191 2102 423 2151 suarum;
466 2088 585 2152 sed,
627 2106 646 2137 ι
679 2087 884 2141 initium
913 2089 1117 2139 viarum
1154 2102 1391 2141 suarum.
1446 2105 1464 2139 ι

255 2180 407 2231 Ὥστε
442 2179 609 2233 πάλιν
632 2180 732 2250 τῆς
758 2180 911 2232 ἐνανο
922 2182 1219 2251 ρωπήσεως
1245 2180 1408 2233 αὑτοῦ
1430 2180 1600 2252 ἀρχὴν
1622 2196 1754 2251 προ-

191 2267 445 2336 λέγεσθαι,
500 2270 599 2323 καὶ
647 2270 706 2322 οὐ
765 2270 861 2341 τὴν
915 2271 1073 2339 φύσιν
1131 2270 1230 2340 τῆς
1301 2271 1534 2342 ἀνάρχου
1589 2270 1752 2323 αὐτοῦ

198 2359 451 2429 θεότητος.
497 2361 909 2415 Ἀπολεσὰντων
935 2361 1044 2432 γὰρ
1062 2362 1169 2415 τῶν
1192 2362 1285 2415 ἀνθ
1296 2364 1488 2433 ρώπων
1514 2363 1610 2432 τὴν
1637 2360 1753 2414 ὁδὸν

192 2454 278 2521 τὴν
307 2452 544 2520 ἄγουσαν
582 2454 723 2524 πρὸς
752 2454 904 2517 Θεὸν,
929 2455 1090 2518 αὐτὸς
1136 2458 1268 2524 ἡμῖν
1293 2457 1352 2507 ἐν
1378 2458 1442 2525 τῇ
1474 2454 1753 2524 οἰκονομίᾳ

194 2544 294 2608 ὁδὸς
335 2546 551 2613 ἐγένετο
596 2548 910 2617 πρόσφατος
959 2547 1053 2599 καὶ
1086 2547 1270 2609 ζῶσα·
1311 2547 1405 2600 καὶ
1458 2546 1516 2599 ὃν
1554 2547 1752 2618 τρόπον

198 2633 274 2686 διὰ
301 2638 396 2705 τὴν
434 2639 491 2689 ἐν
529 2638 699 2707 σαρκὶ
730 2638 1042 2707 οἰκονομίαν
1076 2636 1226 2690 εἶπεν
1248 2655 1261 2668 ’
1316 2657 1336 2689 ι
1392 2636 1531 2705 Ἐγώ
1563 2640 1674 2708 εἰμι
1718 2639 1749 2707 ἡ
1781 2694 1789 2702 ο

195 2724 328 2788 ὁδός·
370 2746 387 2777 ι
439 2728 533 2780 καὶ
567 2728 734 2781 πάλιν
762 2743 773 2756 ·
817 2746 837 2778 ι
887 2728 1074 2791 Οὐδεὶς
1119 2728 1335 2798 ἔρχεται
1365 2728 1499 2797 πρὸς
1526 2728 1615 2780 τὸν
1643 2729 1751 2780 Πα-

195 2816 326 2886 τέρα,
356 2820 402 2870 εἰ
438 2818 511 2889 μὴ
554 2820 626 2872 δι’
671 2820 825 2889 ἐμοῦ,
868 2840 886 2871 ›
922 2819 1062 2873 τοῦτ’
1114 2820 1227 2873 ἔστι
1301 2820 1387 2873 διὰ
1418 2820 1516 2891 τῆς
1547 2822 1626 2883 εἰς
1654 2818 1751 2891 τὴν

198 2906 318 2977 ἐμὴν
359 2910 773 2981 ὲνανθρὼπησιν
813 2912 1046 2973 πίστεως
1082 2911 1301 2981 βαδίσῃ’
1337 2911 1404 2963 δι’
1446 2911 1613 2982 αὐτὴν
1646 2911 1748 2982 ἔφη

198 2996 279 3045 καί
316 2997 393 3060 τὸ,
429 3016 448 3049 ι
500 2999 712 3071 Κύριος
787 3001 966 3053 ἓκτισέ
1010 3018 1077 3070 με
1108 3001 1278 3071 ἀρχὴν
1321 3000 1454 3053 ὁδῶν
1486 3001 1670 3054 αὑτοῦ.
1725 3022 1744 3054 ι

208 3083 410 3155 Ἐτέχθη
440 3088 546 3161 γὰρ
568 3130 583 3154 ,
621 3092 686 3143 ἐκ
730 3092 826 3160 μὲν
866 3092 965 3162 τῆς
1013 3092 1359 3154 ὑποστάσεως
1388 3091 1480 3144 τοῦ
1514 3092 1748 3163 Πατρὸς,

199 3175 446 3247 ἀνάρχως,
477 3181 774 3250 ἀφράστως
795 3198 808 3211 ·
839 3184 902 3234 ὲκ
928 3183 983 3235 δὲ
1021 3183 1121 3251 τῆς
1153 3182 1415 3253 ἀμιάντου
1450 3181 1746 3254 Παρθένου,

199 3265 265 3333 τῷ
291 3269 375 3337 μὲν
401 3273 707 3340 προειδέναι
730 3274 907 3326 πάντα
937 3274 1011 3337 ὡς
1039 3275 1188 3341 Θεὸς,
1216 3276 1311 3327 καὶ
1346 3274 1423 3345 τῷ
1464 3276 1749 3347 προορίσαι

200 3354 286 3424 τὴν
322 3361 645 3431 οἴκονομίαν,
681 3364 785 3433 πρὸ
824 3364 916 3416 τοῦ
952 3364 1143 3427 αἰῶνος
1199 3363 1384 3435 (καθά
1410 3364 1750 3417 ἐπιστέλλου-

204 3462 294 3509 σιν,
350 3451 552 3516 Παῦλος
606 3454 704 3523 μὲν
749 3454 1180 3509 Κολοσσαεῦσιν·
1242 3473 1262 3506 ‹
1328 3454 1401 3508 Τὸ
1457 3458 1742 3527 μυστήριον

1908 3452 2047 3507 iuius
2090 3453 2303 3522 quidem
2359 3450 2773 3507 Colossensibos
2817 3470 2828 3504 :

203 3537 355 3603 τοῦτο,
392 3542 450 3595 τὸ
487 3545 981 3615 ἀποκεκρυμμένον
1013 3546 1115 3615 πρὸ
1143 3544 1249 3598 τῶν
1280 3538 1612 3600 αἰώνωνκαὶ
1641 3548 1747 3600 ἀπὸ

204 3628 294 3681 τῶν
335 3634 559 3701 γενεῶν,
599 3636 696 3689 νῦν
740 3636 1057 3708 ἐφανερώθη
1108 3640 1218 3699 τοῖς
1266 3636 1441 3705 ἁγίοις
1482 3637 1677 3690 αὐτοῦ’
1723 3658 1741 3690 ι

207 3720 384 3791 Πέτρος
403 3726 457 3778 δὲ
485 3730 541 3780 ὲν
567 3731 637 3799 τῇ
668 3728 858 3799 πρώτῃ
900 3729 1180 3799 Ἐπιστολῇ
1215 3732 1341 3796 περὶ
1368 3728 1461 3781 τοῦ
1488 3730 1744 3800 Χριστοῦ*

211 3829 227 3859 ι
261 3813 697 3890 Προεγνωσμένου
727 3821 825 3892 μὲν
858 3822 962 3893 πρὸ
995 3821 1297 3890 καταϐολῆς
1330 3822 1557 3891 κόσμου,
1591 3838 1750 3889 φανε-

212 3904 438 3972 ρωθέντος
485 3911 541 3963 δὲ
594 3913 682 3964 ἐπ’
741 3914 982 3982 ἐσχάτων
1035 3914 1141 3967 τῶν
1188 3913 1392 3983 χρόνων
1420 3912 1511 3981 ι),
1565 3911 1642 3981 τῷ
1691 3911 1748 3965 δὲ

209 3997 493 4067 πράγματι,
530 4006 623 4058 ὅτε
661 4006 928 4073 ὲπέφανεν
984 4006 1043 4069 ἐξ
1088 4005 1253 4074 ὕψους
1299 4006 1410 4066 τοῖς
1467 4004 1524 4057 ὲν
1570 4004 1746 4057 σκότει

213 4088 289 4139 καὶ
319 4095 432 4162 σκιᾷ
470 4094 699 4149 θανάτου
742 4097 869 4150 ποτε
912 4097 1279 4150 καθεσθεῖσιν·
1336 4098 1423 4149 ὅτε
1467 4096 1611 4160 λίθος
1645 4106 1748 4149 πα-

214 4178 476 4248 ραϐολικῶς
514 4188 841 4258 ὠνομάσθη·
884 4189 971 4240 ὅτε
1019 4189 1233 4256 ἐγένετο
1284 4189 1425 4260 ἁρχὴ
1473 4188 1605 4241 ὁδῶν
1652 4188 1747 4241 κα)⁸

214 4266 425 4338 θεμέλιος
463 4281 656 4349 ἠμῶνο
689 4275 837 4348 ᾧτινι
882 4282 1114 4351 θεμελίῳ
1153 4283 1245 4335 καὶ⁴
1284 4282 1413 4352 λίθῳ
1448 4284 1747 4353 ἐπιμαρτυ-

216 4362 369 4427 ροῦσιν
402 4368 590 4437 οὕτως,
646 4373 854 4436 Παῦλος
902 4376 999 4444 μὲν
1054 4375 1277 4443 γράφων
1326 4373 1632 4443 Κορινθίοις
1685 4373 1745 4424 τὸ

216 4451 427 4517 πρῶτον·
463 4478 480 4510 ι
518 4462 782 4532 Θεμέλιον
808 4464 912 4534 γὰρ
936 4463 1111 4526 οὐδεὶς
1152 4462 1373 4516 δύναται
1398 4463 1565 4515 θεῖναι
1598 4466 1745 4533 παρά

216 4540 289 4591 τὸν
319 4548 569 4618 κείμενον,
603 4556 661 4617 ὃς
692 4558 836 4608 ἐστιν
877 4556 1081 4626 Ἰησοῦς
1108 4555 1361 4627 Χριστός.
1400 4574 1418 4606 ³
1462 4555 1658 4624 Ἀρχὴν
1687 4552 1743 4605 δὲ

216 4630 292 4682 τοῦ
338 4641 601 4697 καλεῖσθαι
639 4645 869 4715 Χριστὸς
920 4644 1124 4716 Ἰησοῦς
1184 4646 1242 4697 ὲν
1279 4648 1344 4715 τῇ
1393 4643 1743 4714 ὲνανθρωπήη

222 4736 287 4773 σει
309 4726 495 4788 ἔλαϐεν.
521 4738 681 4791 Ὅθεν
708 4741 764 4791 ἐν
786 4739 863 4808 τῷ
882 4740 1062 4810 Λουκᾷ
1086 4742 1113 4792 ὁ
1139 4739 1365 4807 ἄγγελος
1390 4741 1487 4810 τὴν
1510 4738 1637 4810 [160
1686 4736 1737 4809 bl

219 4811 470 4884 ὀνομασίαν
508 4831 668 4883 αὑτοῦ
707 4830 780 4894 ὡς
814 4833 901 4884 ἐπὶ
954 4832 1234 4901 μέλλουσιν
1270 4835 1532 4895 ποιεῖται,
1566 4830 1739 4899 λέγων

222 4906 274 4973 τῇ
300 4909 561 4990 Παρθένῳ·
601 4941 619 4973 ι
666 4922 842 4989 Ἕξεις
886 4924 1019 4986 υἱὸν,
1052 4924 1145 4977 καὶ
1183 4922 1437 4987 καλέσεις
1480 4922 1539 4975 τὸ
1578 4922 1747 4991 ὄνομα

218 4996 355 5052 αὑτοῦ
385 5006 595 5078 Ἰησοῦν.
629 5008 795 5077 Οὗτος
820 5015 969 5068 ἔσται
998 5016 1191 5085 μέγας,
1215 5014 1307 5068 καὶ
1333 5014 1458 5076 Υἱὸς
1489 5013 1741 5082 Ὑψίστου

224 5085 539 5164 κληθήσεται·
580 5124 599 5158 ι
632 5108 726 5159 καὶ
757 5108 872 5179 μεθ’
907 5108 1069 5178 ἕτερα
1091 5125 1103 5137 ο
1149 5127 1165 5159 ι
1206 5108 1296 5160 Διὸ
1328 5108 1421 5160 καὶ
1457 5106 1516 5159 τὸ
1542 5104 1740 5175 γεννώ-

287 5268 348 5355 (7)
376 5274 433 5327 At
454 5279 733 5339 Ιιωινειὶεοε.
765 5286 888 5341 Ilaec
915 5286 1163 5342 divinans
1207 5286 1407 5355 potius,
1440 5298 1607 5355 quam,
1645 5284 1728 5338 in-

230 5339 486 5423 [εξτυςεξιβηε
507 5355 692 5423 scripsi
723 5375 735 5410 :
766 5339 904 5411 adeo
923 5339 1195 5413 obscurus
1209 5339 1298 5411 est
1324 5339 1551 5412 io‘éué‘m
1582 5354 1731 5411 Grai-

228 5410 496 5482 c"'..‘Q“ltltt-a
526 5410 650 5477 vero
686 5410 891 5481 omissa
912 5410 1081 5482 fuisse
1119 5410 1414 5482 arbitrora
1445 5426 1691 5481 librario.

372 5475 574 5564 gaulus.
940 5475 1078 5551 τιῖἑῐ
1103 5475 1514 5564 ἢᾟῖ
1524 5475 1731 5564 ἰλ-λθ.

304 5543 473 5632 ξημΕρο
510 5543 986 5632 nutanti-1,1:
998 5543 1051 5621 6v.

312 5615 379 5707 μέγ
408 5610 1082 5707 ῥοηὶὶῖεᾶἑζ”ξ>ὲιῖιῖ’ἰιὲἰῖ,”ἱ.

290 5681 385 5787 illi
412 5681 663 5787 ﬁesﬁes}
686 5681 845 5787 Ᾰςῖεῖίιῖ
862 5681 990 5775 Ἑῧέ
1017 5681 1069 5764 ‘5?

291 5752 386 5827 (ΓΞ)
423 5752 839 5831 Ᾱγευιοί-Πή-άεῖίίί

1936 2176 2147 2229 Rursus
2180 2190 2309 2246 ergo
2341 2175 2733 2232 Incarnationis
2770 2176 2887 2244 ejus
2936 2176 3143 2229 initium
3176 2189 3426 2243 praenun-

1865 2267 1980 2333 tiat,
2033 2284 2137 2321 non
2193 2283 2321 2321 vero
2379 2279 2624 2321 naturam
2679 2276 2893 2321 aeternae
2951 2267 3119 2334 ipsius
3185 2266 3420 2323 deitatis.

1859 2358 1994 2412 Nam
2027 2374 2147 2412 cum
2189 2359 2329 2411 viam
2362 2358 2606 2413 homines
2641 2359 2969 2424 amisissent,
3019 2372 3137 2427 quae
3166 2357 3315 2411 ducit
3354 2359 3423 2416 ad

1862 2446 2051 2511 Deum,
2085 2446 2197 2514 ipse
2228 2447 2387 2500 nobis
2430 2446 2483 2499 in
2518 2445 2889 2501 Incarnatione
2914 2446 3087 2501 factus
3111 2455 3193 2501 est
3219 2448 3302 2501 via
3334 2461 3425 2501 no-

1860 2552 1921 2588 va
1986 2552 2047 2590 ac
2085 2538 2203 2589 viva
2236 2553 2248 2588 :
2281 2544 2335 2589 et
2380 2536 2520 2589 sicut
2549 2545 2765 2605 propter
2806 2535 3230 2590 Incarnationem
3260 2536 3418 2601 dixit,

1865 2646 1883 2679 ι
1920 2628 2028 2697 Ego
2073 2644 2189 2683 sum
2240 2627 2348 2697 (ll)
2376 2628 2490 2693 via;
2530 2648 2550 2680 ι
2593 2637 2647 2682 ει
2681 2643 2887 2691 rursus,
2926 2646 2945 2679 ‹
2979 2627 3146 2682 Nemo
3178 2627 3285 2699 (I2)
3317 2644 3407 2683 ve-

1858 2722 1936 2774 nit
1962 2721 2026 2774 ad
2066 2720 2301 2786 Patrem,
2334 2720 2433 2773 nisi
2462 2736 2555 2785 per
2582 2734 2686 2784 me,
2730 2741 2748 2771 »
2782 2721 2834 2774 id
2869 2727 2970 2785 est,
3008 2721 3112 2775 nisi
3142 2735 3239 2790 per
3258 2720 3418 2775 ﬁdem

1860 2812 1913 2867 in
1947 2827 2119 2865 meam
2167 2811 2615 2877 Incarnationem,
2646 2811 2805 2865 vadat
2851 2830 2864 2865 :
2927 2812 3000 2864 ita
3049 2811 3117 2864 ob
3175 2811 3418 2864 eamdem

1857 2905 1991 2959 dixit
2017 2905 2176 2958 etiam
2206 2917 2221 2956 :
2264 2921 2283 2953 ι
2324 2903 2582 2957 Dominus
2604 2903 2809 2956 creavit
2842 2916 2926 2955 me
2964 2900 3177 2954 initium
3210 2900 3419 2954 viarum

1856 3011 2096 3051 suarum.
2134 3013 2153 3046 ι
2191 2993 2418 3047 Genitus
2451 2995 2592 3048 enim
2637 2994 2735 3047 fuit
2761 3009 2826 3047 ex
2876 2993 3153 3065 hypostasi
3202 2992 3415 3062 quidem

1856 3085 2048 3152 Patris,
2080 3087 2147 3139 ab
2188 3094 2408 3150 artemo,
2444 3085 2826 3149 ineli‘abiliter;
2880 3099 2943 3137 ex
2978 3084 3301 3138 intemerata
3330 3097 3420 3138 au-

1856 3188 1965 3233 tem
1995 3176 2239 3247 Virgine,
2270 3186 2538 3247 quatenus
2567 3177 2783 3247 quidem
2825 3177 3004 3231 omnia
3038 3176 3309 3247 praescivit
3332 3185 3422 3230 ut-

1855 3283 1982 3342 pote
2033 3273 2192 3336 Deus,
2226 3280 2278 3326 et
2331 3279 2596 3339 quatenus
2643 3270 3041 3341 praedestinavit
3087 3267 3418 3323 Incarnatio-

1855 3380 1999 3427 nem,
2056 3372 2181 3419 ante
2237 3364 2490 3418 saeculum
2551 3362 2765 3433 genitus
2811 3360 2914 3415 fuit
2966 3360 3131 3432 (sicut
3178 3361 3423 3415 scribunt

2886 3468 2903 3501 ι
2942 3450 3253 3520 Mysterium
3303 3448 3349 3519 (l
3363 3448 3418 3519 '5)

1853 3547 1956 3600 hoc
1995 3544 2366 3598 absconditum
2398 3553 2523 3597 ante
2556 3542 2771 3606 saecula,
2808 3552 2862 3596 et
2887 3556 2917 3594 a
2954 3540 3415 3612 generationibus,

1849 3653 1992 3692 nunc
2022 3636 2428 3690 manifestatum
2459 3643 2541 3690 est
2568 3634 2776 3689 sanctis
2812 3633 2963 3702 ejus;
3006 3651 3025 3684 ι
3069 3631 3261 3687 Petrus
3290 3646 3418 3685 vero

1849 3729 1903 3783 in
1972 3729 2142 3796 prima
2198 3725 2452 3796 Epistola,
2506 3726 2569 3780 de
2627 3723 2844 3777 Christo
2898 3723 3194 3792 inquiens:
3254 3741 3273 3774 ι
3317 3720 3420 3787 Qui

1848 3819 2207 3891 praecognitus
2253 3818 2366 3889 (l4)
2401 3817 2612 3887 quidem
2640 3824 2723 3871 est
2761 3824 2887 3870 ante
2924 3815 3106 3869 mundi
3145 3816 3416 3870 constitu-

1851 3913 2076 3978 tionem,
2114 3911 2492 3965 manifestatus
2538 3918 2715 3962 autem
2750 3909 2803 3961 in
2842 3906 3150 3962 novissimis
3211 3916 3415 3975 tempo-

1850 4004 2018 4074 ribus)
2076 4022 2090 4057 :
2132 4003 2225 4058 sed
2290 4018 2348 4055 rc
2398 4002 2508 4072 ipsa
2548 4002 2757 4070 genitus
2814 3999 2933 4065 fuit,
2987 3999 3200 4069 quando
3250 4013 3417 4067 appa-

1848 4098 1973 4161 ruit,
2011 4112 2072 4151 ac
2098 4095 2273 4150 illuxit
2298 4110 2362 4149 ex
2400 4094 2508 4148 alto
2570 4092 2679 4161 (15)
2742 4092 2843 4156 iis,
2912 4092 3000 4160 qui
3077 4091 3129 4145 in
3181 4090 3419 4144 tenebris

1846 4198 1900 4242 et
1923 4190 1973 4247 in
2004 4189 2188 4243 umbra
2215 4190 2403 4243 mortis
2426 4188 2630 4256 pridem
2658 4186 2951 4251 sedebant;
2982 4205 3000 4237 ι
3030 4182 3241 4254 quando
3256 4181 3413 4254 34],

1849 4280 1958 4350 (l6)
1995 4279 2126 4347 lapis
2180 4277 2487 4347 parabolice
2507 4278 2814 4333 nominatus
2842 4286 2961 4341 est;
2992 4277 3208 4345 quando
3241 4274 3419 4327 factus

1848 4384 1931 4427 est
1964 4374 2176 4425 initium
2205 4373 2439 4435 viarum,
2468 4380 2521 4425 et
2576 4372 2982 4425 fundamentum
3008 4378 3251 4423 nostrum
3284 4381 3299 4419 :
3328 4365 3417 4420 cui

1846 4466 2213 4527 fundamento,
2251 4480 2313 4518 ac
2353 4464 2513 4533 lapidi
2568 4463 2934 4531 testimonium
2998 4462 3068 4515 ita
3131 4460 3421 4528 perhibent

1849 4558 2160 4625 Scriptum.
2194 4556 2393 4610 Paulus
2422 4556 2635 4624 quidem
2686 4556 2739 4608 in
2788 4555 2957 4623 prima
3015 4553 3080 4604 ad
3109 4552 3418 4605 Corinthios

1846 4648 2081 4717 Epistola
2137 4647 2326 4702 scribit
2362 4663 2376 4699 :
2412 4666 2430 4697 ‹
2462 4645 2889 4699 Fundamentum
2933 4644 3045 4715 (17)
3076 4644 3219 4697 enim
3256 4658 3416 4697 nemo

1844 4748 2021 4807 potest
2052 4753 2270 4807 ponere,
2296 4748 2494 4808 przeter
2553 4740 2604 4793 id
2643 4739 2785 4807 quod
2822 4738 3054 4808 positum
3094 4734 3309 4803 est,qui
3335 4743 3419 4789 est

1843 4828 1999 4882 Jesus
2014 4828 2279 4882 Christus.
2311 4847 2329 4878 ι
2351 4829 2563 4883 Initium
2587 4838 2768 4883 autem
2794 4826 3213 4894 nuncupationis
3236 4824 3413 4893 hujus,

1844 4921 1968 4989 quia
1997 4919 2193 4973 dicitur
2219 4919 2468 4977 Christus
2508 4922 2685 4986 Iesus,
2744 4921 2797 4975 in
2853 4920 3229 4974 lncarnatione
3259 4932 3413 4971 accc-

1846 5012 1945 5083 pit.
1977 5010 2178 5066 Idcirco
2201 5014 2422 5083 angelus
2460 5013 2954 5069 denominationem
2994 5010 3112 5081 ejus
3149 5018 3405 5078 tanquam

1848 5106 2080 5159 futuram
2133 5106 2379 5158 enuntiat
2429 5106 2569 5176 apud
2621 5104 2819 5160 Lucam
2862 5103 3112 5174 inquiens
3170 5100 3409 5171 Virgini:

1912 5300 2045 5373 (lii)
2078 5300 2406 5371 Myaterium.
2448 5303 2653 5357 Coloss.
2720 5320 2758 5368 ι,
2798 5302 2888 5358 26.
2934 5301 3068 5356 Vide
3120 5316 3241 5373 pag.
3288 5301 3412 5366 I97,

1843 5371 2166 5512 noillsllbui
2194 5445 2560 5512 prwcognitus.
2595 5442 2610 5495 Ι
2649 5442 2792 5497 Petr.
2825 5458 2862 5503 t,
2887 5443 2976 5496 20.

1918 5510 2025 5581 (I5)
2062 5510 2246 5581 illuxit
2276 5529 2339 5564 ea:
2369 5510 2503 5567 olla.
2536 5513 2665 5568 Luc.
2712 5530 2750 5577 ι,
2789 5512 2855 5566 78
2884 5523 2938 5566 et
2965 5513 3051 5568 79.

1922 5578 2032 5717 (I6;
2058 5578 2232 5649 Lapis.
2269 5583 2388 5637 Act.
2428 5600 2499 5647 tv,
2540 5586 2623 5637 Il.

1922 5652 2008 5717 (l7
2070 5649 2525 5710 Fundamentum.
2560 5655 2575 5708 I
2612 5655 2734 5710 Cor.
2769 5669 2850 5717 III,
2884 5652 2969 5706 ll.
3018 5651 3151 5706 Vide
3181 5659 3293 5705 not.
3322 5651 3350 5707 5

1921 5649 2525 5776 (Πέ-Ιεήηάανηεηιιιηι.
2560 5655 2575 5708 I
2612 5655 2734 5710 Cor.
2769 5669 2850 5721 III,
2884 5652 2969 5706 ll.
3018 5651 3151 5706 Vide
3181 5659 3293 5705 not.
3322 5650 3411 5718 56,

1846 5738 1964 5794 pag.
2036 5740 2084 5776 ο.
