  <div class='ocr_page' id='page_1' title='image "/cluster/home/n/w/nwhite01/storage/ocr_20150623/39/hvd.32044019207778/417.png"; bbox 0 0 3740 6306; ppageno 0'>
   <div class='ocr_carea' id='block_1_1' title="bbox 310 340 416 399">
    <p class='ocr_par' dir='ltr' id='par_1_1' title="bbox 310 340 416 399">
     <span class='ocr_line' id='line_1_1' title="bbox 310 340 416 399; baseline 0.057 -7"><span class='ocrx_word' id='word_1_1' title='bbox 310 340 416 399; x_wconf 79' lang='grc'><strong>319</strong></span> 
     </span>
    </p>
   </div>
   <div class='ocr_carea' id='block_1_2' title="bbox 1559 350 2292 406">
    <p class='ocr_par' dir='ltr' id='par_1_2' title="bbox 1559 350 2292 406">
     <span class='ocr_line' id='line_1_2' title="bbox 1559 350 2292 406; baseline 0.003 -3"><span class='ocrx_word' id='word_1_2' title='bbox 1559 350 1624 404; x_wconf 80' lang='lat' dir='ltr'><strong>D1</strong></span> <span class='ocrx_word' id='word_1_3' title='bbox 1633 351 1790 405; x_wconf 80' lang='lat' dir='ltr'><strong>DYMI</strong></span> <span class='ocrx_word' id='word_1_4' title='bbox 1828 351 2292 406; x_wconf 72' lang='lat' dir='ltr'><strong>ALEXANDRINI</strong></span> 
     </span>
    </p>
   </div>
   <div class='ocr_carea' id='block_1_3' title="bbox 3418 346 3522 400">
    <p class='ocr_par' dir='ltr' id='par_1_3' title="bbox 3418 346 3522 400">
     <span class='ocr_line' id='line_1_3' title="bbox 3418 346 3522 400; baseline 0.01 -1"><span class='ocrx_word' id='word_1_5' title='bbox 3418 346 3522 400; x_wconf 76' lang='lat'><strong>8&#39;20</strong></span> 
     </span>
    </p>
   </div>
   <div class='ocr_carea' id='block_1_4' title="bbox 313 459 1849 541">
    <p class='ocr_par' dir='ltr' id='par_1_4' title="bbox 313 459 1849 533">
     <span class='ocr_line' id='line_1_4' title="bbox 313 459 1849 533; baseline 0.007 -22"><span class='ocrx_word' id='word_1_6' title='bbox 313 478 332 511; x_wconf 74' lang='grc' dir='ltr'><strong>ι</strong></span> <span class='ocrx_word' id='word_1_7' title='bbox 373 460 602 514; x_wconf 75' lang='lat' dir='ltr'><strong>Habebis</strong></span> <span class='ocrx_word' id='word_1_8' title='bbox 625 459 788 513; x_wconf 91' lang='lat' dir='ltr'><strong>filium</strong></span> <span class='ocrx_word' id='word_1_9' title='bbox 809 460 937 531; x_wconf 89' lang='lat' dir='ltr'><strong>(l8),</strong></span> <span class='ocrx_word' id='word_1_10' title='bbox 957 471 1011 515; x_wconf 86' lang='lat' dir='ltr'><strong>et</strong></span> <span class='ocrx_word' id='word_1_11' title='bbox 1034 462 1253 517; x_wconf 85' lang='lat' dir='ltr'><strong>vocabis</strong></span> <span class='ocrx_word' id='word_1_12' title='bbox 1284 478 1476 519; x_wconf 84' lang='lat' dir='ltr'><strong>nomen</strong></span> <span class='ocrx_word' id='word_1_13' title='bbox 1506 464 1619 533; x_wconf 80' lang='lat' dir='ltr'><strong>eius</strong></span> <span class='ocrx_word' id='word_1_14' title='bbox 1648 467 1849 522; x_wconf 85' lang='lat' dir='ltr'><strong>Jcsum.</strong></span> 
     </span>
    </p>
   </div>
   <div class='ocr_carea' id='block_1_5' title="bbox 1970 459 3518 541">
    <p class='ocr_par' dir='ltr' id='par_1_5' title="bbox 1970 464 3518 541">
     <span class='ocr_line' id='line_1_5' title="bbox 1970 464 3518 541; baseline -0.002 -20"><span class='ocrx_word' id='word_1_15' title='bbox 1970 487 2120 540; x_wconf 85' lang='grc' dir='ltr'>μενον</span> <span class='ocrx_word' id='word_1_16' title='bbox 2175 471 2345 537; x_wconf 79' lang='grc' dir='ltr'>ἅγιον,</span> <span class='ocrx_word' id='word_1_17' title='bbox 2396 469 2719 541; x_wconf 83' lang='grc' dir='ltr'>κληθήσεται</span> <span class='ocrx_word' id='word_1_18' title='bbox 2765 466 2888 529; x_wconf 84' lang='grc' dir='ltr'>Υἱὸς</span> <span class='ocrx_word' id='word_1_19' title='bbox 2942 464 3094 518; x_wconf 69' lang='grc' dir='ltr'>Θεοῦ.</span> <span class='ocrx_word' id='word_1_20' title='bbox 3143 483 3161 516; x_wconf 74' lang='grc' dir='ltr'><strong>ι</strong></span> <span class='ocrx_word' id='word_1_21' title='bbox 3206 464 3416 535; x_wconf 85' lang='grc' dir='ltr'>Πέτρος</span> <span class='ocrx_word' id='word_1_22' title='bbox 3462 466 3518 518; x_wconf 81' lang='grc' dir='ltr'><strong>δὲ</strong></span> 
     </span>
    </p>
   </div>
   <div class='ocr_carea' id='block_1_6' title="bbox 309 552 1854 621">
    <p class='ocr_par' dir='ltr' id='par_1_6' title="bbox 309 552 1854 621">
     <span class='ocr_line' id='line_1_6' title="bbox 309 552 1854 621; baseline 0.005 -18"><span class='ocrx_word' id='word_1_23' title='bbox 309 552 409 605; x_wconf 87' lang='lat' dir='ltr'><strong>ilic</strong></span> <span class='ocrx_word' id='word_1_24' title='bbox 444 552 549 605; x_wconf 88' lang='lat' dir='ltr'><strong>erit</strong></span> <span class='ocrx_word' id='word_1_25' title='bbox 583 566 828 621; x_wconf 78' lang='lat' dir='ltr'><strong>magnus,</strong></span> <span class='ocrx_word' id='word_1_26' title='bbox 883 562 937 606; x_wconf 91' lang='lat' dir='ltr'><strong>et</strong></span> <span class='ocrx_word' id='word_1_27' title='bbox 976 553 1144 608; x_wconf 85' lang='lat' dir='ltr'><strong>Filius</strong></span> <span class='ocrx_word' id='word_1_28' title='bbox 1191 554 1454 609; x_wconf 86' lang='lat' dir='ltr'><strong>Altissimi</strong></span> <span class='ocrx_word' id='word_1_29' title='bbox 1508 558 1805 614; x_wconf 85' lang='lat' dir='ltr'><strong>vocabitur.</strong></span> <span class='ocrx_word' id='word_1_30' title='bbox 1837 579 1854 610; x_wconf 73' lang='grc' dir='ltr'><strong>ι</strong></span> 
     </span>
    </p>
   </div>
   <div class='ocr_carea' id='block_1_7' title="bbox 312 642 1860 719">
    <p class='ocr_par' dir='ltr' id='par_1_7' title="bbox 312 642 1860 719">
     <span class='ocr_line' id='line_1_7' title="bbox 312 642 1860 719; baseline 0.008 -26"><span class='ocrx_word' id='word_1_31' title='bbox 312 642 376 693; x_wconf 77' lang='lat' dir='ltr'><strong>Et</strong></span> <span class='ocrx_word' id='word_1_32' title='bbox 428 651 551 711; x_wconf 91' lang='lat' dir='ltr'><strong>post</strong></span> <span class='ocrx_word' id='word_1_33' title='bbox 600 642 703 695; x_wconf 86' lang='lat' dir='ltr'><strong>alia</strong></span> <span class='ocrx_word' id='word_1_34' title='bbox 740 662 753 697; x_wconf 89' lang='lat'><strong>:</strong></span> <span class='ocrx_word' id='word_1_35' title='bbox 820 662 838 695; x_wconf 90' lang='grc'>‹</span> <span class='ocrx_word' id='word_1_36' title='bbox 870 643 993 697; x_wconf 90' lang='lat' dir='ltr'><strong>ldeo</strong></span> <span class='ocrx_word' id='word_1_37' title='bbox 1040 645 1148 715; x_wconf 88' lang='lat' dir='ltr'><strong>(l9)</strong></span> <span class='ocrx_word' id='word_1_38' title='bbox 1202 656 1256 699; x_wconf 91' lang='lat' dir='ltr'><strong>et</strong></span> <span class='ocrx_word' id='word_1_39' title='bbox 1287 648 1427 715; x_wconf 90' lang='lat' dir='ltr'><strong>quod</strong></span> <span class='ocrx_word' id='word_1_40' title='bbox 1460 660 1715 703; x_wconf 75' lang='lat' dir='ltr'><strong>nascetur</strong></span> <span class='ocrx_word' id='word_1_41' title='bbox 1749 652 1860 719; x_wconf 86' lang='grc'>(20)</span> 
     </span>
    </p>
   </div>
   <div class='ocr_carea' id='block_1_8' title="bbox 310 734 1860 811">
    <p class='ocr_par' dir='ltr' id='par_1_8' title="bbox 310 734 1860 811">
     <span class='ocr_line' id='line_1_8' title="bbox 310 734 1860 811; baseline 0.006 -27"><span class='ocrx_word' id='word_1_42' title='bbox 310 743 577 797; x_wconf 84' lang='lat' dir='ltr'><strong>sanctum,</strong></span> <span class='ocrx_word' id='word_1_43' title='bbox 618 734 898 789; x_wconf 79' lang='lat' dir='ltr'><strong>vocabitur</strong></span> <span class='ocrx_word' id='word_1_44' title='bbox 926 734 1091 789; x_wconf 84' lang='lat' dir='ltr'><strong>Filius</strong></span> <span class='ocrx_word' id='word_1_45' title='bbox 1132 736 1242 790; x_wconf 89' lang='lat' dir='ltr'><strong>Dei.</strong></span> <span class='ocrx_word' id='word_1_46' title='bbox 1272 756 1290 787; x_wconf 75' lang='grc' dir='ltr'><strong>ι</strong></span> <span class='ocrx_word' id='word_1_47' title='bbox 1322 737 1512 791; x_wconf 82' lang='lat' dir='ltr'><strong>Petrus</strong></span> <span class='ocrx_word' id='word_1_48' title='bbox 1535 750 1709 792; x_wconf 89' lang='lat' dir='ltr'><strong>autem</strong></span> <span class='ocrx_word' id='word_1_49' title='bbox 1729 739 1860 811; x_wconf 86' lang='grc'>(21),</span> 
     </span>
    </p>
   </div>
   <div class='ocr_carea' id='block_1_9' title="bbox 309 823 1861 899">
    <p class='ocr_par' dir='ltr' id='par_1_9' title="bbox 309 823 1861 899">
     <span class='ocr_line' id='line_1_9' title="bbox 309 823 1861 899; baseline 0.006 -23"><span class='ocrx_word' id='word_1_50' title='bbox 309 835 359 877; x_wconf 88' lang='grc' dir='ltr'><strong>ει</strong></span> <span class='ocrx_word' id='word_1_51' title='bbox 394 823 589 878; x_wconf 80' lang='lat' dir='ltr'><strong>Paulus</strong></span> <span class='ocrx_word' id='word_1_52' title='bbox 633 826 698 879; x_wconf 90' lang='lat' dir='ltr'><strong>ad</strong></span> <span class='ocrx_word' id='word_1_53' title='bbox 756 825 1025 881; x_wconf 83' lang='lat' dir='ltr'><strong>Romanos</strong></span> <span class='ocrx_word' id='word_1_54' title='bbox 1081 828 1361 882; x_wconf 88' lang='lat' dir='ltr'><strong>scribunt:</strong></span> <span class='ocrx_word' id='word_1_55' title='bbox 1413 848 1431 880; x_wconf 86' lang='grc'>‹</span> <span class='ocrx_word' id='word_1_56' title='bbox 1475 829 1613 883; x_wconf 87' lang='lat' dir='ltr'><strong>Ecce</strong></span> <span class='ocrx_word' id='word_1_57' title='bbox 1641 845 1778 899; x_wconf 93' lang='lat' dir='ltr'><strong>pono</strong></span> <span class='ocrx_word' id='word_1_58' title='bbox 1810 831 1861 885; x_wconf 90' lang='lat' dir='ltr'><strong>in</strong></span> 
     </span>
    </p>
   </div>
   <div class='ocr_carea' id='block_1_10' title="bbox 310 914 1863 989">
    <p class='ocr_par' dir='ltr' id='par_1_10' title="bbox 310 914 1863 989">
     <span class='ocr_line' id='line_1_10' title="bbox 310 914 1863 989; baseline 0.003 -21"><span class='ocrx_word' id='word_1_59' title='bbox 310 914 440 969; x_wconf 88' lang='lat' dir='ltr'><strong>Sion</strong></span> <span class='ocrx_word' id='word_1_60' title='bbox 470 916 694 983; x_wconf 87' lang='lat' dir='ltr'><strong>lapidem</strong></span> <span class='ocrx_word' id='word_1_61' title='bbox 723 916 1032 973; x_wconf 76' lang='lat' dir='ltr'><strong>olfeusionis</strong></span> <span class='ocrx_word' id='word_1_62' title='bbox 1065 918 1199 989; x_wconf 83' lang='grc'>(22),</span> <span class='ocrx_word' id='word_1_63' title='bbox 1222 928 1277 973; x_wconf 83' lang='grc' dir='ltr'><strong>ει</strong></span> <span class='ocrx_word' id='word_1_64' title='bbox 1302 931 1504 989; x_wconf 85' lang='lat' dir='ltr'><strong>petram</strong></span> <span class='ocrx_word' id='word_1_65' title='bbox 1535 922 1791 986; x_wconf 82' lang='lat' dir='ltr'><strong>scandali,</strong></span> <span class='ocrx_word' id='word_1_66' title='bbox 1810 930 1863 974; x_wconf 89' lang='lat' dir='ltr'><strong>et</strong></span> 
     </span>
    </p>
   </div>
   <div class='ocr_carea' id='block_1_11' title="bbox 310 1006 1861 1075">
    <p class='ocr_par' dir='ltr' id='par_1_11' title="bbox 310 1006 1861 1075">
     <span class='ocr_line' id='line_1_11' title="bbox 310 1006 1861 1075; baseline 0.004 -17"><span class='ocrx_word' id='word_1_67' title='bbox 310 1006 509 1071; x_wconf 88' lang='lat' dir='ltr'><strong>omnis,</strong></span> <span class='ocrx_word' id='word_1_68' title='bbox 538 1007 628 1075; x_wconf 89' lang='lat' dir='ltr'><strong>qui</strong></span> <span class='ocrx_word' id='word_1_69' title='bbox 659 1008 829 1061; x_wconf 82' lang='lat' dir='ltr'><strong>credit</strong></span> <span class='ocrx_word' id='word_1_70' title='bbox 860 1010 910 1062; x_wconf 94' lang='lat' dir='ltr'><strong>iu</strong></span> <span class='ocrx_word' id='word_1_71' title='bbox 934 1024 1074 1071; x_wconf 88' lang='lat' dir='ltr'><strong>eum,</strong></span> <span class='ocrx_word' id='word_1_72' title='bbox 1120 1026 1223 1062; x_wconf 91' lang='lat' dir='ltr'><strong>nou</strong></span> <span class='ocrx_word' id='word_1_73' title='bbox 1274 1011 1645 1065; x_wconf 88' lang='lat' dir='ltr'><strong>confundetur.</strong></span> <span class='ocrx_word' id='word_1_74' title='bbox 1678 1030 1696 1062; x_wconf 74' lang='grc' dir='ltr'><strong>ι</strong></span> <span class='ocrx_word' id='word_1_75' title='bbox 1731 1014 1861 1064; x_wconf 87' lang='lat' dir='ltr'><strong>Acta</strong></span> 
     </span>
    </p>
   </div>
   <div class='ocr_carea' id='block_1_12' title="bbox 310 1098 1862 1171">
    <p class='ocr_par' dir='ltr' id='par_1_12' title="bbox 310 1098 1862 1171">
     <span class='ocr_line' id='line_1_12' title="bbox 310 1098 1862 1171; baseline 0.003 -23"><span class='ocrx_word' id='word_1_76' title='bbox 310 1112 437 1151; x_wconf 85' lang='lat' dir='ltr'><strong>vero</strong></span> <span class='ocrx_word' id='word_1_77' title='bbox 466 1098 828 1167; x_wconf 79' lang='lat' dir='ltr'><strong>apostolorum</strong></span> <span class='ocrx_word' id='word_1_78' title='bbox 866 1118 879 1152; x_wconf 88' lang='lat'><strong>:</strong></span> <span class='ocrx_word' id='word_1_79' title='bbox 924 1120 942 1151; x_wconf 85' lang='grc'>‹</span> <span class='ocrx_word' id='word_1_80' title='bbox 977 1099 1073 1154; x_wconf 85' lang='lat' dir='ltr'><strong>Hic</strong></span> <span class='ocrx_word' id='word_1_81' title='bbox 1101 1111 1185 1155; x_wconf 91' lang='lat' dir='ltr'><strong>est</strong></span> <span class='ocrx_word' id='word_1_82' title='bbox 1224 1101 1379 1171; x_wconf 86' lang='lat' dir='ltr'><strong>lapis,</strong></span> <span class='ocrx_word' id='word_1_83' title='bbox 1420 1103 1508 1169; x_wconf 89' lang='lat' dir='ltr'><strong>qui</strong></span> <span class='ocrx_word' id='word_1_84' title='bbox 1549 1102 1862 1171; x_wconf 86' lang='lat' dir='ltr'><strong>reprobatus</strong></span> 
     </span>
    </p>
   </div>
   <div class='ocr_carea' id='block_1_13' title="bbox 307 1189 1861 1262">
    <p class='ocr_par' dir='ltr' id='par_1_13' title="bbox 307 1189 1861 1262">
     <span class='ocr_line' id='line_1_13' title="bbox 307 1189 1861 1262; baseline 0.003 -22"><span class='ocrx_word' id='word_1_85' title='bbox 307 1199 394 1241; x_wconf 90' lang='lat' dir='ltr'><strong>est</strong></span> <span class='ocrx_word' id='word_1_86' title='bbox 423 1203 452 1241; x_wconf 91' lang='lat' dir='ltr'><strong>a</strong></span> <span class='ocrx_word' id='word_1_87' title='bbox 484 1189 636 1243; x_wconf 80' lang='lat' dir='ltr'><strong>vobis</strong></span> <span class='ocrx_word' id='word_1_88' title='bbox 690 1190 1127 1254; x_wconf 64' lang='lat' dir='ltr'><strong>aedificatoribus,</strong></span> <span class='ocrx_word' id='word_1_89' title='bbox 1160 1192 1249 1260; x_wconf 90' lang='lat' dir='ltr'><strong>qui</strong></span> <span class='ocrx_word' id='word_1_90' title='bbox 1301 1193 1476 1245; x_wconf 89' lang='lat' dir='ltr'><strong>factus</strong></span> <span class='ocrx_word' id='word_1_91' title='bbox 1502 1202 1585 1245; x_wconf 90' lang='lat' dir='ltr'><strong>est</strong></span> <span class='ocrx_word' id='word_1_92' title='bbox 1612 1192 1663 1244; x_wconf 93' lang='lat' dir='ltr'><strong>iu</strong></span> <span class='ocrx_word' id='word_1_93' title='bbox 1700 1201 1861 1262; x_wconf 86' lang='lat' dir='ltr'><strong>eaput</strong></span> 
     </span>
    </p>
   </div>
   <div class='ocr_carea' id='block_1_14' title="bbox 310 1277 1668 1350">
    <p class='ocr_par' dir='ltr' id='par_1_14' title="bbox 310 1277 1668 1350">
     <span class='ocr_line' id='line_1_14' title="bbox 310 1277 1668 1350; baseline 0 -21"><span class='ocrx_word' id='word_1_94' title='bbox 310 1277 491 1347; x_wconf 76' lang='lat' dir='ltr'><strong>anguli</strong></span> <span class='ocrx_word' id='word_1_95' title='bbox 518 1295 532 1337; x_wconf 89' lang='lat'><strong>;</strong></span> <span class='ocrx_word' id='word_1_96' title='bbox 557 1288 613 1334; x_wconf 88' lang='lat' dir='ltr'><strong>et</strong></span> <span class='ocrx_word' id='word_1_97' title='bbox 641 1294 745 1331; x_wconf 89' lang='lat' dir='ltr'><strong>non</strong></span> <span class='ocrx_word' id='word_1_98' title='bbox 767 1289 851 1333; x_wconf 90' lang='lat' dir='ltr'><strong>est</strong></span> <span class='ocrx_word' id='word_1_99' title='bbox 886 1280 936 1332; x_wconf 93' lang='lat' dir='ltr'><strong>in</strong></span> <span class='ocrx_word' id='word_1_100' title='bbox 964 1279 1067 1334; x_wconf 91' lang='lat' dir='ltr'><strong>alio</strong></span> <span class='ocrx_word' id='word_1_101' title='bbox 1098 1280 1276 1349; x_wconf 87' lang='lat' dir='ltr'><strong>aliquo</strong></span> <span class='ocrx_word' id='word_1_102' title='bbox 1306 1280 1452 1333; x_wconf 88' lang='lat' dir='ltr'><strong>salus</strong></span> <span class='ocrx_word' id='word_1_103' title='bbox 1483 1278 1618 1350; x_wconf 80' lang='lat'><strong>(‘23).</strong></span> <span class='ocrx_word' id='word_1_104' title='bbox 1651 1298 1668 1329; x_wconf 76' lang='grc' dir='ltr'><strong>ι</strong></span> 
     </span>
    </p>
   </div>
   <div class='ocr_carea' id='block_1_15' title="bbox 378 1369 1857 1439">
    <p class='ocr_par' dir='ltr' id='par_1_15' title="bbox 378 1369 1857 1439">
     <span class='ocr_line' id='line_1_15' title="bbox 378 1369 1857 1439; baseline 0.002 -19"><span class='ocrx_word' id='word_1_105' title='bbox 378 1369 507 1421; x_wconf 90' lang='lat' dir='ltr'><strong>Illud</strong></span> <span class='ocrx_word' id='word_1_106' title='bbox 541 1370 626 1423; x_wconf 89' lang='lat' dir='ltr'><strong>hic</strong></span> <span class='ocrx_word' id='word_1_107' title='bbox 655 1370 1043 1435; x_wconf 80' lang='lat' dir='ltr'><strong>animadverte,</strong></span> <span class='ocrx_word' id='word_1_108' title='bbox 1074 1372 1235 1439; x_wconf 91' lang='lat' dir='ltr'><strong>quod,</strong></span> <span class='ocrx_word' id='word_1_109' title='bbox 1271 1372 1315 1424; x_wconf 88' lang='lat' dir='ltr'><strong>si</strong></span> <span class='ocrx_word' id='word_1_110' title='bbox 1347 1386 1448 1424; x_wconf 89' lang='lat' dir='ltr'><strong>una</strong></span> <span class='ocrx_word' id='word_1_111' title='bbox 1478 1386 1581 1424; x_wconf 91' lang='lat' dir='ltr'><strong>non</strong></span> <span class='ocrx_word' id='word_1_112' title='bbox 1612 1380 1697 1425; x_wconf 90' lang='lat' dir='ltr'><strong>est</strong></span> <span class='ocrx_word' id='word_1_113' title='bbox 1730 1386 1857 1425; x_wconf 85' lang='lat' dir='ltr'><strong>san-</strong></span> 
     </span>
    </p>
   </div>
   <div class='ocr_carea' id='block_1_16' title="bbox 308 1458 1859 1531">
    <p class='ocr_par' dir='ltr' id='par_1_16' title="bbox 308 1458 1859 1531">
     <span class='ocr_line' id='line_1_16' title="bbox 308 1458 1859 1531; baseline 0.001 -18"><span class='ocrx_word' id='word_1_114' title='bbox 308 1468 407 1513; x_wconf 71' lang='lat' dir='ltr'><strong>cta:</strong></span> <span class='ocrx_word' id='word_1_115' title='bbox 428 1458 704 1513; x_wconf 87' lang='lat' dir='ltr'><strong>Trinitatis</strong></span> <span class='ocrx_word' id='word_1_116' title='bbox 728 1459 928 1523; x_wconf 87' lang='lat' dir='ltr'><strong>Deitas,</strong></span> <span class='ocrx_word' id='word_1_117' title='bbox 962 1471 1017 1513; x_wconf 90' lang='lat' dir='ltr'><strong>et</strong></span> <span class='ocrx_word' id='word_1_118' title='bbox 1068 1462 1321 1530; x_wconf 87' lang='lat' dir='ltr'><strong>potentia,</strong></span> <span class='ocrx_word' id='word_1_119' title='bbox 1375 1477 1439 1516; x_wconf 90' lang='lat' dir='ltr'><strong>ne</strong></span> <span class='ocrx_word' id='word_1_120' title='bbox 1477 1465 1614 1531; x_wconf 88' lang='lat' dir='ltr'><strong>apud</strong></span> <span class='ocrx_word' id='word_1_121' title='bbox 1650 1463 1859 1516; x_wconf 84' lang='lat' dir='ltr'><strong>Patrem</strong></span> 
     </span>
    </p>
   </div>
   <div class='ocr_carea' id='block_1_17' title="bbox 307 1548 1859 1620">
    <p class='ocr_par' dir='ltr' id='par_1_17' title="bbox 307 1548 1859 1620">
     <span class='ocr_line' id='line_1_17' title="bbox 307 1548 1859 1620; baseline 0.004 -21"><span class='ocrx_word' id='word_1_122' title='bbox 307 1548 525 1613; x_wconf 87' lang='lat' dir='ltr'><strong>quidem</strong></span> <span class='ocrx_word' id='word_1_123' title='bbox 568 1560 651 1601; x_wconf 90' lang='lat' dir='ltr'><strong>est</strong></span> <span class='ocrx_word' id='word_1_124' title='bbox 705 1548 848 1603; x_wconf 84' lang='lat' dir='ltr'><strong>salus</strong></span> <span class='ocrx_word' id='word_1_125' title='bbox 906 1550 1158 1620; x_wconf 79' lang='lat' dir='ltr'><strong>(propitia</strong></span> <span class='ocrx_word' id='word_1_126' title='bbox 1220 1567 1349 1605; x_wconf 91' lang='lat' dir='ltr'><strong>vero</strong></span> <span class='ocrx_word' id='word_1_127' title='bbox 1388 1554 1457 1605; x_wconf 87' lang='lat' dir='ltr'><strong>sit</strong></span> <span class='ocrx_word' id='word_1_128' title='bbox 1496 1553 1649 1606; x_wconf 88' lang='lat' dir='ltr'><strong>nobis</strong></span> <span class='ocrx_word' id='word_1_129' title='bbox 1676 1563 1859 1605; x_wconf 87' lang='lat' dir='ltr'><strong>sancta</strong></span> 
     </span>
    </p>
   </div>
   <div class='ocr_carea' id='block_1_18' title="bbox 307 1637 1859 1713">
    <p class='ocr_par' dir='ltr' id='par_1_18' title="bbox 307 1637 1859 1713">
     <span class='ocr_line' id='line_1_18' title="bbox 307 1637 1859 1713; baseline 0.004 -22"><span class='ocrx_word' id='word_1_130' title='bbox 307 1637 591 1708; x_wconf 81' lang='lat' dir='ltr'><strong>Trinitas).</strong></span> <span class='ocrx_word' id='word_1_131' title='bbox 617 1639 776 1708; x_wconf 86' lang='lat' dir='ltr'><strong>Atqui</strong></span> <span class='ocrx_word' id='word_1_132' title='bbox 815 1641 977 1694; x_wconf 90' lang='lat' dir='ltr'><strong>etiam</strong></span> <span class='ocrx_word' id='word_1_133' title='bbox 1022 1640 1210 1695; x_wconf 84' lang='lat' dir='ltr'><strong>Daniel</strong></span> <span class='ocrx_word' id='word_1_134' title='bbox 1254 1643 1478 1711; x_wconf 89' lang='lat' dir='ltr'><strong>lapidem</strong></span> <span class='ocrx_word' id='word_1_135' title='bbox 1502 1643 1613 1713; x_wconf 73' lang='grc'>(24)</span> <span class='ocrx_word' id='word_1_136' title='bbox 1638 1644 1769 1697; x_wconf 81' lang='lat' dir='ltr'><strong>vidit</strong></span> <span class='ocrx_word' id='word_1_137' title='bbox 1794 1660 1859 1697; x_wconf 69' lang='grc' dir='ltr'>ες</span> 
     </span>
    </p>
   </div>
   <div class='ocr_carea' id='block_1_19' title="bbox 317 1730 1857 1803">
    <p class='ocr_par' dir='ltr' id='par_1_19' title="bbox 317 1730 1857 1803">
     <span class='ocr_line' id='line_1_19' title="bbox 317 1730 1857 1803; baseline 0.005 -22"><span class='ocrx_word' id='word_1_138' title='bbox 317 1737 498 1783; x_wconf 90' lang='lat' dir='ltr'><strong>monte</strong></span> <span class='ocrx_word' id='word_1_139' title='bbox 531 1730 826 1785; x_wconf 85' lang='lat' dir='ltr'><strong>abscissum</strong></span> <span class='ocrx_word' id='word_1_140' title='bbox 881 1734 997 1786; x_wconf 89' lang='lat' dir='ltr'><strong>sine</strong></span> <span class='ocrx_word' id='word_1_141' title='bbox 1057 1734 1304 1787; x_wconf 85' lang='lat' dir='ltr'><strong>manibus</strong></span> <span class='ocrx_word' id='word_1_142' title='bbox 1338 1736 1550 1803; x_wconf 87' lang='lat' dir='ltr'><strong>(nempe</strong></span> <span class='ocrx_word' id='word_1_143' title='bbox 1584 1750 1728 1799; x_wconf 90' lang='lat' dir='ltr'><strong>eum,</strong></span> <span class='ocrx_word' id='word_1_144' title='bbox 1767 1736 1857 1803; x_wconf 91' lang='lat' dir='ltr'><strong>qui</strong></span> 
     </span>
    </p>
   </div>
   <div class='ocr_carea' id='block_1_20' title="bbox 305 1820 1860 1895">
    <p class='ocr_par' dir='ltr' id='par_1_20' title="bbox 305 1820 1860 1895">
     <span class='ocr_line' id='line_1_20' title="bbox 305 1820 1860 1895; baseline 0.003 -23"><span class='ocrx_word' id='word_1_145' title='bbox 305 1836 370 1873; x_wconf 83' lang='lat' dir='ltr'><strong>ex</strong></span> <span class='ocrx_word' id='word_1_146' title='bbox 396 1820 563 1874; x_wconf 80' lang='lat' dir='ltr'><strong>Maria</strong></span> <span class='ocrx_word' id='word_1_147' title='bbox 593 1823 801 1889; x_wconf 80' lang='lat' dir='ltr'><strong>genitus</strong></span> <span class='ocrx_word' id='word_1_148' title='bbox 828 1821 929 1875; x_wconf 93' lang='lat' dir='ltr'><strong>fuit</strong></span> <span class='ocrx_word' id='word_1_149' title='bbox 958 1824 1076 1877; x_wconf 83' lang='lat' dir='ltr'><strong>sine</strong></span> <span class='ocrx_word' id='word_1_150' title='bbox 1110 1824 1278 1888; x_wconf 82' lang='lat' dir='ltr'><strong>ﬂuxu,</strong></span> <span class='ocrx_word' id='word_1_151' title='bbox 1314 1841 1379 1880; x_wconf 88' lang='lat' dir='ltr'><strong>ac</strong></span> <span class='ocrx_word' id='word_1_152' title='bbox 1401 1826 1529 1880; x_wconf 65' lang='lat' dir='ltr'><strong>“sine</strong></span> <span class='ocrx_word' id='word_1_153' title='bbox 1554 1827 1860 1895; x_wconf 89' lang='lat' dir='ltr'><strong>operatione</strong></span> 
     </span>
    </p>
   </div>
   <div class='ocr_carea' id='block_1_21' title="bbox 307 1911 1860 1986">
    <p class='ocr_par' dir='ltr' id='par_1_21' title="bbox 307 1911 1860 1986">
     <span class='ocr_line' id='line_1_21' title="bbox 307 1911 1860 1986; baseline 0.008 -27"><span class='ocrx_word' id='word_1_154' title='bbox 307 1911 455 1981; x_wconf 83' lang='lat' dir='ltr'><strong>viri),</strong></span> <span class='ocrx_word' id='word_1_155' title='bbox 486 1924 540 1967; x_wconf 87' lang='lat' dir='ltr'><strong>et</strong></span> <span class='ocrx_word' id='word_1_156' title='bbox 563 1914 1017 1967; x_wconf 82' lang='lat' dir='ltr'><strong>comniinuentem</strong></span> <span class='ocrx_word' id='word_1_157' title='bbox 1052 1915 1271 1982; x_wconf 88' lang='lat' dir='ltr'><strong>idolum,</strong></span> <span class='ocrx_word' id='word_1_158' title='bbox 1316 1917 1430 1970; x_wconf 88' lang='lat' dir='ltr'><strong>sive</strong></span> <span class='ocrx_word' id='word_1_159' title='bbox 1474 1918 1777 1986; x_wconf 79' lang='lat' dir='ltr'><strong>imaginem,</strong></span> <span class='ocrx_word' id='word_1_160' title='bbox 1810 1919 1860 1972; x_wconf 91' lang='lat' dir='ltr'><strong>id</strong></span> 
     </span>
    </p>
   </div>
   <div class='ocr_carea' id='block_1_22' title="bbox 304 2005 1858 2077">
    <p class='ocr_par' dir='ltr' id='par_1_22' title="bbox 304 2005 1858 2077">
     <span class='ocr_line' id='line_1_22' title="bbox 304 2005 1858 2077; baseline 0.003 -21"><span class='ocrx_word' id='word_1_161' title='bbox 304 2011 407 2066; x_wconf 84' lang='lat' dir='ltr'><strong>est,</strong></span> <span class='ocrx_word' id='word_1_162' title='bbox 441 2005 720 2069; x_wconf 85' lang='lat' dir='ltr'><strong>mundum,</strong></span> <span class='ocrx_word' id='word_1_163' title='bbox 758 2007 825 2059; x_wconf 92' lang='lat' dir='ltr'><strong>ob</strong></span> <span class='ocrx_word' id='word_1_164' title='bbox 858 2007 1273 2061; x_wconf 89' lang='lat' dir='ltr'><strong>crassitudinem</strong></span> <span class='ocrx_word' id='word_1_165' title='bbox 1325 2008 1539 2073; x_wconf 74' lang='lat' dir='ltr'><strong>mentis,</strong></span> <span class='ocrx_word' id='word_1_166' title='bbox 1574 2019 1627 2062; x_wconf 90' lang='lat' dir='ltr'><strong>et</strong></span> <span class='ocrx_word' id='word_1_167' title='bbox 1655 2009 1858 2077; x_wconf 77' lang='lat' dir='ltr'><strong>luxum,</strong></span> 
     </span>
    </p>
   </div>
   <div class='ocr_carea' id='block_1_23' title="bbox 306 2095 1860 2171">
    <p class='ocr_par' dir='ltr' id='par_1_23' title="bbox 306 2095 1860 2171">
     <span class='ocr_line' id='line_1_23' title="bbox 306 2095 1860 2171; baseline 0.005 -25"><span class='ocrx_word' id='word_1_168' title='bbox 306 2095 359 2148; x_wconf 91' lang='lat' dir='ltr'><strong>in</strong></span> <span class='ocrx_word' id='word_1_169' title='bbox 387 2110 495 2164; x_wconf 93' lang='lat' dir='ltr'><strong>quo</strong></span> <span class='ocrx_word' id='word_1_170' title='bbox 520 2096 753 2149; x_wconf 77' lang='lat' dir='ltr'><strong>vivebat.</strong></span> <span class='ocrx_word' id='word_1_171' title='bbox 789 2096 925 2162; x_wconf 85' lang='lat' dir='ltr'><strong>Quid</strong></span> <span class='ocrx_word' id='word_1_172' title='bbox 964 2108 1139 2150; x_wconf 88' lang='lat' dir='ltr'><strong>autem</strong></span> <span class='ocrx_word' id='word_1_173' title='bbox 1166 2098 1448 2162; x_wconf 87' lang='lat' dir='ltr'><strong>miramur,</strong></span> <span class='ocrx_word' id='word_1_174' title='bbox 1486 2099 1675 2154; x_wconf 87' lang='lat' dir='ltr'><strong>salutis</strong></span> <span class='ocrx_word' id='word_1_175' title='bbox 1700 2116 1860 2171; x_wconf 81' lang='lat' dir='ltr'><strong>nego-</strong></span> 
     </span>
    </p>
   </div>
   <div class='ocr_carea' id='block_1_24' title="bbox 302 2186 1861 2256">
    <p class='ocr_par' dir='ltr' id='par_1_24' title="bbox 302 2186 1861 2256">
     <span class='ocr_line' id='line_1_24' title="bbox 302 2186 1861 2256; baseline 0.004 -18"><span class='ocrx_word' id='word_1_176' title='bbox 302 2186 436 2239; x_wconf 80' lang='lat' dir='ltr'><strong>tium</strong></span> <span class='ocrx_word' id='word_1_177' title='bbox 470 2187 629 2239; x_wconf 91' lang='lat' dir='ltr'><strong>modo</strong></span> <span class='ocrx_word' id='word_1_178' title='bbox 654 2188 901 2256; x_wconf 88' lang='lat' dir='ltr'><strong>quodam,</strong></span> <span class='ocrx_word' id='word_1_179' title='bbox 954 2203 1112 2256; x_wconf 86' lang='lat' dir='ltr'><strong>quem</strong></span> <span class='ocrx_word' id='word_1_180' title='bbox 1166 2205 1265 2243; x_wconf 89' lang='lat' dir='ltr'><strong>nec</strong></span> <span class='ocrx_word' id='word_1_181' title='bbox 1304 2190 1503 2253; x_wconf 86' lang='lat' dir='ltr'><strong>verbis,</strong></span> <span class='ocrx_word' id='word_1_182' title='bbox 1553 2205 1649 2244; x_wconf 91' lang='lat' dir='ltr'><strong>nec</strong></span> <span class='ocrx_word' id='word_1_183' title='bbox 1682 2200 1861 2245; x_wconf 89' lang='lat' dir='ltr'><strong>mente</strong></span> 
     </span>
    </p>
   </div>
   <div class='ocr_carea' id='block_1_25' title="bbox 303 2278 1857 2349">
    <p class='ocr_par' dir='ltr' id='par_1_25' title="bbox 303 2278 1857 2349">
     <span class='ocr_line' id='line_1_25' title="bbox 303 2278 1857 2349; baseline 0.005 -22"><span class='ocrx_word' id='word_1_184' title='bbox 303 2278 518 2346; x_wconf 86' lang='lat' dir='ltr'><strong>assequi</strong></span> <span class='ocrx_word' id='word_1_185' title='bbox 584 2278 726 2341; x_wconf 87' lang='lat' dir='ltr'><strong>licet,</strong></span> <span class='ocrx_word' id='word_1_186' title='bbox 783 2280 961 2333; x_wconf 88' lang='lat' dir='ltr'><strong>divina</strong></span> <span class='ocrx_word' id='word_1_187' title='bbox 1000 2281 1337 2349; x_wconf 70' lang='lat' dir='ltr'><strong>prarscientia</strong></span> <span class='ocrx_word' id='word_1_188' title='bbox 1395 2290 1520 2334; x_wconf 86' lang='lat' dir='ltr'><strong>ante</strong></span> <span class='ocrx_word' id='word_1_189' title='bbox 1548 2283 1741 2335; x_wconf 69' lang='lat' dir='ltr'><strong>stecula</strong></span> <span class='ocrx_word' id='word_1_190' title='bbox 1774 2282 1857 2334; x_wconf 81' lang='lat' dir='ltr'><strong>fa-</strong></span> 
     </span>
    </p>
   </div>
   <div class='ocr_carea' id='block_1_26' title="bbox 302 2371 1855 2441">
    <p class='ocr_par' dir='ltr' id='par_1_26' title="bbox 302 2371 1855 2441">
     <span class='ocr_line' id='line_1_26' title="bbox 302 2371 1855 2441; baseline 0.003 -19"><span class='ocrx_word' id='word_1_191' title='bbox 302 2378 448 2423; x_wconf 89' lang='lat' dir='ltr'><strong>ctum</strong></span> <span class='ocrx_word' id='word_1_192' title='bbox 475 2371 635 2424; x_wconf 73' lang='lat' dir='ltr'><strong>esse?</strong></span> <span class='ocrx_word' id='word_1_193' title='bbox 665 2386 785 2425; x_wconf 91' lang='lat' dir='ltr'><strong>cum</strong></span> <span class='ocrx_word' id='word_1_194' title='bbox 848 2387 943 2425; x_wconf 92' lang='lat' dir='ltr'><strong>nos</strong></span> <span class='ocrx_word' id='word_1_195' title='bbox 996 2387 1207 2440; x_wconf 88' lang='lat' dir='ltr'><strong>quoque</strong></span> <span class='ocrx_word' id='word_1_196' title='bbox 1267 2371 1519 2427; x_wconf 68' lang='lat' dir='ltr'><strong>ineffabili</strong></span> <span class='ocrx_word' id='word_1_197' title='bbox 1574 2374 1674 2428; x_wconf 87' lang='lat' dir='ltr'><strong>hac</strong></span> <span class='ocrx_word' id='word_1_198' title='bbox 1725 2388 1855 2441; x_wconf 74' lang='lat' dir='ltr'><strong>pra:-</strong></span> 
     </span>
    </p>
   </div>
   <div class='ocr_carea' id='block_1_27' title="bbox 300 2462 1856 2533">
    <p class='ocr_par' dir='ltr' id='par_1_27' title="bbox 300 2462 1856 2533">
     <span class='ocr_line' id='line_1_27' title="bbox 300 2462 1856 2533; baseline 0.003 -19"><span class='ocrx_word' id='word_1_199' title='bbox 300 2462 525 2515; x_wconf 78' lang='lat' dir='ltr'><strong>scientia</strong></span> <span class='ocrx_word' id='word_1_200' title='bbox 558 2462 691 2533; x_wconf 83' lang='grc'>(25),</span> <span class='ocrx_word' id='word_1_201' title='bbox 722 2479 784 2517; x_wconf 90' lang='lat' dir='ltr'><strong>ac</strong></span> <span class='ocrx_word' id='word_1_202' title='bbox 819 2465 1052 2533; x_wconf 88' lang='lat' dir='ltr'><strong>potentia</strong></span> <span class='ocrx_word' id='word_1_203' title='bbox 1088 2477 1212 2519; x_wconf 85' lang='lat' dir='ltr'><strong>ante</strong></span> <span class='ocrx_word' id='word_1_204' title='bbox 1249 2464 1441 2520; x_wconf 66' lang='lat' dir='ltr'><strong>saacula</strong></span> <span class='ocrx_word' id='word_1_205' title='bbox 1476 2475 1686 2521; x_wconf 89' lang='lat' dir='ltr'><strong>creatos</strong></span> <span class='ocrx_word' id='word_1_206' title='bbox 1714 2480 1856 2530; x_wconf 87' lang='lat' dir='ltr'><strong>esse,</strong></span> 
     </span>
    </p>
   </div>
   <div class='ocr_carea' id='block_1_28' title="bbox 301 2555 1858 2628">
    <p class='ocr_par' dir='ltr' id='par_1_28' title="bbox 301 2555 1858 2628">
     <span class='ocr_line' id='line_1_28' title="bbox 301 2555 1858 2628; baseline 0.004 -20"><span class='ocrx_word' id='word_1_207' title='bbox 301 2564 355 2608; x_wconf 88' lang='lat' dir='ltr'><strong>et</strong></span> <span class='ocrx_word' id='word_1_208' title='bbox 383 2556 623 2609; x_wconf 91' lang='lat' dir='ltr'><strong>salvatos</strong></span> <span class='ocrx_word' id='word_1_209' title='bbox 656 2555 798 2609; x_wconf 90' lang='lat' dir='ltr'><strong>dicat</strong></span> <span class='ocrx_word' id='word_1_210' title='bbox 838 2558 1121 2625; x_wconf 87' lang='lat' dir='ltr'><strong>Apostolus</strong></span> <span class='ocrx_word' id='word_1_211' title='bbox 1158 2558 1405 2613; x_wconf 86' lang='lat' dir='ltr'><strong>scribens</strong></span> <span class='ocrx_word' id='word_1_212' title='bbox 1455 2558 1700 2627; x_wconf 87' lang='lat' dir='ltr'><strong>Ephesiis</strong></span> <span class='ocrx_word' id='word_1_213' title='bbox 1739 2561 1858 2628; x_wconf 86' lang='lat' dir='ltr'><strong>qui-</strong></span> 
     </span>
    </p>
   </div>
   <div class='ocr_carea' id='block_1_29' title="bbox 302 2643 1857 2717">
    <p class='ocr_par' dir='ltr' id='par_1_29' title="bbox 302 2643 1857 2717">
     <span class='ocr_line' id='line_1_29' title="bbox 302 2643 1857 2717; baseline 0.005 -21"><span class='ocrx_word' id='word_1_214' title='bbox 302 2645 420 2697; x_wconf 88' lang='lat' dir='ltr'><strong>dem</strong></span> <span class='ocrx_word' id='word_1_215' title='bbox 450 2658 465 2697; x_wconf 89' lang='lat'><strong>:</strong></span> <span class='ocrx_word' id='word_1_216' title='bbox 503 2664 521 2695; x_wconf 77' lang='grc' dir='ltr'><strong>ι</strong></span> <span class='ocrx_word' id='word_1_217' title='bbox 557 2643 727 2712; x_wconf 82' lang='lat' dir='ltr'><strong>Elegit</strong></span> <span class='ocrx_word' id='word_1_218' title='bbox 757 2645 867 2715; x_wconf 84' lang='grc'>(26)</span> <span class='ocrx_word' id='word_1_219' title='bbox 895 2662 992 2701; x_wconf 86' lang='grc' dir='ltr'>ιιυε</span> <span class='ocrx_word' id='word_1_220' title='bbox 1038 2648 1137 2702; x_wconf 85' lang='lat' dir='ltr'><strong>sibi</strong></span> <span class='ocrx_word' id='word_1_221' title='bbox 1181 2649 1276 2717; x_wconf 90' lang='lat' dir='ltr'><strong>ipsi</strong></span> <span class='ocrx_word' id='word_1_222' title='bbox 1307 2646 1417 2717; x_wconf 86' lang='grc'>(27)</span> <span class='ocrx_word' id='word_1_223' title='bbox 1448 2658 1569 2702; x_wconf 90' lang='lat' dir='ltr'><strong>ante</strong></span> <span class='ocrx_word' id='word_1_224' title='bbox 1596 2652 1857 2703; x_wconf 84' lang='lat' dir='ltr'><strong>constitu-</strong></span> 
     </span>
    </p>
   </div>
   <div class='ocr_carea' id='block_1_30' title="bbox 302 2735 1859 2808">
    <p class='ocr_par' dir='ltr' id='par_1_30' title="bbox 302 2735 1859 2808">
     <span class='ocr_line' id='line_1_30' title="bbox 302 2735 1859 2808; baseline 0.005 -23"><span class='ocrx_word' id='word_1_225' title='bbox 302 2736 498 2789; x_wconf 90' lang='lat' dir='ltr'><strong>tionem</strong></span> <span class='ocrx_word' id='word_1_226' title='bbox 525 2735 687 2808; x_wconf 69' lang='grc'><strong>342</strong></span> <span class='ocrx_word' id='word_1_227' title='bbox 727 2739 931 2803; x_wconf 88' lang='lat' dir='ltr'><strong>mundi,</strong></span> <span class='ocrx_word' id='word_1_228' title='bbox 963 2751 1018 2792; x_wconf 89' lang='lat' dir='ltr'><strong>ut</strong></span> <span class='ocrx_word' id='word_1_229' title='bbox 1055 2754 1296 2793; x_wconf 75' lang='lat' dir='ltr'><strong>essemus</strong></span> <span class='ocrx_word' id='word_1_230' title='bbox 1355 2743 1548 2807; x_wconf 86' lang='lat' dir='ltr'><strong>sancti,</strong></span> <span class='ocrx_word' id='word_1_231' title='bbox 1583 2754 1637 2795; x_wconf 87' lang='lat' dir='ltr'><strong>et</strong></span> <span class='ocrx_word' id='word_1_232' title='bbox 1667 2744 1859 2796; x_wconf 86' lang='lat' dir='ltr'><strong>innua-</strong></span> 
     </span>
    </p>
   </div>
   <div class='ocr_carea' id='block_1_31' title="bbox 299 2826 1856 2903">
    <p class='ocr_par' dir='ltr' id='par_1_31' title="bbox 299 2826 1856 2903">
     <span class='ocr_line' id='line_1_31' title="bbox 299 2826 1856 2903; baseline 0.005 -25"><span class='ocrx_word' id='word_1_233' title='bbox 299 2826 464 2882; x_wconf 89' lang='lat' dir='ltr'><strong>culati</strong></span> <span class='ocrx_word' id='word_1_234' title='bbox 497 2828 549 2881; x_wconf 90' lang='lat' dir='ltr'><strong>in</strong></span> <span class='ocrx_word' id='word_1_235' title='bbox 588 2840 877 2898; x_wconf 89' lang='lat' dir='ltr'><strong>conspectu</strong></span> <span class='ocrx_word' id='word_1_236' title='bbox 930 2830 1046 2898; x_wconf 86' lang='lat' dir='ltr'><strong>ejus</strong></span> <span class='ocrx_word' id='word_1_237' title='bbox 1078 2832 1128 2884; x_wconf 92' lang='lat' dir='ltr'><strong>in</strong></span> <span class='ocrx_word' id='word_1_238' title='bbox 1180 2834 1445 2887; x_wconf 78' lang='lat' dir='ltr'><strong>charitate</strong></span> <span class='ocrx_word' id='word_1_239' title='bbox 1488 2850 1502 2886; x_wconf 91' lang='lat'><strong>:</strong></span> <span class='ocrx_word' id='word_1_240' title='bbox 1539 2835 1628 2903; x_wconf 88' lang='lat' dir='ltr'><strong>qui</strong></span> <span class='ocrx_word' id='word_1_241' title='bbox 1654 2835 1856 2902; x_wconf 67' lang='lat' dir='ltr'><strong>prmade-</strong></span> 
     </span>
    </p>
   </div>
   <div class='ocr_carea' id='block_1_32' title="bbox 303 2919 1856 2989">
    <p class='ocr_par' dir='ltr' id='par_1_32' title="bbox 303 2919 1856 2989">
     <span class='ocr_line' id='line_1_32' title="bbox 303 2919 1856 2989; baseline 0.004 -18"><span class='ocrx_word' id='word_1_242' title='bbox 303 2919 524 2972; x_wconf 83' lang='lat' dir='ltr'><strong>stinavit</strong></span> <span class='ocrx_word' id='word_1_243' title='bbox 558 2934 655 2973; x_wconf 90' lang='lat' dir='ltr'><strong>nos</strong></span> <span class='ocrx_word' id='word_1_244' title='bbox 721 2920 772 2973; x_wconf 92' lang='lat' dir='ltr'><strong>in</strong></span> <span class='ocrx_word' id='word_1_245' title='bbox 826 2920 1163 2989; x_wconf 87' lang='lat' dir='ltr'><strong>adoptionem</strong></span> <span class='ocrx_word' id='word_1_246' title='bbox 1217 2922 1479 2989; x_wconf 87' lang='lat' dir='ltr'><strong>ﬁliorum;</strong></span> <span class='ocrx_word' id='word_1_247' title='bbox 1515 2943 1533 2973; x_wconf 73' lang='grc'><strong>&gt;</strong></span> <span class='ocrx_word' id='word_1_248' title='bbox 1576 2924 1856 2978; x_wconf 87' lang='lat' dir='ltr'><strong>Timotheo</strong></span> 
     </span>
    </p>
   </div>
   <div class='ocr_carea' id='block_1_33' title="bbox 298 3008 1856 3085">
    <p class='ocr_par' dir='ltr' id='par_1_33' title="bbox 298 3008 1856 3085">
     <span class='ocr_line' id='line_1_33' title="bbox 298 3008 1856 3085; baseline 0.006 -28"><span class='ocrx_word' id='word_1_249' title='bbox 298 3018 517 3061; x_wconf 91' lang='lat' dir='ltr'><strong>autem:</strong></span> <span class='ocrx_word' id='word_1_250' title='bbox 555 3028 573 3058; x_wconf 73' lang='grc' dir='ltr'><strong>ι</strong></span> <span class='ocrx_word' id='word_1_251' title='bbox 614 3008 924 3063; x_wconf 89' lang='lat' dir='ltr'><strong>Secundum</strong></span> <span class='ocrx_word' id='word_1_252' title='bbox 958 3009 1070 3081; x_wconf 82' lang='grc'>(28)</span> <span class='ocrx_word' id='word_1_253' title='bbox 1119 3014 1408 3079; x_wconf 90' lang='lat' dir='ltr'><strong>potentiam</strong></span> <span class='ocrx_word' id='word_1_254' title='bbox 1447 3014 1559 3077; x_wconf 83' lang='lat' dir='ltr'><strong>Dei,</strong></span> <span class='ocrx_word' id='word_1_255' title='bbox 1623 3016 1714 3085; x_wconf 88' lang='lat' dir='ltr'><strong>qui</strong></span> <span class='ocrx_word' id='word_1_256' title='bbox 1750 3029 1856 3067; x_wconf 89' lang='lat' dir='ltr'><strong>ser-</strong></span> 
     </span>
    </p>
   </div>
   <div class='ocr_carea' id='block_1_34' title="bbox 1972 558 3519 631">
    <p class='ocr_par' dir='ltr' id='par_1_34' title="bbox 1972 558 3519 631">
     <span class='ocr_line' id='line_1_34' title="bbox 1972 558 3519 631; baseline -0.003 -18"><span class='ocrx_word' id='word_1_257' title='bbox 1972 561 2303 631; x_wconf 80' lang='grc' dir='ltr'>Ῥωμαίους·</span> <span class='ocrx_word' id='word_1_258' title='bbox 2341 580 2360 613; x_wconf 70' lang='grc' dir='ltr'><strong>ι</strong></span> <span class='ocrx_word' id='word_1_259' title='bbox 2417 562 2544 614; x_wconf 76' lang='grc' dir='ltr'>Ἰδοὺ</span> <span class='ocrx_word' id='word_1_260' title='bbox 2581 560 2768 630; x_wconf 84' lang='grc' dir='ltr'>τίθημι</span> <span class='ocrx_word' id='word_1_261' title='bbox 2809 563 2865 613; x_wconf 82' lang='grc' dir='ltr'><strong>ἐν</strong></span> <span class='ocrx_word' id='word_1_262' title='bbox 2896 558 3031 611; x_wconf 84' lang='grc' dir='ltr'>Σιὼν</span> <span class='ocrx_word' id='word_1_263' title='bbox 3061 558 3204 611; x_wconf 81' lang='grc' dir='ltr'>λίθον</span> <span class='ocrx_word' id='word_1_264' title='bbox 3242 558 3519 628; x_wconf 74' lang='grc' dir='ltr'>προσκόμο</span> 
     </span>
    </p>
   </div>
   <div class='ocr_carea' id='block_1_35' title="bbox 1964 649 3521 726">
    <p class='ocr_par' dir='ltr' id='par_1_35' title="bbox 1964 649 3521 726">
     <span class='ocr_line' id='line_1_35' title="bbox 1964 649 3521 726; baseline -0.004 -19"><span class='ocrx_word' id='word_1_265' title='bbox 1964 672 2131 725; x_wconf 82' lang='grc' dir='ltr'><strong>ματος</strong></span> <span class='ocrx_word' id='word_1_266' title='bbox 2155 697 2170 720; x_wconf 93' lang='grc'>,</span> <span class='ocrx_word' id='word_1_267' title='bbox 2196 656 2287 707; x_wconf 76' lang='grc' dir='ltr'><strong>καὶ</strong></span> <span class='ocrx_word' id='word_1_268' title='bbox 2325 654 2530 726; x_wconf 89' lang='grc' dir='ltr'>πέτραν</span> <span class='ocrx_word' id='word_1_269' title='bbox 2560 653 2885 707; x_wconf 79' lang='grc' dir='ltr'>σκανδάλου·</span> <span class='ocrx_word' id='word_1_270' title='bbox 2917 652 3008 704; x_wconf 82' lang='grc' dir='ltr'><strong>καὶ</strong></span> <span class='ocrx_word' id='word_1_271' title='bbox 3048 651 3153 713; x_wconf 80' lang='grc' dir='ltr'>πᾶς</span> <span class='ocrx_word' id='word_1_272' title='bbox 3181 652 3207 701; x_wconf 79' lang='grc' dir='ltr'><strong>ὁ</strong></span> <span class='ocrx_word' id='word_1_273' title='bbox 3253 649 3521 701; x_wconf 76' lang='grc' dir='ltr'><strong>πιστεύων</strong></span> 
     </span>
    </p>
   </div>
   <div class='ocr_carea' id='block_1_36' title="bbox 1960 740 3520 815">
    <p class='ocr_par' dir='ltr' id='par_1_36' title="bbox 1960 740 3520 815">
     <span class='ocr_line' id='line_1_36' title="bbox 1960 740 3520 815; baseline -0.003 -18"><span class='ocrx_word' id='word_1_274' title='bbox 1960 745 2048 798; x_wconf 77' lang='grc' dir='ltr'><strong>ἐπ’</strong></span> <span class='ocrx_word' id='word_1_275' title='bbox 2077 746 2221 815; x_wconf 79' lang='grc' dir='ltr'><strong>αὑτῷ</strong></span> <span class='ocrx_word' id='word_1_276' title='bbox 2248 746 2306 798; x_wconf 83' lang='grc' dir='ltr'><strong>οὐ</strong></span> <span class='ocrx_word' id='word_1_277' title='bbox 2339 744 2880 815; x_wconf 79' lang='grc' dir='ltr'>καταισχυνθήσεται.</span> <span class='ocrx_word' id='word_1_278' title='bbox 2921 763 2940 795; x_wconf 75' lang='grc' dir='ltr'><strong>ι</strong></span> <span class='ocrx_word' id='word_1_279' title='bbox 2979 744 3045 796; x_wconf 82' lang='grc' dir='ltr'>Αἱ</span> <span class='ocrx_word' id='word_1_280' title='bbox 3070 743 3125 793; x_wconf 79' lang='grc' dir='ltr'>δὲ</span> <span class='ocrx_word' id='word_1_281' title='bbox 3153 741 3392 811; x_wconf 77' lang='grc' dir='ltr'>Πράξεις</span> <span class='ocrx_word' id='word_1_282' title='bbox 3419 740 3520 793; x_wconf 80' lang='grc' dir='ltr'><strong>τῶν</strong></span> 
     </span>
    </p>
   </div>
   <div class='ocr_carea' id='block_1_37' title="bbox 1961 832 3521 907">
    <p class='ocr_par' dir='ltr' id='par_1_37' title="bbox 1961 832 3521 907">
     <span class='ocr_line' id='line_1_37' title="bbox 1961 832 3521 907; baseline -0.003 -17"><span class='ocrx_word' id='word_1_283' title='bbox 1961 837 2302 890; x_wconf 85' lang='grc' dir='ltr'>ἀποστόλων·</span> <span class='ocrx_word' id='word_1_284' title='bbox 2356 856 2374 887; x_wconf 80' lang='grc' dir='ltr'><strong>ι</strong></span> <span class='ocrx_word' id='word_1_285' title='bbox 2411 833 2575 899; x_wconf 72' lang='grc' dir='ltr'>Οὗτος</span> <span class='ocrx_word' id='word_1_286' title='bbox 2603 878 2619 901; x_wconf 94' lang='grc'>,</span> <span class='ocrx_word' id='word_1_287' title='bbox 2655 855 2674 888; x_wconf 70' lang='grc' dir='ltr'><strong>ι</strong></span> <span class='ocrx_word' id='word_1_288' title='bbox 2710 836 2872 907; x_wconf 62' lang='grc' dir='ltr'>φησιν</span> <span class='ocrx_word' id='word_1_289' title='bbox 2900 875 2913 895; x_wconf 93' lang='grc'>,</span> <span class='ocrx_word' id='word_1_290' title='bbox 2950 854 2967 884; x_wconf 74' lang='grc' dir='ltr'><strong>ε</strong></span> <span class='ocrx_word' id='word_1_291' title='bbox 3015 834 3160 885; x_wconf 72' lang='grc' dir='ltr'>ἐστὶν</span> <span class='ocrx_word' id='word_1_292' title='bbox 3210 835 3238 884; x_wconf 89' lang='grc' dir='ltr'><strong>ό</strong></span> <span class='ocrx_word' id='word_1_293' title='bbox 3279 832 3430 895; x_wconf 85' lang='grc' dir='ltr'>λίθος</span> <span class='ocrx_word' id='word_1_294' title='bbox 3491 834 3521 885; x_wconf 79' lang='grc' dir='ltr'>ὁ</span> 
     </span>
    </p>
   </div>
   <div class='ocr_carea' id='block_1_38' title="bbox 1961 923 3523 998">
    <p class='ocr_par' dir='ltr' id='par_1_38' title="bbox 1961 923 3523 998">
     <span class='ocr_line' id='line_1_38' title="bbox 1961 923 3523 998; baseline -0.004 -19"><span class='ocrx_word' id='word_1_295' title='bbox 1961 926 2326 998; x_wconf 73' lang='grc' dir='ltr'>ἐξουθενηθεὶς</span> <span class='ocrx_word' id='word_1_296' title='bbox 2361 929 2448 996; x_wconf 81' lang='grc' dir='ltr'><strong>ὑφ’</strong></span> <span class='ocrx_word' id='word_1_297' title='bbox 2488 928 2637 997; x_wconf 84' lang='grc' dir='ltr'>ὑμῶν</span> <span class='ocrx_word' id='word_1_298' title='bbox 2676 928 2783 979; x_wconf 80' lang='grc' dir='ltr'><strong>τῶν</strong></span> <span class='ocrx_word' id='word_1_299' title='bbox 2825 926 3136 995; x_wconf 76' lang='grc' dir='ltr'>οἰκοδόμων,</span> <span class='ocrx_word' id='word_1_300' title='bbox 3163 926 3191 976; x_wconf 85' lang='grc' dir='ltr'>ὁ</span> <span class='ocrx_word' id='word_1_301' title='bbox 3233 923 3523 992; x_wconf 82' lang='grc' dir='ltr'>γενόμενος</span> 
     </span>
    </p>
   </div>
   <div class='ocr_carea' id='block_1_39' title="bbox 1962 1012 3521 1087">
    <p class='ocr_par' dir='ltr' id='par_1_39' title="bbox 1962 1012 3521 1087">
     <span class='ocr_line' id='line_1_39' title="bbox 1962 1012 3521 1087; baseline -0.002 -19"><span class='ocrx_word' id='word_1_302' title='bbox 1962 1019 2041 1079; x_wconf 80' lang='grc' dir='ltr'><strong>είς</strong></span> <span class='ocrx_word' id='word_1_303' title='bbox 2069 1017 2305 1087; x_wconf 82' lang='grc' dir='ltr'>κεφαλὴν</span> <span class='ocrx_word' id='word_1_304' title='bbox 2334 1018 2553 1085; x_wconf 81' lang='grc' dir='ltr'><strong>γωνίας,</strong></span> <span class='ocrx_word' id='word_1_305' title='bbox 2585 1018 2676 1069; x_wconf 72' lang='grc' dir='ltr'><strong>κα)¹</strong></span> <span class='ocrx_word' id='word_1_306' title='bbox 2704 1017 2801 1068; x_wconf 76' lang='grc' dir='ltr'><strong>οὐκ</strong></span> <span class='ocrx_word' id='word_1_307' title='bbox 2842 1015 2985 1068; x_wconf 77' lang='grc' dir='ltr'>ἔστιν</span> <span class='ocrx_word' id='word_1_308' title='bbox 3019 1018 3076 1067; x_wconf 84' lang='grc' dir='ltr'><strong>ὲν</strong></span> <span class='ocrx_word' id='word_1_309' title='bbox 3107 1013 3251 1083; x_wconf 81' lang='grc' dir='ltr'>ἄλλῳ</span> <span class='ocrx_word' id='word_1_310' title='bbox 3280 1012 3458 1066; x_wconf 69' lang='grc' dir='ltr'>οὐδενὶ</span> <span class='ocrx_word' id='word_1_311' title='bbox 3487 1015 3521 1082; x_wconf 71' lang='grc' dir='ltr'>ἡ</span> 
     </span>
    </p>
   </div>
   <div class='ocr_carea' id='block_1_40' title="bbox 1965 1109 2279 1178">
    <p class='ocr_par' dir='ltr' id='par_1_40' title="bbox 1965 1109 2279 1178">
     <span class='ocr_line' id='line_1_40' title="bbox 1965 1109 2279 1178; baseline 0.003 -19"><span class='ocrx_word' id='word_1_312' title='bbox 1965 1109 2223 1178; x_wconf 80' lang='grc' dir='ltr'>σωτηρία.</span> <span class='ocrx_word' id='word_1_313' title='bbox 2261 1129 2279 1160; x_wconf 75' lang='grc' dir='ltr'><strong>ι</strong></span> 
     </span>
    </p>
   </div>
   <div class='ocr_carea' id='block_1_41' title="bbox 2042 1362 3515 1436">
    <p class='ocr_par' dir='ltr' id='par_1_41' title="bbox 2042 1362 3515 1436">
     <span class='ocr_line' id='line_1_41' title="bbox 2042 1362 3515 1436; baseline -0.003 -17"><span class='ocrx_word' id='word_1_314' title='bbox 2042 1365 2417 1436; x_wconf 80' lang='grc' dir='ltr'>Ἐπιτήρησον,</span> <span class='ocrx_word' id='word_1_315' title='bbox 2457 1364 2532 1426; x_wconf 85' lang='grc' dir='ltr'><strong>ὡς</strong></span> <span class='ocrx_word' id='word_1_316' title='bbox 2574 1365 2620 1416; x_wconf 79' lang='grc' dir='ltr'><strong>εί</strong></span> <span class='ocrx_word' id='word_1_317' title='bbox 2660 1363 2733 1434; x_wconf 82' lang='grc' dir='ltr'>μὴ</span> <span class='ocrx_word' id='word_1_318' title='bbox 2775 1363 2870 1434; x_wconf 88' lang='grc' dir='ltr'><strong>μία</strong></span> <span class='ocrx_word' id='word_1_319' title='bbox 2909 1363 3097 1434; x_wconf 81' lang='grc' dir='ltr'>θεότης</span> <span class='ocrx_word' id='word_1_320' title='bbox 3143 1364 3237 1415; x_wconf 73' lang='grc' dir='ltr'><strong>καὶ</strong></span> <span class='ocrx_word' id='word_1_321' title='bbox 3294 1362 3515 1432; x_wconf 76' lang='grc' dir='ltr'>δύναμίς</span> 
     </span>
    </p>
   </div>
   <div class='ocr_carea' id='block_1_42' title="bbox 1960 1452 3516 1527">
    <p class='ocr_par' dir='ltr' id='par_1_42' title="bbox 1960 1452 3516 1527">
     <span class='ocr_line' id='line_1_42' title="bbox 1960 1452 3516 1527; baseline -0.003 -18"><span class='ocrx_word' id='word_1_322' title='bbox 1960 1458 2074 1509; x_wconf 83' lang='grc' dir='ltr'>ἐστι</span> <span class='ocrx_word' id='word_1_323' title='bbox 2102 1458 2198 1527; x_wconf 79' lang='grc' dir='ltr'>τῆς</span> <span class='ocrx_word' id='word_1_324' title='bbox 2232 1457 2389 1524; x_wconf 86' lang='grc' dir='ltr'>ἁγίας</span> <span class='ocrx_word' id='word_1_325' title='bbox 2417 1454 2659 1526; x_wconf 81' lang='grc' dir='ltr'>Τριάδος,</span> <span class='ocrx_word' id='word_1_326' title='bbox 2699 1455 2817 1506; x_wconf 73' lang='grc' dir='ltr'>οὐδὲ</span> <span class='ocrx_word' id='word_1_327' title='bbox 2848 1456 2999 1525; x_wconf 80' lang='grc' dir='ltr'>παρὰ</span> <span class='ocrx_word' id='word_1_328' title='bbox 3024 1452 3102 1523; x_wconf 82' lang='grc' dir='ltr'><strong>τῷ</strong></span> <span class='ocrx_word' id='word_1_329' title='bbox 3138 1454 3318 1524; x_wconf 77' lang='grc' dir='ltr'>Πατρὶ</span> <span class='ocrx_word' id='word_1_330' title='bbox 3347 1455 3381 1523; x_wconf 79' lang='grc' dir='ltr'><strong>ἡ</strong></span> <span class='ocrx_word' id='word_1_331' title='bbox 3417 1470 3516 1505; x_wconf 85' lang='grc' dir='ltr'>σω-</span> 
     </span>
    </p>
   </div>
   <div class='ocr_carea' id='block_1_43' title="bbox 1961 1546 3518 1620">
    <p class='ocr_par' dir='ltr' id='par_1_43' title="bbox 1961 1546 3518 1620">
     <span class='ocr_line' id='line_1_43' title="bbox 1961 1546 3518 1620; baseline -0.003 -19"><span class='ocrx_word' id='word_1_332' title='bbox 1961 1550 2139 1620; x_wconf 86' lang='grc' dir='ltr'>τηρία.</span> <span class='ocrx_word' id='word_1_333' title='bbox 2175 1549 2357 1611; x_wconf 81' lang='grc' dir='ltr'>Ἱλεως</span> <span class='ocrx_word' id='word_1_334' title='bbox 2384 1549 2440 1601; x_wconf 76' lang='grc' dir='ltr'><strong>δὲ</strong></span> <span class='ocrx_word' id='word_1_335' title='bbox 2474 1551 2603 1619; x_wconf 79' lang='grc' dir='ltr'>ἡμῖν</span> <span class='ocrx_word' id='word_1_336' title='bbox 2635 1548 2831 1619; x_wconf 79' lang='grc' dir='ltr'>ἐστωή</span> <span class='ocrx_word' id='word_1_337' title='bbox 2866 1548 2996 1615; x_wconf 87' lang='grc' dir='ltr'>ἁγία</span> <span class='ocrx_word' id='word_1_338' title='bbox 3026 1546 3212 1617; x_wconf 88' lang='grc' dir='ltr'>Τριάς.</span> <span class='ocrx_word' id='word_1_339' title='bbox 3250 1547 3362 1599; x_wconf 78' lang='grc' dir='ltr'>Καὶ</span> <span class='ocrx_word' id='word_1_340' title='bbox 3400 1546 3518 1615; x_wconf 68' lang='grc' dir='ltr'>μένα</span> 
     </span>
    </p>
   </div>
   <div class='ocr_carea' id='block_1_44' title="bbox 1958 1636 3518 1710">
    <p class='ocr_par' dir='ltr' id='par_1_44' title="bbox 1958 1636 3518 1710">
     <span class='ocr_line' id='line_1_44' title="bbox 1958 1636 3518 1710; baseline -0.003 -18"><span class='ocrx_word' id='word_1_341' title='bbox 1958 1658 2040 1692; x_wconf 87' lang='grc' dir='ltr'><strong>τοι</strong></span> <span class='ocrx_word' id='word_1_342' title='bbox 2088 1641 2181 1692; x_wconf 76' lang='grc' dir='ltr'><strong>καὶ</strong></span> <span class='ocrx_word' id='word_1_343' title='bbox 2225 1638 2422 1710; x_wconf 84' lang='grc' dir='ltr'>Δανιὴλ</span> <span class='ocrx_word' id='word_1_344' title='bbox 2458 1639 2602 1692; x_wconf 89' lang='grc' dir='ltr'>λίθον</span> <span class='ocrx_word' id='word_1_345' title='bbox 2650 1638 2891 1710; x_wconf 83' lang='grc' dir='ltr'>ἑώρακεν</span> <span class='ocrx_word' id='word_1_346' title='bbox 2941 1637 3001 1701; x_wconf 78' lang='grc' dir='ltr'><strong>ἐξ</strong></span> <span class='ocrx_word' id='word_1_347' title='bbox 3048 1637 3204 1708; x_wconf 75' lang='grc' dir='ltr'>ὅρους</span> <span class='ocrx_word' id='word_1_348' title='bbox 3244 1636 3518 1705; x_wconf 80' lang='grc' dir='ltr'>τμηθέντα</span> 
     </span>
    </p>
   </div>
   <div class='ocr_carea' id='block_1_45' title="bbox 1960 1727 3521 1800">
    <p class='ocr_par' dir='ltr' id='par_1_45' title="bbox 1960 1727 3521 1800">
     <span class='ocr_line' id='line_1_45' title="bbox 1960 1727 3521 1800; baseline -0.004 -16"><span class='ocrx_word' id='word_1_349' title='bbox 1960 1731 2088 1784; x_wconf 83' lang='grc' dir='ltr'>ἄνευ</span> <span class='ocrx_word' id='word_1_350' title='bbox 2117 1730 2311 1800; x_wconf 82' lang='grc' dir='ltr'>χειρῶν</span> <span class='ocrx_word' id='word_1_351' title='bbox 2351 1729 2448 1799; x_wconf 84' lang='grc' dir='ltr'><strong>(ὃς</strong></span> <span class='ocrx_word' id='word_1_352' title='bbox 2479 1732 2625 1782; x_wconf 72' lang='grc' dir='ltr'>ἐστιν</span> <span class='ocrx_word' id='word_1_353' title='bbox 2661 1732 2689 1782; x_wconf 85' lang='grc' dir='ltr'>ὁ</span> <span class='ocrx_word' id='word_1_354' title='bbox 2735 1730 2799 1782; x_wconf 84' lang='grc' dir='ltr'>ὲκ</span> <span class='ocrx_word' id='word_1_355' title='bbox 2838 1730 3056 1800; x_wconf 82' lang='grc' dir='ltr'><strong>Μαρίας</strong></span> <span class='ocrx_word' id='word_1_356' title='bbox 3085 1727 3367 1797; x_wconf 75' lang='grc' dir='ltr'>γεννηθεὶς</span> <span class='ocrx_word' id='word_1_357' title='bbox 3396 1727 3521 1780; x_wconf 81' lang='grc' dir='ltr'>ἄνευ</span> 
     </span>
    </p>
   </div>
   <div class='ocr_carea' id='block_1_46' title="bbox 1889 1812 3520 1889">
    <p class='ocr_par' dir='ltr' id='par_1_46' title="bbox 1889 1812 3520 1889">
     <span class='ocr_line' id='line_1_46' title="bbox 1889 1812 3520 1889; baseline 0.001 -24"><span class='ocrx_word' id='word_1_358' title='bbox 1889 1812 1932 1865; x_wconf 85' lang='grc' dir='ltr'><strong>Β</strong></span> <span class='ocrx_word' id='word_1_359' title='bbox 1963 1817 2197 1889; x_wconf 78' lang='grc' dir='ltr'>ῥεύσεως</span> <span class='ocrx_word' id='word_1_360' title='bbox 2239 1820 2332 1871; x_wconf 75' lang='grc' dir='ltr'><strong>καὶ</strong></span> <span class='ocrx_word' id='word_1_361' title='bbox 2361 1819 2619 1886; x_wconf 78' lang='grc' dir='ltr'>ἐργασίας</span> <span class='ocrx_word' id='word_1_362' title='bbox 2652 1818 2910 1889; x_wconf 83' lang='grc' dir='ltr'>ἀνδρὸς),</span> <span class='ocrx_word' id='word_1_363' title='bbox 2947 1819 3038 1870; x_wconf 80' lang='grc' dir='ltr'>καὶ</span> <span class='ocrx_word' id='word_1_364' title='bbox 3066 1817 3395 1869; x_wconf 80' lang='grc' dir='ltr'>λεπτύνοντα</span> <span class='ocrx_word' id='word_1_365' title='bbox 3425 1816 3520 1886; x_wconf 72' lang='grc' dir='ltr'>τὴν</span> 
     </span>
    </p>
   </div>
   <div class='ocr_carea' id='block_1_47' title="bbox 1961 1906 3519 1979">
    <p class='ocr_par' dir='ltr' id='par_1_47' title="bbox 1961 1906 3519 1979">
     <span class='ocr_line' id='line_1_47' title="bbox 1961 1906 3519 1979; baseline -0.001 -19"><span class='ocrx_word' id='word_1_366' title='bbox 1961 1908 2163 1972; x_wconf 70' lang='grc' dir='ltr'>εἰκόνα,</span> <span class='ocrx_word' id='word_1_367' title='bbox 2204 1907 2348 1961; x_wconf 87' lang='grc' dir='ltr'>τοῦτ’</span> <span class='ocrx_word' id='word_1_368' title='bbox 2409 1908 2522 1961; x_wconf 75' lang='grc' dir='ltr'>ἐστι</span> <span class='ocrx_word' id='word_1_369' title='bbox 2568 1909 2658 1962; x_wconf 84' lang='grc' dir='ltr'><strong>τὸν</strong></span> <span class='ocrx_word' id='word_1_370' title='bbox 2697 1909 2899 1979; x_wconf 87' lang='grc' dir='ltr'>κόσμον</span> <span class='ocrx_word' id='word_1_371' title='bbox 2928 1908 3035 1961; x_wconf 77' lang='grc' dir='ltr'>ἀπὸ</span> <span class='ocrx_word' id='word_1_372' title='bbox 3064 1908 3163 1976; x_wconf 73' lang='grc' dir='ltr'>τῆς</span> <span class='ocrx_word' id='word_1_373' title='bbox 3212 1906 3519 1977; x_wconf 85' lang='grc' dir='ltr'>παχύτητος</span> 
     </span>
    </p>
   </div>
   <div class='ocr_carea' id='block_1_48' title="bbox 1958 1993 3518 2071">
    <p class='ocr_par' dir='ltr' id='par_1_48' title="bbox 1958 1993 3518 2071">
     <span class='ocr_line' id='line_1_48' title="bbox 1958 1993 3518 2071; baseline -0.003 -21"><span class='ocrx_word' id='word_1_374' title='bbox 1958 1998 2049 2063; x_wconf 71' lang='grc' dir='ltr'><strong>τοῦ</strong></span> <span class='ocrx_word' id='word_1_375' title='bbox 2078 1998 2189 2061; x_wconf 90' lang='grc' dir='ltr'>νοῦ,</span> <span class='ocrx_word' id='word_1_376' title='bbox 2216 1999 2311 2051; x_wconf 75' lang='grc' dir='ltr'><strong>καὶ</strong></span> <span class='ocrx_word' id='word_1_377' title='bbox 2343 2000 2439 2068; x_wconf 81' lang='grc' dir='ltr'>τῆς</span> <span class='ocrx_word' id='word_1_378' title='bbox 2467 1999 2830 2069; x_wconf 84' lang='grc' dir='ltr'>χυδαιότητος,</span> <span class='ocrx_word' id='word_1_379' title='bbox 2924 1997 3138 2066; x_wconf 81' lang='grc' dir='ltr'><strong>συνέζη.</strong></span> <span class='ocrx_word' id='word_1_380' title='bbox 3174 1997 3284 2050; x_wconf 81' lang='lat' dir='ltr'><strong>Kal.</strong></span> <span class='ocrx_word' id='word_1_381' title='bbox 3315 1997 3365 2048; x_wconf 84' lang='grc' dir='ltr'>τί</span> <span class='ocrx_word' id='word_1_382' title='bbox 3392 1994 3518 2047; x_wconf 77' lang='grc' dir='ltr'>θαυ-</span> 
     </span>
    </p>
   </div>
   <div class='ocr_carea' id='block_1_49' title="bbox 1963 2088 3520 2160">
    <p class='ocr_par' dir='ltr' id='par_1_49' title="bbox 1963 2088 3520 2160">
     <span class='ocr_line' id='line_1_49' title="bbox 1963 2088 3520 2160; baseline -0.001 -19"><span class='ocrx_word' id='word_1_383' title='bbox 1963 2088 2225 2159; x_wconf 78' lang='grc' dir='ltr'>μάζομεν,</span> <span class='ocrx_word' id='word_1_384' title='bbox 2265 2092 2313 2142; x_wconf 84' lang='grc' dir='ltr'><strong>εί</strong></span> <span class='ocrx_word' id='word_1_385' title='bbox 2350 2090 2487 2160; x_wconf 78' lang='grc' dir='ltr'>ὑπὲρ</span> <span class='ocrx_word' id='word_1_386' title='bbox 2516 2090 2671 2157; x_wconf 91' lang='grc' dir='ltr'>λόγον</span> <span class='ocrx_word' id='word_1_387' title='bbox 2703 2091 2795 2141; x_wconf 77' lang='grc' dir='ltr'><strong>καὶ</strong></span> <span class='ocrx_word' id='word_1_388' title='bbox 2827 2089 2949 2142; x_wconf 91' lang='grc' dir='ltr'>νοῦν</span> <span class='ocrx_word' id='word_1_389' title='bbox 2991 2090 3253 2159; x_wconf 85' lang='grc' dir='ltr'>σωτήριον</span> <span class='ocrx_word' id='word_1_390' title='bbox 3292 2089 3520 2159; x_wconf 75' lang='grc' dir='ltr'>πρᾶγμα.</span> 
     </span>
    </p>
   </div>
   <div class='ocr_carea' id='block_1_50' title="bbox 1961 2178 3515 2251">
    <p class='ocr_par' dir='ltr' id='par_1_50' title="bbox 1961 2178 3515 2251">
     <span class='ocr_line' id='line_1_50' title="bbox 1961 2178 3515 2251; baseline -0.003 -19"><span class='ocrx_word' id='word_1_391' title='bbox 1961 2180 2065 2248; x_wconf 84' lang='grc' dir='ltr'><strong>πρὸ</strong></span> <span class='ocrx_word' id='word_1_392' title='bbox 2093 2178 2300 2232; x_wconf 73' lang='grc' dir='ltr'>αἰώνων</span> <span class='ocrx_word' id='word_1_393' title='bbox 2336 2183 2403 2251; x_wconf 76' lang='grc' dir='ltr'>τῇ</span> <span class='ocrx_word' id='word_1_394' title='bbox 2455 2181 2575 2251; x_wconf 78' lang='grc' dir='ltr'>θείᾳ</span> <span class='ocrx_word' id='word_1_395' title='bbox 2615 2178 2918 2248; x_wconf 76' lang='grc' dir='ltr'>προγνώσει</span> <span class='ocrx_word' id='word_1_396' title='bbox 2950 2180 3193 2245; x_wconf 77' lang='grc' dir='ltr'>ἑγένετο;</span> <span class='ocrx_word' id='word_1_397' title='bbox 3236 2178 3409 2229; x_wconf 83' lang='grc' dir='ltr'>Ὅπου</span> <span class='ocrx_word' id='word_1_398' title='bbox 3448 2193 3515 2244; x_wconf 59' lang='grc' dir='ltr'>τε</span> 
     </span>
    </p>
   </div>
   <div class='ocr_carea' id='block_1_51' title="bbox 1960 2269 3516 2343">
    <p class='ocr_par' dir='ltr' id='par_1_51' title="bbox 1960 2269 3516 2343">
     <span class='ocr_line' id='line_1_51' title="bbox 1960 2269 3516 2343; baseline -0.002 -20"><span class='ocrx_word' id='word_1_399' title='bbox 1960 2271 2053 2323; x_wconf 80' lang='grc' dir='ltr'>καὶ</span> <span class='ocrx_word' id='word_1_400' title='bbox 2084 2272 2230 2340; x_wconf 80' lang='grc' dir='ltr'>ἡμᾶς</span> <span class='ocrx_word' id='word_1_401' title='bbox 2259 2274 2325 2341; x_wconf 78' lang='grc' dir='ltr'>τῇ</span> <span class='ocrx_word' id='word_1_402' title='bbox 2358 2272 2619 2342; x_wconf 80' lang='grc' dir='ltr'>ἀφράστῳ</span> <span class='ocrx_word' id='word_1_403' title='bbox 2647 2271 2819 2343; x_wconf 81' lang='grc' dir='ltr'>ταύτῃ</span> <span class='ocrx_word' id='word_1_404' title='bbox 2848 2269 3148 2340; x_wconf 83' lang='grc' dir='ltr'>προγνώσει</span> <span class='ocrx_word' id='word_1_405' title='bbox 3175 2272 3271 2322; x_wconf 77' lang='grc' dir='ltr'><strong>καὶ</strong></span> <span class='ocrx_word' id='word_1_406' title='bbox 3296 2269 3516 2337; x_wconf 76' lang='grc' dir='ltr'><strong>δυνάμει</strong></span> 
     </span>
    </p>
   </div>
   <div class='ocr_carea' id='block_1_52' title="bbox 1959 2359 3516 2433">
    <p class='ocr_par' dir='ltr' id='par_1_52' title="bbox 1959 2359 3516 2433">
     <span class='ocr_line' id='line_1_52' title="bbox 1959 2359 3516 2433; baseline -0.003 -19"><span class='ocrx_word' id='word_1_407' title='bbox 1959 2362 2065 2433; x_wconf 73' lang='grc' dir='ltr'>πρὸ</span> <span class='ocrx_word' id='word_1_408' title='bbox 2117 2361 2225 2415; x_wconf 84' lang='grc' dir='ltr'><strong>τῶν</strong></span> <span class='ocrx_word' id='word_1_409' title='bbox 2281 2363 2490 2416; x_wconf 84' lang='grc' dir='ltr'>αἰώνων</span> <span class='ocrx_word' id='word_1_410' title='bbox 2544 2362 2790 2415; x_wconf 77' lang='grc' dir='ltr'>ἐκτίσθαι</span> <span class='ocrx_word' id='word_1_411' title='bbox 2840 2364 2934 2415; x_wconf 84' lang='grc' dir='ltr'><strong>καὶ</strong></span> <span class='ocrx_word' id='word_1_412' title='bbox 2986 2360 3253 2414; x_wconf 82' lang='grc' dir='ltr'>σεσῶσθαι</span> <span class='ocrx_word' id='word_1_413' title='bbox 3302 2359 3442 2427; x_wconf 82' lang='grc' dir='ltr'>λέγει</span> <span class='ocrx_word' id='word_1_414' title='bbox 3486 2362 3516 2410; x_wconf 87' lang='grc' dir='ltr'><strong>ό</strong></span> 
     </span>
    </p>
   </div>
   <div class='ocr_carea' id='block_1_53' title="bbox 1973 2449 3515 2524">
    <p class='ocr_par' dir='ltr' id='par_1_53' title="bbox 1973 2449 3515 2524">
     <span class='ocr_line' id='line_1_53' title="bbox 1973 2449 3515 2524; baseline -0.003 -20"><span class='ocrx_word' id='word_1_415' title='bbox 1973 2452 2319 2518; x_wconf 81' lang='grc' dir='ltr'>Ἀπόστολος,</span> <span class='ocrx_word' id='word_1_416' title='bbox 2350 2454 2572 2524; x_wconf 80' lang='grc' dir='ltr'>γράφων</span> <span class='ocrx_word' id='word_1_417' title='bbox 2592 2452 2810 2505; x_wconf 84' lang='grc' dir='ltr'>τοιῶσδε</span> <span class='ocrx_word' id='word_1_418' title='bbox 2858 2451 3118 2520; x_wconf 82' lang='grc' dir='ltr'>Ἐφεσίοις</span> <span class='ocrx_word' id='word_1_419' title='bbox 3178 2450 3278 2520; x_wconf 81' lang='grc' dir='ltr'><strong>μέν</strong></span> <span class='ocrx_word' id='word_1_420' title='bbox 3297 2467 3311 2480; x_wconf 94' lang='grc'><strong>·</strong></span> <span class='ocrx_word' id='word_1_421' title='bbox 3343 2469 3362 2501; x_wconf 72' lang='grc' dir='ltr'><strong>ι</strong></span> <span class='ocrx_word' id='word_1_422' title='bbox 3404 2449 3515 2512; x_wconf 82' lang='grc' dir='ltr'><strong>Ἐξ-</strong></span> 
     </span>
    </p>
   </div>
   <div class='ocr_carea' id='block_1_54' title="bbox 1959 2539 3511 2615">
    <p class='ocr_par' dir='ltr' id='par_1_54' title="bbox 1959 2539 3511 2615">
     <span class='ocr_line' id='line_1_54' title="bbox 1959 2539 3511 2615; baseline -0.001 -20"><span class='ocrx_word' id='word_1_423' title='bbox 1959 2544 2172 2607; x_wconf 83' lang='grc' dir='ltr'>ελέξατο</span> <span class='ocrx_word' id='word_1_424' title='bbox 2221 2547 2365 2615; x_wconf 76' lang='grc' dir='ltr'>ἡμᾶς</span> <span class='ocrx_word' id='word_1_425' title='bbox 2416 2545 2590 2615; x_wconf 83' lang='grc' dir='ltr'>ἑαυτῷ</span> <span class='ocrx_word' id='word_1_426' title='bbox 2640 2544 2744 2614; x_wconf 84' lang='grc' dir='ltr'><strong>πρὸ</strong></span> <span class='ocrx_word' id='word_1_427' title='bbox 2793 2543 3093 2613; x_wconf 78' lang='grc' dir='ltr'>καταϐολῆς</span> <span class='ocrx_word' id='word_1_428' title='bbox 3138 2544 3345 2613; x_wconf 82' lang='grc' dir='ltr'>κόσμου</span> <span class='ocrx_word' id='word_1_429' title='bbox 3380 2539 3511 2595; x_wconf 84' lang='grc' dir='ltr'>εἶναι</span> 
     </span>
    </p>
   </div>
   <div class='ocr_carea' id='block_1_55' title="bbox 1960 2634 3509 2707">
    <p class='ocr_par' dir='ltr' id='par_1_55' title="bbox 1960 2634 3509 2707">
     <span class='ocr_line' id='line_1_55' title="bbox 1960 2634 3509 2707; baseline -0.001 -19"><span class='ocrx_word' id='word_1_430' title='bbox 1960 2638 2146 2704; x_wconf 88' lang='grc' dir='ltr'>ἁγίους</span> <span class='ocrx_word' id='word_1_431' title='bbox 2186 2639 2277 2690; x_wconf 77' lang='grc' dir='ltr'><strong>καὶ</strong></span> <span class='ocrx_word' id='word_1_432' title='bbox 2313 2636 2572 2707; x_wconf 85' lang='grc' dir='ltr'>ἀμώμους</span> <span class='ocrx_word' id='word_1_433' title='bbox 2611 2640 2729 2689; x_wconf 88' lang='grc' dir='ltr'>κατ’</span> <span class='ocrx_word' id='word_1_434' title='bbox 2757 2636 2982 2689; x_wconf 75' lang='grc' dir='ltr'>ἐνώπιον</span> <span class='ocrx_word' id='word_1_435' title='bbox 3020 2634 3180 2689; x_wconf 79' lang='grc' dir='ltr'>αὑτοῦ</span> <span class='ocrx_word' id='word_1_436' title='bbox 3210 2638 3267 2687; x_wconf 82' lang='grc' dir='ltr'>ἐν</span> <span class='ocrx_word' id='word_1_437' title='bbox 3306 2635 3509 2702; x_wconf 79' lang='grc' dir='ltr'>ἀγάπῃ,</span> 
     </span>
    </p>
   </div>
   <div class='ocr_carea' id='block_1_56' title="bbox 1958 2724 3511 2799">
    <p class='ocr_par' dir='ltr' id='par_1_56' title="bbox 1958 2724 3511 2799">
     <span class='ocr_line' id='line_1_56' title="bbox 1958 2724 3511 2799; baseline -0.003 -20"><span class='ocrx_word' id='word_1_438' title='bbox 1958 2728 2248 2799; x_wconf 85' lang='grc' dir='ltr'>προορίσας</span> <span class='ocrx_word' id='word_1_439' title='bbox 2272 2730 2417 2798; x_wconf 80' lang='grc' dir='ltr'>ἡμᾶς</span> <span class='ocrx_word' id='word_1_440' title='bbox 2441 2731 2518 2792; x_wconf 81' lang='grc' dir='ltr'><strong>είς</strong></span> <span class='ocrx_word' id='word_1_441' title='bbox 2545 2730 2839 2783; x_wconf 83' lang='grc' dir='ltr'>υἱοθεσίαν·</span> <span class='ocrx_word' id='word_1_442' title='bbox 2877 2749 2893 2779; x_wconf 75' lang='grc' dir='ltr'><strong>ι</strong></span> <span class='ocrx_word' id='word_1_443' title='bbox 2920 2726 3165 2797; x_wconf 76' lang='grc' dir='ltr'>Τιμοθέῳ</span> <span class='ocrx_word' id='word_1_444' title='bbox 3184 2725 3241 2777; x_wconf 85' lang='grc' dir='ltr'>δέ</span> <span class='ocrx_word' id='word_1_445' title='bbox 3259 2742 3275 2755; x_wconf 94' lang='grc'><strong>·</strong></span> <span class='ocrx_word' id='word_1_446' title='bbox 3311 2743 3330 2774; x_wconf 76' lang='grc' dir='ltr'><strong>ι</strong></span> <span class='ocrx_word' id='word_1_447' title='bbox 3362 2724 3511 2777; x_wconf 80' lang='grc' dir='ltr'>Κατὰ</span> 
     </span>
    </p>
   </div>
   <div class='ocr_carea' id='block_1_57' title="bbox 1956 2799 3509 2889">
    <p class='ocr_par' dir='ltr' id='par_1_57' title="bbox 1956 2799 3509 2889">
     <span class='ocr_line' id='line_1_57' title="bbox 1956 2799 3509 2889; baseline 0.005 -20"><span class='ocrx_word' id='word_1_448' title='bbox 1956 2817 2181 2887; x_wconf 78' lang='grc' dir='ltr'>δύναμιν</span> <span class='ocrx_word' id='word_1_449' title='bbox 2224 2816 2356 2871; x_wconf 88' lang='grc' dir='ltr'>Θεοῦ</span> <span class='ocrx_word' id='word_1_450' title='bbox 2402 2799 2495 2871; x_wconf 80' lang='grc' dir='ltr'><strong>τοῦ</strong></span> <span class='ocrx_word' id='word_1_451' title='bbox 2543 2819 2812 2882; x_wconf 88' lang='grc' dir='ltr'>σώσαντος</span> <span class='ocrx_word' id='word_1_452' title='bbox 2848 2821 3027 2889; x_wconf 81' lang='grc' dir='ltr'>ἡμᾶς,</span> <span class='ocrx_word' id='word_1_453' title='bbox 3056 2818 3147 2870; x_wconf 79' lang='grc' dir='ltr'><strong>καὶ</strong></span> <span class='ocrx_word' id='word_1_454' title='bbox 3185 2816 3509 2877; x_wconf 81' lang='grc' dir='ltr'>καλέσαντος</span> 
     </span>
    </p>
   </div>
   <div class='ocr_carea' id='block_1_58' title="bbox 1957 2908 3511 2982">
    <p class='ocr_par' dir='ltr' id='par_1_58' title="bbox 1957 2908 3511 2982">
     <span class='ocr_line' id='line_1_58' title="bbox 1957 2908 3511 2982; baseline 0.004 -23"><span class='ocrx_word' id='word_1_455' title='bbox 1957 2908 2143 2977; x_wconf 82' lang='grc' dir='ltr'>κλήσει</span> <span class='ocrx_word' id='word_1_456' title='bbox 2176 2911 2325 2980; x_wconf 76' lang='grc' dir='ltr'>ἁγίᾳ,</span> <span class='ocrx_word' id='word_1_457' title='bbox 2360 2911 2418 2962; x_wconf 85' lang='grc' dir='ltr'><strong>οῦ</strong></span> <span class='ocrx_word' id='word_1_458' title='bbox 2451 2911 2587 2963; x_wconf 81' lang='grc' dir='ltr'>κατὰ</span> <span class='ocrx_word' id='word_1_459' title='bbox 2620 2912 2687 2964; x_wconf 74' lang='grc' dir='ltr'>τὰ</span> <span class='ocrx_word' id='word_1_460' title='bbox 2724 2911 2840 2982; x_wconf 87' lang='grc'>[161</span> <span class='ocrx_word' id='word_1_461' title='bbox 2874 2910 2929 2981; x_wconf 77' lang='lat' dir='ltr'><strong>a]</strong></span> <span class='ocrx_word' id='word_1_462' title='bbox 2986 2910 3121 2982; x_wconf 75' lang='grc' dir='ltr'>ἔργα</span> <span class='ocrx_word' id='word_1_463' title='bbox 3153 2909 3347 2978; x_wconf 77' lang='grc' dir='ltr'>ἡμῶν,</span> <span class='ocrx_word' id='word_1_464' title='bbox 3383 2908 3511 2961; x_wconf 72' lang='grc' dir='ltr'>ἀλλὰ</span> 
     </span>
    </p>
   </div>
   <div class='ocr_carea' id='block_1_59' title="bbox 1956 3000 3508 3074">
    <p class='ocr_par' dir='ltr' id='par_1_59' title="bbox 1956 3000 3508 3074">
     <span class='ocr_line' id='line_1_59' title="bbox 1956 3000 3508 3074; baseline 0.001 -23"><span class='ocrx_word' id='word_1_465' title='bbox 1956 3000 2097 3053; x_wconf 81' lang='grc' dir='ltr'>κατὰ</span> <span class='ocrx_word' id='word_1_466' title='bbox 2127 3002 2259 3054; x_wconf 77' lang='grc' dir='ltr'>ἰδίαν</span> <span class='ocrx_word' id='word_1_467' title='bbox 2289 3002 2543 3073; x_wconf 87' lang='grc' dir='ltr'>πρόθεσιν</span> <span class='ocrx_word' id='word_1_468' title='bbox 2569 3004 2661 3056; x_wconf 75' lang='grc' dir='ltr'>καὶ</span> <span class='ocrx_word' id='word_1_469' title='bbox 2691 3004 2869 3074; x_wconf 84' lang='grc' dir='ltr'>χάριν,</span> <span class='ocrx_word' id='word_1_470' title='bbox 2893 3004 2988 3073; x_wconf 83' lang='grc' dir='ltr'><strong>τὴν</strong></span> <span class='ocrx_word' id='word_1_471' title='bbox 3013 3002 3252 3055; x_wconf 80' lang='grc' dir='ltr'>δοθεῖσαν</span> <span class='ocrx_word' id='word_1_472' title='bbox 3283 3004 3416 3073; x_wconf 73' lang='grc' dir='ltr'>ἡμῖν</span> <span class='ocrx_word' id='word_1_473' title='bbox 3453 3004 3508 3053; x_wconf 82' lang='grc' dir='ltr'>ὲν</span> 
     </span>
    </p>
   </div>
   <div class='ocr_carea' id='block_1_60' title="bbox 295 3092 1849 3198">
    <p class='ocr_par' dir='ltr' id='par_1_60' title="bbox 295 3101 1849 3167">
     <span class='ocr_line' id='line_1_60' title="bbox 295 3101 1849 3167; baseline 0.003 -12"><span class='ocrx_word' id='word_1_474' title='bbox 295 3103 443 3155; x_wconf 82' lang='lat' dir='ltr'><strong>vavit</strong></span> <span class='ocrx_word' id='word_1_475' title='bbox 474 3118 596 3167; x_wconf 90' lang='lat' dir='ltr'><strong>nos,</strong></span> <span class='ocrx_word' id='word_1_476' title='bbox 633 3109 686 3155; x_wconf 91' lang='lat' dir='ltr'><strong>et</strong></span> <span class='ocrx_word' id='word_1_477' title='bbox 718 3101 929 3155; x_wconf 83' lang='lat' dir='ltr'><strong>vocavit</strong></span> <span class='ocrx_word' id='word_1_478' title='bbox 961 3103 1244 3157; x_wconf 88' lang='lat' dir='ltr'><strong>vocatione</strong></span> <span class='ocrx_word' id='word_1_479' title='bbox 1273 3115 1481 3165; x_wconf 85' lang='lat' dir='ltr'><strong>sancta.</strong></span> <span class='ocrx_word' id='word_1_480' title='bbox 1524 3120 1627 3158; x_wconf 91' lang='lat' dir='ltr'><strong>non</strong></span> <span class='ocrx_word' id='word_1_481' title='bbox 1660 3120 1849 3159; x_wconf 90' lang='lat' dir='ltr'><strong>secun-</strong></span> 
     </span>
    </p>
   </div>
   <div class='ocr_carea' id='block_1_61' title="bbox 1970 3092 3505 3198">
    <p class='ocr_par' dir='ltr' id='par_1_61' title="bbox 1970 3092 3505 3166">
     <span class='ocr_line' id='line_1_61' title="bbox 1970 3092 3505 3166; baseline 0.001 -23"><span class='ocrx_word' id='word_1_482' title='bbox 1970 3092 2175 3163; x_wconf 63' lang='grc' dir='ltr'>Χριστῷ</span> <span class='ocrx_word' id='word_1_483' title='bbox 2225 3094 2397 3165; x_wconf 80' lang='grc' dir='ltr'>Ἰησοῦ</span> <span class='ocrx_word' id='word_1_484' title='bbox 2437 3094 2541 3166; x_wconf 71' lang='grc' dir='ltr'>πρὸ</span> <span class='ocrx_word' id='word_1_485' title='bbox 2587 3095 2789 3166; x_wconf 84' lang='grc' dir='ltr'>χρόνων</span> <span class='ocrx_word' id='word_1_486' title='bbox 2822 3094 3072 3161; x_wconf 78' lang='grc' dir='ltr'>αἰωνίων,</span> <span class='ocrx_word' id='word_1_487' title='bbox 3107 3094 3505 3164; x_wconf 68' lang='grc' dir='ltr'>φανερωθεῖσαν</span> 
     </span>
    </p>
   </div>
   <div class='ocr_carea' id='block_1_62' title="bbox 297 3194 1854 3267">
    <p class='ocr_par' dir='ltr' id='par_1_62' title="bbox 297 3194 1854 3267">
     <span class='ocr_line' id='line_1_62' title="bbox 297 3194 1854 3267; baseline 0.003 -20"><span class='ocrx_word' id='word_1_488' title='bbox 297 3195 423 3248; x_wconf 80' lang='lat' dir='ltr'><strong>dum</strong></span> <span class='ocrx_word' id='word_1_489' title='bbox 461 3208 626 3264; x_wconf 86' lang='lat' dir='ltr'><strong>opera</strong></span> <span class='ocrx_word' id='word_1_490' title='bbox 657 3203 862 3260; x_wconf 86' lang='lat' dir='ltr'><strong>nostra,</strong></span> <span class='ocrx_word' id='word_1_491' title='bbox 900 3194 993 3247; x_wconf 90' lang='lat' dir='ltr'><strong>sed</strong></span> <span class='ocrx_word' id='word_1_492' title='bbox 1032 3196 1325 3247; x_wconf 81' lang='lat' dir='ltr'><strong>secundum</strong></span> <span class='ocrx_word' id='word_1_493' title='bbox 1357 3196 1625 3263; x_wconf 77' lang='lat' dir='ltr'><strong>proprium</strong></span> <span class='ocrx_word' id='word_1_494' title='bbox 1661 3212 1854 3267; x_wconf 89' lang='lat' dir='ltr'><strong>propo-</strong></span> 
     </span>
    </p>
   </div>
   <div class='ocr_carea' id='block_1_63' title="bbox 295 3285 1853 3355">
    <p class='ocr_par' dir='ltr' id='par_1_63' title="bbox 295 3285 1853 3355">
     <span class='ocr_line' id='line_1_63' title="bbox 295 3285 1853 3355; baseline 0.002 -14"><span class='ocrx_word' id='word_1_495' title='bbox 295 3288 481 3351; x_wconf 87' lang='lat' dir='ltr'><strong>situm,</strong></span> <span class='ocrx_word' id='word_1_496' title='bbox 517 3296 570 3340; x_wconf 87' lang='lat' dir='ltr'><strong>et</strong></span> <span class='ocrx_word' id='word_1_497' title='bbox 597 3286 826 3355; x_wconf 79' lang='lat' dir='ltr'><strong>gratiam</strong></span> <span class='ocrx_word' id='word_1_498' title='bbox 852 3285 1028 3338; x_wconf 87' lang='lat' dir='ltr'><strong>datam</strong></span> <span class='ocrx_word' id='word_1_499' title='bbox 1054 3286 1206 3339; x_wconf 88' lang='lat' dir='ltr'><strong>nobis</strong></span> <span class='ocrx_word' id='word_1_500' title='bbox 1255 3287 1307 3338; x_wconf 86' lang='lat' dir='ltr'><strong>lu</strong></span> <span class='ocrx_word' id='word_1_501' title='bbox 1340 3288 1554 3341; x_wconf 83' lang='lat' dir='ltr'><strong>Christo</strong></span> <span class='ocrx_word' id='word_1_502' title='bbox 1584 3287 1705 3341; x_wconf 81' lang='lat' dir='ltr'><strong>Jesu</strong></span> <span class='ocrx_word' id='word_1_503' title='bbox 1728 3300 1853 3344; x_wconf 90' lang='lat' dir='ltr'><strong>ante</strong></span> 
     </span>
    </p>
   </div>
   <div class='ocr_carea' id='block_1_64' title="bbox 296 3376 1852 3449">
    <p class='ocr_par' dir='ltr' id='par_1_64' title="bbox 296 3376 1852 3449">
     <span class='ocr_line' id='line_1_64' title="bbox 296 3376 1852 3449; baseline 0.002 -19"><span class='ocrx_word' id='word_1_504' title='bbox 296 3390 542 3447; x_wconf 88' lang='lat' dir='ltr'><strong>tempora</strong></span> <span class='ocrx_word' id='word_1_505' title='bbox 595 3376 894 3443; x_wconf 78' lang='lat' dir='ltr'><strong>saecularia,</strong></span> <span class='ocrx_word' id='word_1_506' title='bbox 948 3376 1342 3430; x_wconf 87' lang='lat' dir='ltr'><strong>manifestatam</strong></span> <span class='ocrx_word' id='word_1_507' title='bbox 1374 3389 1549 3432; x_wconf 87' lang='lat' dir='ltr'><strong>autem</strong></span> <span class='ocrx_word' id='word_1_508' title='bbox 1592 3394 1737 3433; x_wconf 89' lang='lat' dir='ltr'><strong>nunc</strong></span> <span class='ocrx_word' id='word_1_509' title='bbox 1757 3394 1852 3449; x_wconf 83' lang='lat' dir='ltr'><strong>per</strong></span> 
     </span>
    </p>
   </div>
   <div class='ocr_carea' id='block_1_65' title="bbox 295 3466 1566 3523">
    <p class='ocr_par' dir='ltr' id='par_1_65' title="bbox 295 3466 1566 3523">
     <span class='ocr_line' id='line_1_65' title="bbox 295 3466 1566 3523; baseline -0.002 -1"><span class='ocrx_word' id='word_1_510' title='bbox 295 3469 585 3522; x_wconf 85' lang='lat' dir='ltr'><strong>adventum</strong></span> <span class='ocrx_word' id='word_1_511' title='bbox 623 3466 917 3521; x_wconf 85' lang='lat' dir='ltr'><strong>Salvatoris</strong></span> <span class='ocrx_word' id='word_1_512' title='bbox 941 3468 1107 3522; x_wconf 91' lang='lat' dir='ltr'><strong>nostri</strong></span> <span class='ocrx_word' id='word_1_513' title='bbox 1134 3467 1258 3522; x_wconf 85' lang='lat' dir='ltr'><strong>Jesu</strong></span> <span class='ocrx_word' id='word_1_514' title='bbox 1293 3468 1514 3523; x_wconf 87' lang='lat' dir='ltr'><strong>Christi.</strong></span> <span class='ocrx_word' id='word_1_515' title='bbox 1546 3488 1566 3520; x_wconf 77' lang='grc' dir='ltr'><strong>ι</strong></span> 
     </span>
    </p>
   </div>
   <div class='ocr_carea' id='block_1_66' title="bbox 369 3557 1848 3628">
    <p class='ocr_par' dir='ltr' id='par_1_66' title="bbox 369 3557 1848 3628">
     <span class='ocr_line' id='line_1_66' title="bbox 369 3557 1848 3628; baseline 0.003 -15"><span class='ocrx_word' id='word_1_516' title='bbox 369 3558 531 3613; x_wconf 82' lang='lat' dir='ltr'><strong>Multa</strong></span> <span class='ocrx_word' id='word_1_517' title='bbox 562 3560 704 3613; x_wconf 90' lang='lat' dir='ltr'><strong>enim</strong></span> <span class='ocrx_word' id='word_1_518' title='bbox 741 3574 862 3613; x_wconf 90' lang='lat' dir='ltr'><strong>cum</strong></span> <span class='ocrx_word' id='word_1_519' title='bbox 895 3557 1072 3613; x_wconf 88' lang='lat' dir='ltr'><strong>futura</strong></span> <span class='ocrx_word' id='word_1_520' title='bbox 1107 3560 1258 3628; x_wconf 89' lang='lat' dir='ltr'><strong>quasi</strong></span> <span class='ocrx_word' id='word_1_521' title='bbox 1286 3559 1395 3627; x_wconf 87' lang='lat' dir='ltr'><strong>jam</strong></span> <span class='ocrx_word' id='word_1_522' title='bbox 1426 3561 1717 3628; x_wconf 67' lang='lat' dir='ltr'><strong>praeterita.</strong></span> <span class='ocrx_word' id='word_1_523' title='bbox 1739 3572 1848 3617; x_wconf 92' lang='lat' dir='ltr'><strong>tum</strong></span> 
     </span>
    </p>
   </div>
   <div class='ocr_carea' id='block_1_67' title="bbox 295 3649 1851 3718">
    <p class='ocr_par' dir='ltr' id='par_1_67' title="bbox 295 3649 1851 3718">
     <span class='ocr_line' id='line_1_67' title="bbox 295 3649 1851 3718; baseline 0.003 -16"><span class='ocrx_word' id='word_1_524' title='bbox 295 3652 457 3703; x_wconf 78' lang='lat' dir='ltr'><strong>etiam</strong></span> <span class='ocrx_word' id='word_1_525' title='bbox 488 3649 757 3718; x_wconf 75' lang='lat' dir='ltr'><strong>pneterita</strong></span> <span class='ocrx_word' id='word_1_526' title='bbox 785 3649 937 3718; x_wconf 89' lang='lat' dir='ltr'><strong>quasi</strong></span> <span class='ocrx_word' id='word_1_527' title='bbox 974 3650 1148 3704; x_wconf 90' lang='lat' dir='ltr'><strong>adhuc</strong></span> <span class='ocrx_word' id='word_1_528' title='bbox 1171 3650 1504 3715; x_wconf 74' lang='lat' dir='ltr'><strong>cxsistentia,</strong></span> <span class='ocrx_word' id='word_1_529' title='bbox 1548 3652 1629 3705; x_wconf 87' lang='lat' dir='ltr'><strong>vel</strong></span> <span class='ocrx_word' id='word_1_530' title='bbox 1675 3653 1851 3715; x_wconf 84' lang='lat' dir='ltr'><strong>futura</strong></span> 
     </span>
    </p>
   </div>
   <div class='ocr_carea' id='block_1_68' title="bbox 296 3739 1852 3813">
    <p class='ocr_par' dir='ltr' id='par_1_68' title="bbox 296 3739 1852 3813">
     <span class='ocr_line' id='line_1_68' title="bbox 296 3739 1852 3813; baseline 0.004 -22"><span class='ocrx_word' id='word_1_531' title='bbox 296 3741 591 3809; x_wconf 69' lang='lat' dir='ltr'><strong>pmdicere</strong></span> <span class='ocrx_word' id='word_1_532' title='bbox 623 3739 760 3795; x_wconf 88' lang='lat' dir='ltr'><strong>solet</strong></span> <span class='ocrx_word' id='word_1_533' title='bbox 794 3741 1086 3795; x_wconf 87' lang='lat' dir='ltr'><strong>onmiscius</strong></span> <span class='ocrx_word' id='word_1_534' title='bbox 1141 3751 1195 3795; x_wconf 92' lang='lat' dir='ltr'><strong>et</strong></span> <span class='ocrx_word' id='word_1_535' title='bbox 1243 3743 1579 3811; x_wconf 82' lang='lat' dir='ltr'><strong>omnipotens</strong></span> <span class='ocrx_word' id='word_1_536' title='bbox 1619 3744 1852 3813; x_wconf 85' lang='lat' dir='ltr'><strong>Spiritus</strong></span> 
     </span>
    </p>
   </div>
   <div class='ocr_carea' id='block_1_69' title="bbox 294 3834 1853 3903">
    <p class='ocr_par' dir='ltr' id='par_1_69' title="bbox 294 3834 1853 3903">
     <span class='ocr_line' id='line_1_69' title="bbox 294 3834 1853 3903; baseline 0.003 -19"><span class='ocrx_word' id='word_1_537' title='bbox 294 3842 553 3898; x_wconf 80' lang='lat' dir='ltr'><strong>sanctus;</strong></span> <span class='ocrx_word' id='word_1_538' title='bbox 589 3834 821 3886; x_wconf 81' lang='lat' dir='ltr'><strong>maxime</strong></span> <span class='ocrx_word' id='word_1_539' title='bbox 842 3847 969 3886; x_wconf 92' lang='lat' dir='ltr'><strong>vero</strong></span> <span class='ocrx_word' id='word_1_540' title='bbox 1002 3848 1086 3898; x_wconf 89' lang='lat' dir='ltr'><strong>ea,</strong></span> <span class='ocrx_word' id='word_1_541' title='bbox 1125 3848 1245 3902; x_wconf 65' lang='lat' dir='ltr'><strong>qua:</strong></span> <span class='ocrx_word' id='word_1_542' title='bbox 1272 3843 1515 3903; x_wconf 88' lang='lat' dir='ltr'><strong>spectant</strong></span> <span class='ocrx_word' id='word_1_543' title='bbox 1563 3837 1613 3890; x_wconf 90' lang='lat' dir='ltr'><strong>in</strong></span> <span class='ocrx_word' id='word_1_544' title='bbox 1668 3834 1853 3890; x_wconf 79' lang='lat' dir='ltr'><strong>ineffa-</strong></span> 
     </span>
    </p>
   </div>
   <div class='ocr_carea' id='block_1_70' title="bbox 292 3922 1849 3993">
    <p class='ocr_par' dir='ltr' id='par_1_70' title="bbox 292 3922 1849 3993">
     <span class='ocr_line' id='line_1_70' title="bbox 292 3922 1849 3993; baseline 0.001 -16"><span class='ocrx_word' id='word_1_545' title='bbox 292 3922 453 3977; x_wconf 77' lang='lat' dir='ltr'><strong>bilem</strong></span> <span class='ocrx_word' id='word_1_546' title='bbox 478 3924 946 3989; x_wconf 87' lang='lat' dir='ltr'><strong>lncarnationem,</strong></span> <span class='ocrx_word' id='word_1_547' title='bbox 998 3923 1144 3977; x_wconf 90' lang='lat' dir='ltr'><strong>velut</strong></span> <span class='ocrx_word' id='word_1_548' title='bbox 1200 3926 1472 3993; x_wconf 69' lang='lat' dir='ltr'><strong>praeterita</strong></span> <span class='ocrx_word' id='word_1_549' title='bbox 1525 3927 1849 3990; x_wconf 88' lang='lat' dir='ltr'><strong>enuntiavit,</strong></span> 
     </span>
    </p>
   </div>
   <div class='ocr_carea' id='block_1_71' title="bbox 290 4015 1847 4084">
    <p class='ocr_par' dir='ltr' id='par_1_71' title="bbox 290 4015 1847 4084">
     <span class='ocr_line' id='line_1_71' title="bbox 290 4015 1847 4084; baseline 0.003 -17"><span class='ocrx_word' id='word_1_550' title='bbox 290 4024 580 4084; x_wconf 82' lang='lat' dir='ltr'><strong>antequam</strong></span> <span class='ocrx_word' id='word_1_551' title='bbox 613 4015 832 4068; x_wconf 86' lang='lat' dir='ltr'><strong>fierent:</strong></span> <span class='ocrx_word' id='word_1_552' title='bbox 886 4026 944 4067; x_wconf 92' lang='lat' dir='ltr'><strong>ut</strong></span> <span class='ocrx_word' id='word_1_553' title='bbox 970 4030 1090 4068; x_wconf 90' lang='lat' dir='ltr'><strong>cum</strong></span> <span class='ocrx_word' id='word_1_554' title='bbox 1150 4016 1405 4070; x_wconf 91' lang='lat' dir='ltr'><strong>Dominus</strong></span> <span class='ocrx_word' id='word_1_555' title='bbox 1461 4032 1587 4070; x_wconf 84' lang='lat' dir='ltr'><strong>caro</strong></span> <span class='ocrx_word' id='word_1_556' title='bbox 1616 4019 1847 4072; x_wconf 91' lang='lat' dir='ltr'><strong>nondum</strong></span> 
     </span>
    </p>
   </div>
   <div class='ocr_carea' id='block_1_72' title="bbox 292 4103 1848 4175">
    <p class='ocr_par' dir='ltr' id='par_1_72' title="bbox 292 4103 1848 4175">
     <span class='ocr_line' id='line_1_72' title="bbox 292 4103 1848 4175; baseline 0.002 -17"><span class='ocrx_word' id='word_1_557' title='bbox 292 4105 469 4160; x_wconf 82' lang='lat' dir='ltr'><strong>factus</strong></span> <span class='ocrx_word' id='word_1_558' title='bbox 512 4105 587 4157; x_wconf 92' lang='lat' dir='ltr'><strong>ait</strong></span> <span class='ocrx_word' id='word_1_559' title='bbox 615 4105 666 4157; x_wconf 90' lang='lat' dir='ltr'><strong>in</strong></span> <span class='ocrx_word' id='word_1_560' title='bbox 715 4120 804 4157; x_wconf 64' lang='grc' dir='ltr'>χιιι</span> <span class='ocrx_word' id='word_1_561' title='bbox 853 4103 1102 4173; x_wconf 88' lang='lat' dir='ltr'><strong>psalmo:</strong></span> <span class='ocrx_word' id='word_1_562' title='bbox 1149 4123 1167 4154; x_wconf 78' lang='grc' dir='ltr'><strong>ι</strong></span> <span class='ocrx_word' id='word_1_563' title='bbox 1214 4104 1483 4158; x_wconf 87' lang='lat' dir='ltr'><strong>Foderunt</strong></span> <span class='ocrx_word' id='word_1_564' title='bbox 1518 4106 1626 4175; x_wconf 86' lang='grc'>(29)</span> <span class='ocrx_word' id='word_1_565' title='bbox 1660 4122 1848 4161; x_wconf 87' lang='lat' dir='ltr'><strong>manus</strong></span> 
     </span>
    </p>
   </div>
   <div class='ocr_carea' id='block_1_73' title="bbox 292 4195 1843 4267">
    <p class='ocr_par' dir='ltr' id='par_1_73' title="bbox 292 4195 1843 4267">
     <span class='ocr_line' id='line_1_73' title="bbox 292 4195 1843 4267; baseline 0 -16"><span class='ocrx_word' id='word_1_566' title='bbox 292 4210 463 4260; x_wconf 84' lang='lat' dir='ltr'><strong>meas,</strong></span> <span class='ocrx_word' id='word_1_567' title='bbox 491 4206 543 4248; x_wconf 89' lang='lat' dir='ltr'><strong>et</strong></span> <span class='ocrx_word' id='word_1_568' title='bbox 565 4195 726 4263; x_wconf 86' lang='lat' dir='ltr'><strong>pedes</strong></span> <span class='ocrx_word' id='word_1_569' title='bbox 765 4209 944 4260; x_wconf 86' lang='lat' dir='ltr'><strong>meos;</strong></span> <span class='ocrx_word' id='word_1_570' title='bbox 970 4214 989 4245; x_wconf 71' lang='grc' dir='ltr'><strong>ι</strong></span> <span class='ocrx_word' id='word_1_571' title='bbox 1023 4202 1076 4249; x_wconf 92' lang='lat' dir='ltr'><strong>et</strong></span> <span class='ocrx_word' id='word_1_572' title='bbox 1093 4210 1280 4250; x_wconf 86' lang='lat' dir='ltr'><strong>rursus</strong></span> <span class='ocrx_word' id='word_1_573' title='bbox 1310 4213 1322 4247; x_wconf 92' lang='lat'><strong>:</strong></span> <span class='ocrx_word' id='word_1_574' title='bbox 1358 4216 1377 4246; x_wconf 85' lang='grc'><em>‹</em></span> <span class='ocrx_word' id='word_1_575' title='bbox 1413 4197 1843 4267; x_wconf 73' lang='lat' dir='ltr'><strong>Diviserunt‘(30)</strong></span> 
     </span>
    </p>
   </div>
   <div class='ocr_carea' id='block_1_74' title="bbox 363 4369 1831 4441">
    <p class='ocr_par' dir='ltr' id='par_1_74' title="bbox 363 4369 1831 4441">
     <span class='ocr_line' id='line_1_74' title="bbox 363 4369 1831 4441; baseline -0.003 -11"><span class='ocrx_word' id='word_1_576' title='bbox 363 4371 474 4441; x_wconf 85' lang='grc'>(18)</span> <span class='ocrx_word' id='word_1_577' title='bbox 517 4372 742 4427; x_wconf 74' lang='lat' dir='ltr'><strong>Habebis</strong></span> <span class='ocrx_word' id='word_1_578' title='bbox 786 4371 973 4439; x_wconf 77' lang='lat' dir='ltr'><strong>filium.</strong></span> <span class='ocrx_word' id='word_1_579' title='bbox 1020 4369 1150 4425; x_wconf 87' lang='lat' dir='ltr'><strong>Luc.</strong></span> <span class='ocrx_word' id='word_1_580' title='bbox 1206 4387 1245 4433; x_wconf 89' lang='grc' dir='ltr'>ι,</span> <span class='ocrx_word' id='word_1_581' title='bbox 1281 4371 1341 4425; x_wconf 71' lang='grc'>51</span> <span class='ocrx_word' id='word_1_582' title='bbox 1388 4380 1443 4425; x_wconf 85' lang='grc' dir='ltr'><strong>ει</strong></span> <span class='ocrx_word' id='word_1_583' title='bbox 1487 4370 1574 4426; x_wconf 83' lang='grc'><strong>52.</strong></span> <span class='ocrx_word' id='word_1_584' title='bbox 1624 4371 1831 4428; x_wconf 81' lang='lat' dir='ltr'><strong>Biblia:</strong></span> 
     </span>
    </p>
   </div>
   <div class='ocr_carea' id='block_1_75' title="bbox 288 4441 1353 4513">
    <p class='ocr_par' dir='ltr' id='par_1_75' title="bbox 288 4441 1353 4513">
     <span class='ocr_line' id='line_1_75' title="bbox 288 4441 1353 4513; baseline -0.005 -17"><span class='ocrx_word' id='word_1_585' title='bbox 288 4442 417 4513; x_wconf 70' lang='grc' dir='ltr'>τέξῃ</span> <span class='ocrx_word' id='word_1_586' title='bbox 454 4444 589 4508; x_wconf 84' lang='grc' dir='ltr'>υἱόν,</span> <span class='ocrx_word' id='word_1_587' title='bbox 631 4444 701 4513; x_wconf 18' lang='lat' dir='ltr'><strong>id,</strong></span> <span class='ocrx_word' id='word_1_588' title='bbox 729 4454 829 4505; x_wconf 88' lang='lat' dir='ltr'><strong>est,</strong></span> <span class='ocrx_word' id='word_1_589' title='bbox 865 4460 883 4492; x_wconf 74' lang='grc' dir='ltr'><strong>ι</strong></span> <span class='ocrx_word' id='word_1_590' title='bbox 904 4441 1083 4513; x_wconf 78' lang='lat' dir='ltr'><strong>paries</strong></span> <span class='ocrx_word' id='word_1_591' title='bbox 1120 4442 1306 4495; x_wconf 83' lang='lat' dir='ltr'><strong>filium.</strong></span> <span class='ocrx_word' id='word_1_592' title='bbox 1334 4459 1353 4491; x_wconf 75' lang='grc' dir='ltr'><strong>ι</strong></span> 
     </span>
    </p>
   </div>
   <div class='ocr_carea' id='block_1_76' title="bbox 360 4502 1474 4590">
    <p class='ocr_par' dir='ltr' id='par_1_76' title="bbox 360 4502 1474 4590">
     <span class='ocr_line' id='line_1_76' title="bbox 360 4502 1474 4590; baseline 0.015 -7"><span class='ocrx_word' id='word_1_593' title='bbox 505 4502 653 4590; x_wconf 48' lang='lat'><strong>1.4&quot;&quot;-</strong></span> <span class='ocrx_word' id='word_1_594' title='bbox 684 4502 997 4590; x_wconf 47' lang='grc' dir='ltr'><strong>Ῑλυθίέιὲδ·</strong></span> <span class='ocrx_word' id='word_1_595' title='bbox 1081 4580 1128 4590; x_wconf 91' lang='lat'><strong>..</strong></span> <span class='ocrx_word' id='word_1_596' title='bbox 1216 4589 1219 4590; x_wconf 34' lang='grc' dir='ltr'><em>ν</em></span> <span class='ocrx_word' id='word_1_597' title='bbox 1284 4582 1297 4590; x_wconf 93' lang='grc'>.</span> <span class='ocrx_word' id='word_1_598' title='bbox 1448 4579 1474 4590; x_wconf 88' lang='grc'><strong>-</strong></span> 
     </span>
    </p>
   </div>
   <div class='ocr_carea' id='block_1_77' title="bbox 376 4580 1851 4655">
    <p class='ocr_par' dir='ltr' id='par_1_77' title="bbox 376 4580 1851 4655">
     <span class='ocr_line' id='line_1_77' title="bbox 376 4580 1851 4655; baseline -0.002 -17"><span class='ocrx_word' id='word_1_599' title='bbox 376 4584 486 4655; x_wconf 88' lang='grc'>(20)</span> <span class='ocrx_word' id='word_1_600' title='bbox 521 4580 801 4637; x_wconf 74' lang='lat' dir='ltr'><strong>Nascetur.</strong></span> <span class='ocrx_word' id='word_1_601' title='bbox 828 4580 995 4635; x_wconf 87' lang='lat' dir='ltr'><strong>Biblia</strong></span> <span class='ocrx_word' id='word_1_602' title='bbox 1030 4580 1248 4644; x_wconf 87' lang='lat' dir='ltr'><strong>addunt,</strong></span> <span class='ocrx_word' id='word_1_603' title='bbox 1280 4582 1344 4634; x_wconf 84' lang='grc' dir='ltr'>ὲκ</span> <span class='ocrx_word' id='word_1_604' title='bbox 1384 4580 1499 4644; x_wconf 88' lang='grc' dir='ltr'>σοῦ,</span> <span class='ocrx_word' id='word_1_605' title='bbox 1529 4581 1578 4634; x_wconf 91' lang='lat' dir='ltr'><strong>id</strong></span> <span class='ocrx_word' id='word_1_606' title='bbox 1606 4590 1711 4643; x_wconf 89' lang='lat' dir='ltr'><strong>est,</strong></span> <span class='ocrx_word' id='word_1_607' title='bbox 1740 4600 1758 4631; x_wconf 78' lang='grc' dir='ltr'><strong>ι</strong></span> <span class='ocrx_word' id='word_1_608' title='bbox 1784 4596 1851 4637; x_wconf 83' lang='lat' dir='ltr'><strong>ex</strong></span> 
     </span>
    </p>
   </div>
   <div class='ocr_carea' id='block_1_78' title="bbox 290 4668 407 4711">
    <p class='ocr_par' dir='ltr' id='par_1_78' title="bbox 290 4668 407 4711">
     <span class='ocr_line' id='line_1_78' title="bbox 290 4668 407 4711; baseline -0.017 -4"><span class='ocrx_word' id='word_1_609' title='bbox 290 4668 363 4711; x_wconf 74' lang='grc' dir='ltr'><strong>ιε.</strong></span> <span class='ocrx_word' id='word_1_610' title='bbox 389 4673 407 4705; x_wconf 74' lang='grc' dir='ltr'><strong>ι</strong></span> 
     </span>
    </p>
   </div>
   <div class='ocr_carea' id='block_1_79' title="bbox 361 4719 1846 4795">
    <p class='ocr_par' dir='ltr' id='par_1_79' title="bbox 361 4719 1846 4795">
     <span class='ocr_line' id='line_1_79' title="bbox 361 4719 1846 4795; baseline -0.003 -17"><span class='ocrx_word' id='word_1_611' title='bbox 361 4724 471 4795; x_wconf 81' lang='grc'>(21)</span> <span class='ocrx_word' id='word_1_612' title='bbox 491 4722 679 4777; x_wconf 75' lang='lat' dir='ltr'><strong>Petrus</strong></span> <span class='ocrx_word' id='word_1_613' title='bbox 703 4731 895 4795; x_wconf 71' lang='lat' dir='ltr'><strong>autem.</strong></span> <span class='ocrx_word' id='word_1_614' title='bbox 914 4720 971 4773; x_wconf 87' lang='lat' dir='ltr'><strong>in</strong></span> <span class='ocrx_word' id='word_1_615' title='bbox 988 4719 1194 4795; x_wconf 81' lang='lat' dir='ltr'><strong>codice:</strong></span> <span class='ocrx_word' id='word_1_616' title='bbox 1215 4719 1418 4795; x_wconf 58' lang='grc' dir='ltr'>Πέτρος</span> <span class='ocrx_word' id='word_1_617' title='bbox 1438 4720 1493 4775; x_wconf 84' lang='grc' dir='ltr'><strong>δὲ</strong></span> <span class='ocrx_word' id='word_1_618' title='bbox 1528 4721 1846 4795; x_wconf 77' lang='grc' dir='ltr'>Ῥωμαίους.</span> 
     </span>
    </p>
   </div>
   <div class='ocr_carea' id='block_1_80' title="bbox 289 4790 1850 4861">
    <p class='ocr_par' dir='ltr' id='par_1_80' title="bbox 289 4790 1850 4861">
     <span class='ocr_line' id='line_1_80' title="bbox 289 4790 1850 4861; baseline -0.007 -9"><span class='ocrx_word' id='word_1_619' title='bbox 289 4790 423 4851; x_wconf 61' lang='lat' dir='ltr'><strong>Cum</strong></span> <span class='ocrx_word' id='word_1_620' title='bbox 453 4790 653 4861; x_wconf 63' lang='lat' dir='ltr'><strong>itaque</strong></span> <span class='ocrx_word' id='word_1_621' title='bbox 706 4793 1053 4861; x_wconf 29' lang='lat' dir='ltr'><strong>locustquetn</strong></span> <span class='ocrx_word' id='word_1_622' title='bbox 1102 4790 1233 4843; x_wconf 85' lang='lat' dir='ltr'><strong>citat</strong></span> <span class='ocrx_word' id='word_1_623' title='bbox 1284 4790 1850 4861; x_wconf 26' lang='lat' dir='ltr'><strong>Didy‘tnustallegetur</strong></span> 
     </span>
    </p>
   </div>
   <div class='ocr_carea' id='block_1_81' title="bbox 287 4858 1847 4929">
    <p class='ocr_par' dir='ltr' id='par_1_81' title="bbox 287 4858 1847 4929">
     <span class='ocr_line' id='line_1_81' title="bbox 287 4858 1847 4929; baseline -0.004 -10"><span class='ocrx_word' id='word_1_624' title='bbox 287 4882 408 4919; x_wconf 86' lang='lat' dir='ltr'><strong>cum</strong></span> <span class='ocrx_word' id='word_1_625' title='bbox 462 4880 491 4917; x_wconf 91' lang='lat' dir='ltr'><strong>a</strong></span> <span class='ocrx_word' id='word_1_626' title='bbox 538 4858 697 4917; x_wconf 75' lang='lat' dir='ltr'><strong>Petro</strong></span> <span class='ocrx_word' id='word_1_627' title='bbox 744 4862 837 4929; x_wconf 87' lang='lat' dir='ltr'><strong>Ep.</strong></span> <span class='ocrx_word' id='word_1_628' title='bbox 876 4858 928 4923; x_wconf 61' lang='grc'><strong>1,</strong></span> <span class='ocrx_word' id='word_1_629' title='bbox 952 4874 1070 4929; x_wconf 89' lang='lat' dir='ltr'><strong>cap.</strong></span> <span class='ocrx_word' id='word_1_630' title='bbox 1116 4873 1179 4923; x_wconf 92' lang='grc' dir='ltr'><strong>ιι,</strong></span> <span class='ocrx_word' id='word_1_631' title='bbox 1224 4875 1363 4917; x_wconf 85' lang='lat' dir='ltr'><strong>vers.</strong></span> <span class='ocrx_word' id='word_1_632' title='bbox 1398 4859 1430 4911; x_wconf 86' lang='lat'><strong>6</strong></span> <span class='ocrx_word' id='word_1_633' title='bbox 1480 4870 1532 4913; x_wconf 90' lang='lat' dir='ltr'><strong>et</strong></span> <span class='ocrx_word' id='word_1_634' title='bbox 1570 4858 1623 4921; x_wconf 87' lang='lat'><strong>8,</strong></span> <span class='ocrx_word' id='word_1_635' title='bbox 1657 4870 1765 4912; x_wconf 89' lang='lat' dir='ltr'><strong>tum</strong></span> <span class='ocrx_word' id='word_1_636' title='bbox 1819 4876 1847 4912; x_wconf 92' lang='lat' dir='ltr'><strong>a</strong></span> 
     </span>
    </p>
   </div>
   <div class='ocr_carea' id='block_1_82' title="bbox 290 4929 1849 5001">
    <p class='ocr_par' dir='ltr' id='par_1_82' title="bbox 290 4929 1849 5001">
     <span class='ocr_line' id='line_1_82' title="bbox 290 4929 1849 5001; baseline -0.004 -14"><span class='ocrx_word' id='word_1_637' title='bbox 290 4936 454 4989; x_wconf 76' lang='lat' dir='ltr'><strong>Paulo</strong></span> <span class='ocrx_word' id='word_1_638' title='bbox 492 4933 589 5001; x_wconf 90' lang='lat' dir='ltr'><strong>Ep.</strong></span> <span class='ocrx_word' id='word_1_639' title='bbox 636 4935 699 4984; x_wconf 88' lang='lat' dir='ltr'><strong>ad</strong></span> <span class='ocrx_word' id='word_1_640' title='bbox 738 4932 1061 5001; x_wconf 13' lang='lat' dir='ltr'><strong>Hom.rcap.</strong></span> <span class='ocrx_word' id='word_1_641' title='bbox 1090 4944 1163 5001; x_wconf 49' lang='grc' dir='ltr'><strong>ιε,</strong></span> <span class='ocrx_word' id='word_1_642' title='bbox 1199 4944 1339 5001; x_wconf 63' lang='lat' dir='ltr'><strong>vers.</strong></span> <span class='ocrx_word' id='word_1_643' title='bbox 1382 4929 1478 5001; x_wconf 67' lang='lat'><strong>35;</strong></span> <span class='ocrx_word' id='word_1_644' title='bbox 1523 4930 1729 5001; x_wconf 75' lang='lat' dir='ltr'><strong>idcirco</strong></span> <span class='ocrx_word' id='word_1_645' title='bbox 1760 4939 1849 4981; x_wconf 91' lang='lat' dir='ltr'><strong>aut</strong></span> 
     </span>
    </p>
   </div>
   <div class='ocr_carea' id='block_1_83' title="bbox 291 4997 1845 5073">
    <p class='ocr_par' dir='ltr' id='par_1_83' title="bbox 291 4997 1845 5073">
     <span class='ocr_line' id='line_1_83' title="bbox 291 4997 1845 5073; baseline -0.005 -16"><span class='ocrx_word' id='word_1_646' title='bbox 291 4997 569 5073; x_wconf 68' lang='lat' dir='ltr'><strong>legendum</strong></span> <span class='ocrx_word' id='word_1_647' title='bbox 596 5002 833 5073; x_wconf 75' lang='grc' dir='ltr'>εΗέτρος</span> <span class='ocrx_word' id='word_1_648' title='bbox 877 5000 935 5073; x_wconf 70' lang='grc' dir='ltr'><strong>δὲ</strong></span> <span class='ocrx_word' id='word_1_649' title='bbox 981 5000 1075 5052; x_wconf 78' lang='grc' dir='ltr'><strong>καὶ</strong></span> <span class='ocrx_word' id='word_1_650' title='bbox 1108 4997 1318 5073; x_wconf 42' lang='grc' dir='ltr'>Π-αῦλος</span> <span class='ocrx_word' id='word_1_651' title='bbox 1346 4999 1480 5073; x_wconf 85' lang='grc' dir='ltr'>πρὸς</span> <span class='ocrx_word' id='word_1_652' title='bbox 1524 4998 1845 5073; x_wconf 75' lang='grc' dir='ltr'>Ῥωμαίους,</span> 
     </span>
    </p>
   </div>
   <div class='ocr_carea' id='block_1_84' title="bbox 288 5068 1844 5139">
    <p class='ocr_par' dir='ltr' id='par_1_84' title="bbox 288 5068 1844 5139">
     <span class='ocr_line' id='line_1_84' title="bbox 288 5068 1844 5139; baseline -0.001 -14"><span class='ocrx_word' id='word_1_653' title='bbox 288 5068 381 5127; x_wconf 64' lang='lat' dir='ltr'><strong>aut</strong></span> <span class='ocrx_word' id='word_1_654' title='bbox 415 5074 652 5125; x_wconf 85' lang='lat' dir='ltr'><strong>addenda</strong></span> <span class='ocrx_word' id='word_1_655' title='bbox 691 5068 850 5124; x_wconf 81' lang='lat' dir='ltr'><strong>verba</strong></span> <span class='ocrx_word' id='word_1_656' title='bbox 887 5072 999 5139; x_wconf 84' lang='lat' dir='ltr'><strong>ipsa</strong></span> <span class='ocrx_word' id='word_1_657' title='bbox 1036 5085 1100 5123; x_wconf 76' lang='lat' dir='ltr'><strong>ex</strong></span> <span class='ocrx_word' id='word_1_658' title='bbox 1138 5068 1298 5139; x_wconf 66' lang='lat' dir='ltr'><strong>Petro</strong></span> <span class='ocrx_word' id='word_1_659' title='bbox 1322 5068 1488 5139; x_wconf 69' lang='lat' dir='ltr'><strong>citata</strong></span> <span class='ocrx_word' id='word_1_660' title='bbox 1521 5084 1553 5123; x_wconf 86' lang='lat' dir='ltr'><strong>a</strong></span> <span class='ocrx_word' id='word_1_661' title='bbox 1597 5068 1844 5139; x_wconf 81' lang='lat' dir='ltr'><strong>Didymo.</strong></span> 
     </span>
    </p>
   </div>
   <div class='ocr_carea' id='block_1_85' title="bbox 358 5137 1847 5211">
    <p class='ocr_par' dir='ltr' id='par_1_85' title="bbox 358 5137 1847 5211">
     <span class='ocr_line' id='line_1_85' title="bbox 358 5137 1847 5211; baseline -0.001 -16"><span class='ocrx_word' id='word_1_662' title='bbox 358 5142 469 5211; x_wconf 91' lang='grc'>(22)</span> <span class='ocrx_word' id='word_1_663' title='bbox 502 5141 837 5209; x_wconf 73' lang='lat' dir='ltr'><strong>Oﬂ&#39;ensionis.</strong></span> <span class='ocrx_word' id='word_1_664' title='bbox 869 5137 945 5193; x_wconf 75' lang='lat' dir='ltr'><strong>Ita</strong></span> <span class='ocrx_word' id='word_1_665' title='bbox 982 5140 1094 5193; x_wconf 62' lang='lat' dir='ltr'><strong>haec</strong></span> <span class='ocrx_word' id='word_1_666' title='bbox 1129 5137 1283 5191; x_wconf 75' lang='lat' dir='ltr'><strong>aﬂert</strong></span> <span class='ocrx_word' id='word_1_667' title='bbox 1321 5137 1533 5191; x_wconf 83' lang='lat' dir='ltr'><strong>Paulus.</strong></span> <span class='ocrx_word' id='word_1_668' title='bbox 1557 5139 1625 5190; x_wconf 87' lang='lat' dir='ltr'><strong>At</strong></span> <span class='ocrx_word' id='word_1_669' title='bbox 1658 5138 1847 5194; x_wconf 81' lang='lat' dir='ltr'><strong>Petrus</strong></span> 
     </span>
    </p>
   </div>
   <div class='ocr_carea' id='block_1_86' title="bbox 306 5211 653 5265">
    <p class='ocr_par' dir='ltr' id='par_1_86' title="bbox 306 5211 653 5265">
     <span class='ocr_line' id='line_1_86' title="bbox 306 5211 653 5265; baseline 0 -2"><span class='ocrx_word' id='word_1_670' title='bbox 306 5213 446 5265; x_wconf 75' lang='lat' dir='ltr'><strong>mulo</strong></span> <span class='ocrx_word' id='word_1_671' title='bbox 476 5211 653 5265; x_wconf 89' lang='lat' dir='ltr'><strong>aliter.</strong></span> 
     </span>
    </p>
   </div>
   <div class='ocr_carea' id='block_1_87' title="bbox 288 5230 1843 5348">
    <p class='ocr_par' dir='ltr' id='par_1_87' title="bbox 288 5230 1843 5348">
     <span class='ocr_line' id='line_1_87' title="bbox 288 5230 653 5282; baseline 0 -19"><span class='ocrx_word' id='word_1_672' title='bbox 288 5230 446 5282; x_wconf 75' lang='lat' dir='ltr'><strong>paulo</strong></span> <span class='ocrx_word' id='word_1_673' title='bbox 476 5230 653 5265; x_wconf 82' lang='lat' dir='ltr'><strong>aliter.</strong></span> 
     </span>
     <span class='ocr_line' id='line_1_88' title="bbox 357 5276 1843 5348; baseline -0.003 -13"><span class='ocrx_word' id='word_1_674' title='bbox 357 5282 467 5348; x_wconf 79' lang='grc'>(25)</span> <span class='ocrx_word' id='word_1_675' title='bbox 503 5280 624 5334; x_wconf 79' lang='lat' dir='ltr'><strong>Hic.</strong></span> <span class='ocrx_word' id='word_1_676' title='bbox 660 5280 779 5333; x_wconf 82' lang='lat' dir='ltr'><strong>Act.</strong></span> <span class='ocrx_word' id='word_1_677' title='bbox 812 5296 887 5343; x_wconf 80' lang='lat' dir='ltr'><strong>tv,</strong></span> <span class='ocrx_word' id='word_1_678' title='bbox 915 5278 974 5333; x_wconf 92' lang='grc'><strong>11</strong></span> <span class='ocrx_word' id='word_1_679' title='bbox 1008 5287 1062 5332; x_wconf 90' lang='lat' dir='ltr'><strong>et</strong></span> <span class='ocrx_word' id='word_1_680' title='bbox 1093 5277 1179 5348; x_wconf 80' lang='grc'><strong>12.</strong></span> <span class='ocrx_word' id='word_1_681' title='bbox 1208 5277 1325 5348; x_wconf 67' lang='lat' dir='ltr'><strong>Yid.</strong></span> <span class='ocrx_word' id='word_1_682' title='bbox 1366 5286 1477 5331; x_wconf 87' lang='lat' dir='ltr'><strong>not.</strong></span> <span class='ocrx_word' id='word_1_683' title='bbox 1504 5276 1590 5343; x_wconf 86' lang='grc'><strong>10,</strong></span> <span class='ocrx_word' id='word_1_684' title='bbox 1613 5291 1732 5348; x_wconf 71' lang='lat' dir='ltr'><strong>pag.</strong></span> <span class='ocrx_word' id='word_1_685' title='bbox 1754 5277 1843 5333; x_wconf 82' lang='lat'><strong>90.</strong></span> 
     </span>
    </p>
   </div>
   <div class='ocr_carea' id='block_1_88' title="bbox 357 5283 1249 5420">
    <p class='ocr_par' dir='ltr' id='par_1_88' title="bbox 357 5283 1249 5420">
     <span class='ocr_line' id='line_1_89' title="bbox 357 5283 1246 5348; baseline -0.007 -13"><span class='ocrx_word' id='word_1_686' title='bbox 357 5283 447 5348; x_wconf 79' lang='grc'><strong>(25</strong></span> <span class='ocrx_word' id='word_1_687' title='bbox 503 5283 624 5334; x_wconf 79' lang='lat' dir='ltr'><strong>Hic.</strong></span> <span class='ocrx_word' id='word_1_688' title='bbox 660 5283 779 5333; x_wconf 84' lang='lat' dir='ltr'><strong>Aet.</strong></span> <span class='ocrx_word' id='word_1_689' title='bbox 812 5296 887 5343; x_wconf 84' lang='lat' dir='ltr'><strong>tv,</strong></span> <span class='ocrx_word' id='word_1_690' title='bbox 915 5283 974 5333; x_wconf 93' lang='grc'><strong>11</strong></span> <span class='ocrx_word' id='word_1_691' title='bbox 1008 5287 1062 5332; x_wconf 86' lang='lat' dir='ltr'><strong>et</strong></span> <span class='ocrx_word' id='word_1_692' title='bbox 1093 5283 1179 5333; x_wconf 83' lang='grc'><strong>12.</strong></span> <span class='ocrx_word' id='word_1_693' title='bbox 1209 5283 1246 5329; x_wconf 77' lang='grc' dir='ltr'>γ</span> 
     </span>
     <span class='ocr_line' id='line_1_90' title="bbox 357 5283 1249 5420; baseline -0.006 -16"><span class='ocrx_word' id='word_1_694' title='bbox 357 5283 470 5420; x_wconf 45' lang='grc'>(24)</span> <span class='ocrx_word' id='word_1_695' title='bbox 497 5349 703 5420; x_wconf 75' lang='lat' dir='ltr'><strong>Daniel.</strong></span> <span class='ocrx_word' id='word_1_696' title='bbox 733 5350 860 5416; x_wconf 82' lang='lat' dir='ltr'><strong>Cap.</strong></span> <span class='ocrx_word' id='word_1_697' title='bbox 895 5364 956 5420; x_wconf 88' lang='lat' dir='ltr'><strong>t_t,</strong></span> <span class='ocrx_word' id='word_1_698' title='bbox 989 5362 1127 5420; x_wconf 79' lang='lat' dir='ltr'><strong>vers.</strong></span> 
     </span>
    </p>
   </div>
   <div class='ocr_carea' id='block_1_89' title="bbox 355 5414 1841 5493">
    <p class='ocr_par' dir='ltr' id='par_1_89' title="bbox 355 5414 1841 5493">
     <span class='ocr_line' id='line_1_91' title="bbox 355 5414 1841 5493; baseline -0.003 -20"><span class='ocrx_word' id='word_1_699' title='bbox 507 5414 861 5493; x_wconf 63' lang='lat' dir='ltr'><strong>Prmcientiu.</strong></span> <span class='ocrx_word' id='word_1_700' title='bbox 897 5418 1043 5493; x_wconf 78' lang='lat' dir='ltr'><strong>Pauli</strong></span> <span class='ocrx_word' id='word_1_701' title='bbox 1068 5414 1427 5493; x_wconf 69' lang='lat' dir='ltr'><strong>testimonium</strong></span> <span class='ocrx_word' id='word_1_702' title='bbox 1455 5415 1609 5493; x_wconf 70' lang='lat' dir='ltr'><strong>aliter</strong></span> <span class='ocrx_word' id='word_1_703' title='bbox 1628 5414 1841 5493; x_wconf 74' lang='lat' dir='ltr'><strong>accipit,</strong></span> 
     </span>
    </p>
   </div>
   <div class='ocr_carea' id='block_1_90' title="bbox 286 5485 1841 5559">
    <p class='ocr_par' dir='ltr' id='par_1_90' title="bbox 286 5485 1841 5559">
     <span class='ocr_line' id='line_1_92' title="bbox 286 5485 1841 5559; baseline -0.003 -15"><span class='ocrx_word' id='word_1_704' title='bbox 286 5485 673 5559; x_wconf 35' lang='lat' dir='ltr'><strong>ac‘Origenes,</strong></span> <span class='ocrx_word' id='word_1_705' title='bbox 709 5485 763 5540; x_wconf 90' lang='lat' dir='ltr'><strong>Id</strong></span> <span class='ocrx_word' id='word_1_706' title='bbox 814 5489 982 5556; x_wconf 78' lang='lat' dir='ltr'><strong>magis</strong></span> <span class='ocrx_word' id='word_1_707' title='bbox 1018 5486 1356 5559; x_wconf 72' lang='lat' dir='ltr'><strong>perSpicuum</strong></span> <span class='ocrx_word' id='word_1_708' title='bbox 1390 5485 1449 5539; x_wconf 78' lang='lat' dir='ltr'><strong>fit</strong></span> <span class='ocrx_word' id='word_1_709' title='bbox 1479 5501 1545 5540; x_wconf 83' lang='lat' dir='ltr'><strong>ex</strong></span> <span class='ocrx_word' id='word_1_710' title='bbox 1593 5488 1694 5549; x_wconf 87' lang='lat' dir='ltr'><strong>bis,</strong></span> <span class='ocrx_word' id='word_1_711' title='bbox 1723 5500 1841 5559; x_wconf 71' lang='lat' dir='ltr'><strong>qua:</strong></span> 
     </span>
    </p>
   </div>
   <div class='ocr_carea' id='block_1_91' title="bbox 288 5554 1843 5627">
    <p class='ocr_par' dir='ltr' id='par_1_91' title="bbox 288 5554 1843 5627">
     <span class='ocr_line' id='line_1_93' title="bbox 288 5554 1843 5627; baseline -0.005 -12"><span class='ocrx_word' id='word_1_712' title='bbox 288 5566 380 5615; x_wconf 75' lang='grc' dir='ltr'>ιιι).</span> <span class='ocrx_word' id='word_1_713' title='bbox 414 5577 429 5615; x_wconf 89' lang='grc' dir='ltr'><strong>ι</strong></span> <span class='ocrx_word' id='word_1_714' title='bbox 467 5554 520 5614; x_wconf 76' lang='lat' dir='ltr'><strong>in</strong></span> <span class='ocrx_word' id='word_1_715' title='bbox 560 5558 828 5627; x_wconf 82' lang='lat' dir='ltr'><strong>Ruﬁnum,</strong></span> <span class='ocrx_word' id='word_1_716' title='bbox 882 5554 992 5627; x_wconf 77' lang='lat' dir='ltr'><strong>seg.</strong></span> <span class='ocrx_word' id='word_1_717' title='bbox 1028 5554 1117 5617; x_wconf 88' lang='grc'><strong>22,</strong></span> <span class='ocrx_word' id='word_1_718' title='bbox 1151 5555 1232 5627; x_wconf 80' lang='lat' dir='ltr'><strong>ait</strong></span> <span class='ocrx_word' id='word_1_719' title='bbox 1259 5555 1633 5627; x_wconf 76' lang='lat' dir='ltr'><strong>_Hieronyanus</strong></span> <span class='ocrx_word' id='word_1_720' title='bbox 1662 5570 1723 5627; x_wconf 68' lang='lat' dir='ltr'><strong>ea</strong></span> <span class='ocrx_word' id='word_1_721' title='bbox 1748 5557 1843 5627; x_wconf 85' lang='lat' dir='ltr'><strong>de—</strong></span> 
     </span>
    </p>
   </div>
   <div class='ocr_carea' id='block_1_92' title="bbox 287 5625 1842 5698">
    <p class='ocr_par' dir='ltr' id='par_1_92' title="bbox 287 5625 1842 5698">
     <span class='ocr_line' id='line_1_94' title="bbox 287 5625 1842 5698; baseline -0.006 -13"><span class='ocrx_word' id='word_1_722' title='bbox 287 5633 534 5691; x_wconf 79' lang='lat' dir='ltr'><strong>fendens.</strong></span> <span class='ocrx_word' id='word_1_723' title='bbox 565 5625 684 5698; x_wconf 68' lang='lat' dir='ltr'><strong>quin</strong></span> <span class='ocrx_word' id='word_1_724' title='bbox 719 5629 771 5681; x_wconf 94' lang='lat' dir='ltr'><strong>in</strong></span> <span class='ocrx_word' id='word_1_725' title='bbox 812 5625 1229 5698; x_wconf 77' lang='lat' dir='ltr'><strong>commentariis</strong></span> <span class='ocrx_word' id='word_1_726' title='bbox 1259 5625 1514 5698; x_wconf 56' lang='lat' dir='ltr'><strong>Epistolas;</strong></span> <span class='ocrx_word' id='word_1_727' title='bbox 1552 5627 1617 5679; x_wconf 88' lang='lat' dir='ltr'><strong>ad</strong></span> <span class='ocrx_word' id='word_1_728' title='bbox 1648 5625 1842 5698; x_wconf 78' lang='lat' dir='ltr'><strong>Ephe-</strong></span> 
     </span>
    </p>
   </div>
   <div class='ocr_carea' id='block_1_93' title="bbox 286 5694 1836 5768">
    <p class='ocr_par' dir='ltr' id='par_1_93' title="bbox 286 5694 1836 5768">
     <span class='ocr_line' id='line_1_95' title="bbox 286 5694 1836 5768; baseline -0.006 -14"><span class='ocrx_word' id='word_1_729' title='bbox 286 5704 398 5755; x_wconf 83' lang='lat' dir='ltr'><strong>sios</strong></span> <span class='ocrx_word' id='word_1_730' title='bbox 418 5694 727 5768; x_wconf 73' lang='lat' dir='ltr'><strong>scripserat.</strong></span> <span class='ocrx_word' id='word_1_731' title='bbox 762 5716 781 5749; x_wconf 74' lang='grc' dir='ltr'><strong>ι</strong></span> <span class='ocrx_word' id='word_1_732' title='bbox 810 5696 866 5751; x_wconf 88' lang='lat' dir='ltr'><strong>In</strong></span> <span class='ocrx_word' id='word_1_733' title='bbox 900 5696 1073 5768; x_wconf 82' lang='lat' dir='ltr'><strong>primo</strong></span> <span class='ocrx_word' id='word_1_734' title='bbox 1107 5694 1289 5768; x_wconf 73' lang='lat' dir='ltr'><strong>statim</strong></span> <span class='ocrx_word' id='word_1_735' title='bbox 1323 5695 1610 5768; x_wconf 60' lang='lat' dir='ltr'><strong>volumine,</strong></span> <span class='ocrx_word' id='word_1_736' title='bbox 1646 5694 1836 5768; x_wconf 83' lang='lat' dir='ltr'><strong>inquit,</strong></span> 
     </span>
    </p>
   </div>
   <div class='ocr_carea' id='block_1_94' title="bbox 294 5764 1838 5839">
    <p class='ocr_par' dir='ltr' id='par_1_94' title="bbox 294 5764 1838 5839">
     <span class='ocr_line' id='line_1_96' title="bbox 294 5764 1838 5839; baseline -0.003 -16"><span class='ocrx_word' id='word_1_737' title='bbox 294 5764 651 5828; x_wconf 72' lang='lat' dir='ltr'><strong>testimonium</strong></span> <span class='ocrx_word' id='word_1_738' title='bbox 700 5767 871 5837; x_wconf 77' lang='lat' dir='ltr'><strong>Pauli,</strong></span> <span class='ocrx_word' id='word_1_739' title='bbox 900 5764 971 5823; x_wconf 59' lang='lat' dir='ltr'><strong>&#39;in</strong></span> <span class='ocrx_word' id='word_1_740' title='bbox 1003 5781 1108 5839; x_wconf 87' lang='lat' dir='ltr'><strong>quo</strong></span> <span class='ocrx_word' id='word_1_741' title='bbox 1136 5765 1369 5835; x_wconf 82' lang='lat' dir='ltr'><strong>loquitur</strong></span> <span class='ocrx_word' id='word_1_742' title='bbox 1397 5783 1409 5816; x_wconf 88' lang='lat'><strong>:</strong></span> <span class='ocrx_word' id='word_1_743' title='bbox 1446 5783 1462 5815; x_wconf 73' lang='grc' dir='ltr'><strong>ι</strong></span> <span class='ocrx_word' id='word_1_744' title='bbox 1488 5764 1635 5823; x_wconf 84' lang='lat' dir='ltr'><strong>Sicut</strong></span> <span class='ocrx_word' id='word_1_745' title='bbox 1680 5764 1838 5836; x_wconf 80' lang='lat' dir='ltr'><strong>elegit</strong></span> 
     </span>
    </p>
   </div>
   <div class='ocr_carea' id='block_1_95' title="bbox 1953 3183 3510 3258">
    <p class='ocr_par' dir='ltr' id='par_1_95' title="bbox 1953 3183 3510 3258">
     <span class='ocr_line' id='line_1_97' title="bbox 1953 3183 3510 3258; baseline 0.001 -23"><span class='ocrx_word' id='word_1_746' title='bbox 1953 3184 2010 3236; x_wconf 86' lang='grc' dir='ltr'><strong>δὲ</strong></span> <span class='ocrx_word' id='word_1_747' title='bbox 2038 3183 2131 3237; x_wconf 90' lang='grc' dir='ltr'><strong>νῦν</strong></span> <span class='ocrx_word' id='word_1_748' title='bbox 2153 3185 2240 3238; x_wconf 79' lang='grc' dir='ltr'><strong>διὰ</strong></span> <span class='ocrx_word' id='word_1_749' title='bbox 2260 3187 2359 3257; x_wconf 80' lang='grc' dir='ltr'><strong>τῆς</strong></span> <span class='ocrx_word' id='word_1_750' title='bbox 2392 3188 2709 3257; x_wconf 75' lang='grc' dir='ltr'>ἐπιφανείας</span> <span class='ocrx_word' id='word_1_751' title='bbox 2733 3186 2824 3240; x_wconf 85' lang='grc' dir='ltr'><strong>τοῦ</strong></span> <span class='ocrx_word' id='word_1_752' title='bbox 2854 3187 3101 3258; x_wconf 82' lang='grc' dir='ltr'>Σωτῆρος</span> <span class='ocrx_word' id='word_1_753' title='bbox 3134 3184 3293 3257; x_wconf 78' lang='grc' dir='ltr'>ἡμῶν</span> <span class='ocrx_word' id='word_1_754' title='bbox 3338 3183 3510 3257; x_wconf 83' lang='grc' dir='ltr'>Ἰησοῦ</span> 
     </span>
    </p>
   </div>
   <div class='ocr_carea' id='block_1_96' title="bbox 1954 3276 2294 3346">
    <p class='ocr_par' dir='ltr' id='par_1_96' title="bbox 1954 3276 2294 3346">
     <span class='ocr_line' id='line_1_98' title="bbox 1954 3276 2294 3346; baseline 0.018 -19"><span class='ocrx_word' id='word_1_755' title='bbox 1954 3276 2209 3346; x_wconf 87' lang='grc' dir='ltr'>Χριστοῦ.</span> <span class='ocrx_word' id='word_1_756' title='bbox 2249 3296 2294 3333; x_wconf 75' lang='grc' dir='ltr'>ι.</span> 
     </span>
    </p>
   </div>
   <div class='ocr_carea' id='block_1_97' title="bbox 2024 3553 3507 3626">
    <p class='ocr_par' dir='ltr' id='par_1_97' title="bbox 2024 3553 3507 3626">
     <span class='ocr_line' id='line_1_99' title="bbox 2024 3553 3507 3626; baseline 0 -18"><span class='ocrx_word' id='word_1_757' title='bbox 2024 3554 2201 3608; x_wconf 78' lang='grc' dir='ltr'>Πολλὰ</span> <span class='ocrx_word' id='word_1_758' title='bbox 2228 3553 2355 3626; x_wconf 79' lang='grc' dir='ltr'>γὰρ,</span> <span class='ocrx_word' id='word_1_759' title='bbox 2387 3553 2542 3608; x_wconf 85' lang='grc' dir='ltr'>τοῦτο</span> <span class='ocrx_word' id='word_1_760' title='bbox 2565 3556 2661 3626; x_wconf 83' lang='grc' dir='ltr'>μὲν</span> <span class='ocrx_word' id='word_1_761' title='bbox 2703 3556 2961 3626; x_wconf 83' lang='grc' dir='ltr'>μέλλοντα</span> <span class='ocrx_word' id='word_1_762' title='bbox 2998 3554 3263 3624; x_wconf 81' lang='grc' dir='ltr'>γίνεσθαι,</span> <span class='ocrx_word' id='word_1_763' title='bbox 3310 3555 3387 3619; x_wconf 89' lang='grc' dir='ltr'><strong>ώς</strong></span> <span class='ocrx_word' id='word_1_764' title='bbox 3415 3556 3507 3626; x_wconf 61' lang='grc' dir='ltr'><strong>ἤδη</strong></span> 
     </span>
    </p>
   </div>
   <div class='ocr_carea' id='block_1_98' title="bbox 1954 3648 3508 3719">
    <p class='ocr_par' dir='ltr' id='par_1_98' title="bbox 1954 3648 3508 3719">
     <span class='ocr_line' id='line_1_100' title="bbox 1954 3648 3508 3719; baseline -0.001 -18"><span class='ocrx_word' id='word_1_765' title='bbox 1954 3650 2247 3719; x_wconf 85' lang='grc' dir='ltr'>γενόμενα·</span> <span class='ocrx_word' id='word_1_766' title='bbox 2281 3648 2436 3701; x_wconf 86' lang='grc' dir='ltr'>τοῦτο</span> <span class='ocrx_word' id='word_1_767' title='bbox 2466 3648 2522 3701; x_wconf 84' lang='grc' dir='ltr'><strong>δὲ</strong></span> <span class='ocrx_word' id='word_1_768' title='bbox 2550 3649 2642 3701; x_wconf 77' lang='grc' dir='ltr'><strong>καὶ</strong></span> <span class='ocrx_word' id='word_1_769' title='bbox 2682 3650 2963 3719; x_wconf 89' lang='grc' dir='ltr'>γενόμενα,</span> <span class='ocrx_word' id='word_1_770' title='bbox 3009 3649 3083 3712; x_wconf 87' lang='grc' dir='ltr'>ὡς</span> <span class='ocrx_word' id='word_1_771' title='bbox 3119 3648 3198 3700; x_wconf 74' lang='grc' dir='ltr'>ἔτι</span> <span class='ocrx_word' id='word_1_772' title='bbox 3228 3650 3508 3717; x_wconf 86' lang='grc' dir='ltr'>γινόμενα,</span> 
     </span>
    </p>
   </div>
   <div class='ocr_carea' id='block_1_99' title="bbox 1956 3740 3510 3811">
    <p class='ocr_par' dir='ltr' id='par_1_99' title="bbox 1956 3740 3510 3811">
     <span class='ocr_line' id='line_1_101' title="bbox 1956 3740 3510 3811; baseline -0.001 -19"><span class='ocrx_word' id='word_1_773' title='bbox 1956 3740 1990 3811; x_wconf 78' lang='grc' dir='ltr'><strong>ἢ</strong></span> <span class='ocrx_word' id='word_1_774' title='bbox 2032 3741 2281 3811; x_wconf 80' lang='grc' dir='ltr'>ἐσόμενα,</span> <span class='ocrx_word' id='word_1_775' title='bbox 2315 3740 2596 3811; x_wconf 83' lang='grc' dir='ltr'>προλέγειν</span> <span class='ocrx_word' id='word_1_776' title='bbox 2647 3740 2803 3793; x_wconf 85' lang='grc' dir='ltr'>εῐωθε</span> <span class='ocrx_word' id='word_1_777' title='bbox 2835 3740 2896 3793; x_wconf 84' lang='grc' dir='ltr'>τὸ</span> <span class='ocrx_word' id='word_1_778' title='bbox 2929 3740 3107 3794; x_wconf 85' lang='grc' dir='ltr'>πάντα</span> <span class='ocrx_word' id='word_1_779' title='bbox 3135 3741 3275 3803; x_wconf 82' lang='grc' dir='ltr'>είδὸς</span> <span class='ocrx_word' id='word_1_780' title='bbox 3301 3742 3396 3792; x_wconf 82' lang='grc' dir='ltr'><strong>καὶ</strong></span> <span class='ocrx_word' id='word_1_781' title='bbox 3422 3741 3510 3793; x_wconf 85' lang='grc' dir='ltr'><strong>δυ·-</strong></span> 
     </span>
    </p>
   </div>
   <div class='ocr_carea' id='block_1_100' title="bbox 1956 3831 3509 3903">
    <p class='ocr_par' dir='ltr' id='par_1_100' title="bbox 1956 3831 3509 3903">
     <span class='ocr_line' id='line_1_102' title="bbox 1956 3831 3509 3903; baseline -0.002 -18"><span class='ocrx_word' id='word_1_782' title='bbox 1956 3834 2183 3903; x_wconf 82' lang='grc' dir='ltr'>νάμενον</span> <span class='ocrx_word' id='word_1_783' title='bbox 2220 3833 2441 3901; x_wconf 86' lang='grc' dir='ltr'>Πνεῦμα</span> <span class='ocrx_word' id='word_1_784' title='bbox 2480 3832 2667 3899; x_wconf 77' lang='grc' dir='ltr'>ἅγιον·</span> <span class='ocrx_word' id='word_1_785' title='bbox 2695 3832 2792 3901; x_wconf 79' lang='grc' dir='ltr'>οὐχ</span> <span class='ocrx_word' id='word_1_786' title='bbox 2822 3833 3019 3901; x_wconf 78' lang='grc' dir='ltr'>ἥκιστα</span> <span class='ocrx_word' id='word_1_787' title='bbox 3056 3831 3113 3883; x_wconf 84' lang='grc' dir='ltr'>δὲ</span> <span class='ocrx_word' id='word_1_788' title='bbox 3152 3832 3245 3883; x_wconf 75' lang='grc' dir='ltr'><strong>καὶ</strong></span> <span class='ocrx_word' id='word_1_789' title='bbox 3284 3832 3355 3883; x_wconf 77' lang='grc' dir='ltr'>τὰ</span> <span class='ocrx_word' id='word_1_790' title='bbox 3387 3831 3509 3901; x_wconf 80' lang='grc' dir='ltr'>περὶ</span> 
     </span>
    </p>
   </div>
   <div class='ocr_carea' id='block_1_101' title="bbox 1954 3920 3509 3995">
    <p class='ocr_par' dir='ltr' id='par_1_101' title="bbox 1954 3920 3509 3995">
     <span class='ocr_line' id='line_1_103' title="bbox 1954 3920 3509 3995; baseline -0.003 -18"><span class='ocrx_word' id='word_1_791' title='bbox 1954 3924 2053 3995; x_wconf 85' lang='grc' dir='ltr'>τὴν</span> <span class='ocrx_word' id='word_1_792' title='bbox 2092 3925 2393 3992; x_wconf 77' lang='grc' dir='ltr'>ἄφθεγκτον</span> <span class='ocrx_word' id='word_1_793' title='bbox 2429 3923 2755 3993; x_wconf 79' lang='grc' dir='ltr'>οἰκονομίαν,</span> <span class='ocrx_word' id='word_1_794' title='bbox 2802 3924 2876 3985; x_wconf 85' lang='grc' dir='ltr'>ὠς</span> <span class='ocrx_word' id='word_1_795' title='bbox 2908 3923 3293 3993; x_wconf 80' lang='grc' dir='ltr'>παρῳχηκότα,</span> <span class='ocrx_word' id='word_1_796' title='bbox 3349 3920 3509 3991; x_wconf 78' lang='grc' dir='ltr'>πρινὴ</span> 
     </span>
    </p>
   </div>
   <div class='ocr_carea' id='block_1_102' title="bbox 1954 4010 3509 4083">
    <p class='ocr_par' dir='ltr' id='par_1_102' title="bbox 1954 4010 3509 4083">
     <span class='ocr_line' id='line_1_104' title="bbox 1954 4010 3509 4083; baseline -0.002 -17"><span class='ocrx_word' id='word_1_797' title='bbox 1954 4014 2178 4083; x_wconf 83' lang='grc' dir='ltr'>γένηται</span> <span class='ocrx_word' id='word_1_798' title='bbox 2207 4014 2583 4083; x_wconf 84' lang='grc' dir='ltr'>διηγόρευσεν·</span> <span class='ocrx_word' id='word_1_799' title='bbox 2613 4014 2687 4076; x_wconf 83' lang='grc' dir='ltr'>ὡς</span> <span class='ocrx_word' id='word_1_800' title='bbox 2717 4014 2841 4066; x_wconf 83' lang='grc' dir='ltr'>ὅταν</span> <span class='ocrx_word' id='word_1_801' title='bbox 2870 4015 2898 4065; x_wconf 88' lang='grc' dir='ltr'><strong>ό</strong></span> <span class='ocrx_word' id='word_1_802' title='bbox 2923 4014 3213 4082; x_wconf 77' lang='grc' dir='ltr'>Δεσπότης,</span> <span class='ocrx_word' id='word_1_803' title='bbox 3238 4010 3390 4063; x_wconf 84' lang='grc' dir='ltr'>οῦπω</span> <span class='ocrx_word' id='word_1_804' title='bbox 3421 4028 3509 4079; x_wconf 80' lang='grc' dir='ltr'>γε-</span> 
     </span>
    </p>
   </div>
   <div class='ocr_carea' id='block_1_103' title="bbox 1952 4101 3508 4177">
    <p class='ocr_par' dir='ltr' id='par_1_103' title="bbox 1952 4101 3508 4177">
     <span class='ocr_line' id='line_1_105' title="bbox 1952 4101 3508 4177; baseline -0.003 -20"><span class='ocrx_word' id='word_1_805' title='bbox 1952 4105 2172 4174; x_wconf 86' lang='grc' dir='ltr'>νόμενος</span> <span class='ocrx_word' id='word_1_806' title='bbox 2202 4104 2354 4175; x_wconf 79' lang='grc' dir='ltr'>σὰρξ,</span> <span class='ocrx_word' id='word_1_807' title='bbox 2381 4104 2513 4177; x_wconf 81' lang='grc' dir='ltr'>λέγῃ</span> <span class='ocrx_word' id='word_1_808' title='bbox 2540 4105 2599 4155; x_wconf 84' lang='grc' dir='ltr'>ὲν</span> <span class='ocrx_word' id='word_1_809' title='bbox 2628 4110 2711 4156; x_wconf 83' lang='grc' dir='ltr'>κα¹</span> <span class='ocrx_word' id='word_1_810' title='bbox 2736 4104 2960 4173; x_wconf 72' lang='grc' dir='ltr'>ψαλμῷ·</span> <span class='ocrx_word' id='word_1_811' title='bbox 3004 4122 3021 4154; x_wconf 76' lang='grc' dir='ltr'>σ</span> <span class='ocrx_word' id='word_1_812' title='bbox 3060 4104 3295 4173; x_wconf 76' lang='grc' dir='ltr'>Ὠρυξαν</span> <span class='ocrx_word' id='word_1_813' title='bbox 3324 4101 3508 4172; x_wconf 76' lang='grc' dir='ltr'>χεῖράς</span> 
     </span>
    </p>
   </div>
   <div class='ocr_carea' id='block_1_104' title="bbox 1954 4194 3509 4265">
    <p class='ocr_par' dir='ltr' id='par_1_104' title="bbox 1954 4194 3509 4265">
     <span class='ocr_line' id='line_1_106' title="bbox 1954 4194 3509 4265; baseline -0.002 -17"><span class='ocrx_word' id='word_1_814' title='bbox 1954 4214 2055 4265; x_wconf 90' lang='grc' dir='ltr'><strong>μου</strong></span> <span class='ocrx_word' id='word_1_815' title='bbox 2098 4196 2189 4249; x_wconf 72' lang='grc' dir='ltr'>καὶ</span> <span class='ocrx_word' id='word_1_816' title='bbox 2234 4196 2397 4258; x_wconf 87' lang='grc' dir='ltr'>πόδας</span> <span class='ocrx_word' id='word_1_817' title='bbox 2444 4213 2544 4265; x_wconf 89' lang='grc' dir='ltr'><strong>μου</strong></span> <span class='ocrx_word' id='word_1_818' title='bbox 2570 4215 2584 4227; x_wconf 85' lang='grc'><strong>·</strong></span> <span class='ocrx_word' id='word_1_819' title='bbox 2637 4216 2661 4247; x_wconf 68' lang='grc' dir='ltr'><strong>ι</strong></span> <span class='ocrx_word' id='word_1_820' title='bbox 2700 4197 2793 4248; x_wconf 81' lang='grc' dir='ltr'><strong>καὶ</strong></span> <span class='ocrx_word' id='word_1_821' title='bbox 2832 4195 3025 4247; x_wconf 78' lang='grc' dir='ltr'>πάλιν·</span> <span class='ocrx_word' id='word_1_822' title='bbox 3062 4213 3081 4246; x_wconf 74' lang='grc' dir='ltr'><strong>ι</strong></span> <span class='ocrx_word' id='word_1_823' title='bbox 3125 4194 3509 4264; x_wconf 66' lang='grc' dir='ltr'>Διεμερίσαντο</span> 
     </span>
    </p>
   </div>
   <div class='ocr_carea' id='block_1_105' title="bbox 1942 4374 3506 4445">
    <p class='ocr_par' dir='ltr' id='par_1_105' title="bbox 1942 4374 3506 4445">
     <span class='ocr_line' id='line_1_107' title="bbox 1942 4374 3506 4445; baseline -0.003 -17"><span class='ocrx_word' id='word_1_824' title='bbox 1942 4388 2042 4428; x_wconf 84' lang='grc' dir='ltr'>ιιοε</span> <span class='ocrx_word' id='word_1_825' title='bbox 2076 4374 2127 4445; x_wconf 85' lang='lat' dir='ltr'><strong>in</strong></span> <span class='ocrx_word' id='word_1_826' title='bbox 2156 4376 2273 4445; x_wconf 90' lang='lat' dir='ltr'><strong>ipso</strong></span> <span class='ocrx_word' id='word_1_827' title='bbox 2298 4386 2421 4430; x_wconf 83' lang='lat' dir='ltr'><strong>ante</strong></span> <span class='ocrx_word' id='word_1_828' title='bbox 2460 4375 2893 4430; x_wconf 75' lang='lat' dir='ltr'><strong>Constitutioncm</strong></span> <span class='ocrx_word' id='word_1_829' title='bbox 2942 4374 3139 4435; x_wconf 86' lang='lat' dir='ltr'><strong>mundi,</strong></span> <span class='ocrx_word' id='word_1_830' title='bbox 3172 4381 3235 4445; x_wconf 90' lang='lat' dir='ltr'><strong>ut</strong></span> <span class='ocrx_word' id='word_1_831' title='bbox 3259 4387 3506 4445; x_wconf 82' lang='lat' dir='ltr'><strong>essemus</strong></span> 
     </span>
    </p>
   </div>
   <div class='ocr_carea' id='block_1_106' title="bbox 1878 4444 3505 4530">
    <p class='ocr_par' dir='ltr' id='par_1_106' title="bbox 1878 4444 3505 4530">
     <span class='ocr_line' id='line_1_108' title="bbox 1878 4444 3505 4530; baseline -0.001 -33"><span class='ocrx_word' id='word_1_832' title='bbox 1878 4472 1926 4530; x_wconf 71' lang='grc' dir='ltr'><strong>ο</strong></span> <span class='ocrx_word' id='word_1_833' title='bbox 1953 4444 2147 4508; x_wconf 89' lang='lat' dir='ltr'><strong>sancti,</strong></span> <span class='ocrx_word' id='word_1_834' title='bbox 2176 4444 2247 4530; x_wconf 34' lang='lat' dir='ltr'><strong>et-</strong></span> <span class='ocrx_word' id='word_1_835' title='bbox 2271 4445 2597 4530; x_wconf 77' lang='lat' dir='ltr'><strong>imitiaculati</strong></span> <span class='ocrx_word' id='word_1_836' title='bbox 2628 4460 2826 4524; x_wconf 80' lang='lat' dir='ltr'><strong>coram_</strong></span> <span class='ocrx_word' id='word_1_837' title='bbox 2854 4447 3030 4530; x_wconf 32' lang='lat' dir='ltr'><strong>ipson:</strong></span> <span class='ocrx_word' id='word_1_838' title='bbox 3064 4446 3140 4525; x_wconf 77' lang='lat' dir='ltr'><strong>sic</strong></span> <span class='ocrx_word' id='word_1_839' title='bbox 3168 4444 3505 4530; x_wconf 80' lang='lat' dir='ltr'><strong>interpretati</strong></span> 
     </span>
    </p>
   </div>
   <div class='ocr_carea' id='block_1_107' title="bbox 1950 4514 3500 4580">
    <p class='ocr_par' dir='ltr' id='par_1_107' title="bbox 1950 4514 3500 4580">
     <span class='ocr_line' id='line_1_109' title="bbox 1950 4514 3500 4580; baseline 0 -15"><span class='ocrx_word' id='word_1_840' title='bbox 1950 4528 2155 4577; x_wconf 89' lang='lat' dir='ltr'><strong>sumus,</strong></span> <span class='ocrx_word' id='word_1_841' title='bbox 2197 4524 2254 4566; x_wconf 92' lang='lat' dir='ltr'><strong>ut</strong></span> <span class='ocrx_word' id='word_1_842' title='bbox 2298 4515 2611 4568; x_wconf 88' lang='lat' dir='ltr'><strong>electionem</strong></span> <span class='ocrx_word' id='word_1_843' title='bbox 2659 4530 2763 4569; x_wconf 89' lang='lat' dir='ltr'><strong>non</strong></span> <span class='ocrx_word' id='word_1_844' title='bbox 2808 4514 2957 4580; x_wconf 80' lang='lat' dir='ltr'><strong>juxta</strong></span> <span class='ocrx_word' id='word_1_845' title='bbox 2990 4514 3271 4580; x_wconf 79' lang='lat' dir='ltr'><strong>Origenem</strong></span> <span class='ocrx_word' id='word_1_846' title='bbox 3320 4528 3500 4565; x_wconf 88' lang='lat' dir='ltr'><strong>eorum</strong></span> 
     </span>
    </p>
   </div>
   <div class='ocr_carea' id='block_1_108' title="bbox 1952 4583 3497 4651">
    <p class='ocr_par' dir='ltr' id='par_1_108' title="bbox 1952 4583 3497 4651">
     <span class='ocr_line' id='line_1_110' title="bbox 1952 4583 3497 4651; baseline -0.001 -17"><span class='ocrx_word' id='word_1_847' title='bbox 1952 4583 2270 4644; x_wconf 88' lang='lat' dir='ltr'><strong>diceremus,</strong></span> <span class='ocrx_word' id='word_1_848' title='bbox 2303 4586 2389 4651; x_wconf 89' lang='lat' dir='ltr'><strong>qui</strong></span> <span class='ocrx_word' id='word_1_849' title='bbox 2415 4586 2561 4650; x_wconf 90' lang='lat' dir='ltr'><strong>prius</strong></span> <span class='ocrx_word' id='word_1_850' title='bbox 2598 4584 2807 4637; x_wconf 86' lang='lat' dir='ltr'><strong>fuerant</strong></span> <span class='ocrx_word' id='word_1_851' title='bbox 2826 4624 2842 4645; x_wconf 89' lang='lat'><strong>,</strong></span> <span class='ocrx_word' id='word_1_852' title='bbox 2870 4584 2962 4636; x_wconf 90' lang='lat' dir='ltr'><strong>sed</strong></span> <span class='ocrx_word' id='word_1_853' title='bbox 2986 4584 3051 4635; x_wconf 81' lang='lat' dir='ltr'><strong>ad</strong></span> <span class='ocrx_word' id='word_1_854' title='bbox 3078 4584 3167 4635; x_wconf 92' lang='lat' dir='ltr'><strong>Dei</strong></span> <span class='ocrx_word' id='word_1_855' title='bbox 3207 4584 3497 4651; x_wconf 62' lang='lat' dir='ltr'><strong>priescien-</strong></span> 
     </span>
    </p>
   </div>
   <div class='ocr_carea' id='block_1_109' title="bbox 1954 4650 3501 4719">
    <p class='ocr_par' dir='ltr' id='par_1_109' title="bbox 1954 4650 3501 4719">
     <span class='ocr_line' id='line_1_111' title="bbox 1954 4650 3501 4719; baseline 0 -16"><span class='ocrx_word' id='word_1_856' title='bbox 1954 4652 2080 4703; x_wconf 91' lang='lat' dir='ltr'><strong>tiam</strong></span> <span class='ocrx_word' id='word_1_857' title='bbox 2123 4650 2463 4707; x_wconf 83' lang='lat' dir='ltr'><strong>referremus.</strong></span> <span class='ocrx_word' id='word_1_858' title='bbox 2516 4653 2755 4719; x_wconf 88' lang='lat' dir='ltr'><strong>Denique</strong></span> <span class='ocrx_word' id='word_1_859' title='bbox 2798 4654 3073 4706; x_wconf 77' lang='lat' dir='ltr'><strong>diximus:</strong></span> <span class='ocrx_word' id='word_1_860' title='bbox 3104 4672 3120 4703; x_wconf 82' lang='grc' dir='ltr'><strong>ι</strong></span> <span class='ocrx_word' id='word_1_861' title='bbox 3143 4650 3293 4716; x_wconf 85' lang='lat' dir='ltr'><strong>Quod</strong></span> <span class='ocrx_word' id='word_1_862' title='bbox 3329 4662 3501 4704; x_wconf 83' lang='lat' dir='ltr'><strong>autem</strong></span> 
     </span>
    </p>
   </div>
   <div class='ocr_carea' id='block_1_110' title="bbox 1951 4720 3500 4785">
    <p class='ocr_par' dir='ltr' id='par_1_110' title="bbox 1951 4720 3500 4785">
     <span class='ocr_line' id='line_1_112' title="bbox 1951 4720 3500 4785; baseline 0 -12"><span class='ocrx_word' id='word_1_863' title='bbox 1951 4722 2150 4775; x_wconf 89' lang='lat' dir='ltr'><strong>electos</strong></span> <span class='ocrx_word' id='word_1_864' title='bbox 2204 4739 2319 4785; x_wconf 88' lang='lat' dir='ltr'><strong>nos,</strong></span> <span class='ocrx_word' id='word_1_865' title='bbox 2376 4734 2433 4777; x_wconf 91' lang='lat' dir='ltr'><strong>ut</strong></span> <span class='ocrx_word' id='word_1_866' title='bbox 2469 4738 2712 4778; x_wconf 89' lang='lat' dir='ltr'><strong>essemus</strong></span> <span class='ocrx_word' id='word_1_867' title='bbox 2771 4722 3008 4777; x_wconf 88' lang='lat' dir='ltr'><strong>sancti...</strong></span> <span class='ocrx_word' id='word_1_868' title='bbox 3063 4730 3186 4774; x_wconf 88' lang='lat' dir='ltr'><strong>ante</strong></span> <span class='ocrx_word' id='word_1_869' title='bbox 3245 4720 3500 4775; x_wconf 84' lang='lat' dir='ltr'><strong>fabricam</strong></span> 
     </span>
    </p>
   </div>
   <div class='ocr_carea' id='block_1_111' title="bbox 1951 4788 3497 4862">
    <p class='ocr_par' dir='ltr' id='par_1_111' title="bbox 1951 4788 3497 4862">
     <span class='ocr_line' id='line_1_113' title="bbox 1951 4788 3497 4862; baseline -0.001 -20"><span class='ocrx_word' id='word_1_870' title='bbox 1951 4792 2154 4855; x_wconf 88' lang='lat' dir='ltr'><strong>mundi,</strong></span> <span class='ocrx_word' id='word_1_871' title='bbox 2206 4802 2434 4862; x_wconf 79' lang='lat' dir='ltr'><strong>testatus</strong></span> <span class='ocrx_word' id='word_1_872' title='bbox 2486 4802 2588 4849; x_wconf 90' lang='lat' dir='ltr'><strong>est.</strong></span> <span class='ocrx_word' id='word_1_873' title='bbox 2642 4795 2706 4845; x_wconf 85' lang='lat' dir='ltr'><strong>ad</strong></span> <span class='ocrx_word' id='word_1_874' title='bbox 2757 4791 3143 4862; x_wconf 68' lang='lat' dir='ltr'><strong>praescientiaut</strong></span> <span class='ocrx_word' id='word_1_875' title='bbox 3194 4788 3285 4842; x_wconf 92' lang='lat' dir='ltr'><strong>Dei</strong></span> <span class='ocrx_word' id='word_1_876' title='bbox 3342 4791 3497 4856; x_wconf 88' lang='lat' dir='ltr'><strong>perti-</strong></span> 
     </span>
    </p>
   </div>
   <div class='ocr_carea' id='block_1_112' title="bbox 1950 4861 3495 4931">
    <p class='ocr_par' dir='ltr' id='par_1_112' title="bbox 1950 4861 3495 4931">
     <span class='ocr_line' id='line_1_114' title="bbox 1950 4861 3495 4931; baseline -0.003 -19"><span class='ocrx_word' id='word_1_877' title='bbox 1950 4870 2105 4931; x_wconf 61' lang='lat' dir='ltr'><strong>net...</strong></span> <span class='ocrx_word' id='word_1_878' title='bbox 2135 4880 2153 4911; x_wconf 75' lang='grc' dir='ltr'><strong>ι</strong></span> <span class='ocrx_word' id='word_1_879' title='bbox 2189 4861 2345 4916; x_wconf 88' lang='lat' dir='ltr'><strong>Certe</strong></span> <span class='ocrx_word' id='word_1_880' title='bbox 2368 4864 2417 4915; x_wconf 91' lang='lat' dir='ltr'><strong>in</strong></span> <span class='ocrx_word' id='word_1_881' title='bbox 2452 4861 2784 4931; x_wconf 83' lang='lat' dir='ltr'><strong>expositione</strong></span> <span class='ocrx_word' id='word_1_882' title='bbox 2814 4863 2914 4915; x_wconf 91' lang='lat' dir='ltr'><strong>ista</strong></span> <span class='ocrx_word' id='word_1_883' title='bbox 2946 4862 3146 4913; x_wconf 89' lang='lat' dir='ltr'><strong>nullum</strong></span> <span class='ocrx_word' id='word_1_884' title='bbox 3174 4862 3381 4931; x_wconf 69' lang='lat' dir='ltr'><strong>crimen</strong></span> <span class='ocrx_word' id='word_1_885' title='bbox 3400 4869 3495 4922; x_wconf 86' lang='lat' dir='ltr'><strong>est;</strong></span> 
     </span>
    </p>
   </div>
   <div class='ocr_carea' id='block_1_113' title="bbox 1949 4928 3496 4999">
    <p class='ocr_par' dir='ltr' id='par_1_113' title="bbox 1949 4928 3496 4999">
     <span class='ocr_line' id='line_1_115' title="bbox 1949 4928 3496 4999; baseline -0.003 -18"><span class='ocrx_word' id='word_1_886' title='bbox 1949 4941 2003 4983; x_wconf 90' lang='lat' dir='ltr'><strong>et</strong></span> <span class='ocrx_word' id='word_1_887' title='bbox 2031 4928 2259 4999; x_wconf 79' lang='lat' dir='ltr'><strong>Origene</strong></span> <span class='ocrx_word' id='word_1_888' title='bbox 2308 4928 2534 4985; x_wconf 75' lang='lat' dir='ltr'><strong>dicente</strong></span> <span class='ocrx_word' id='word_1_889' title='bbox 2571 4933 2833 4983; x_wconf 87' lang='lat' dir='ltr'><strong>contraria</strong></span> <span class='ocrx_word' id='word_1_890' title='bbox 2860 4971 2874 4992; x_wconf 92' lang='lat'><strong>,</strong></span> <span class='ocrx_word' id='word_1_891' title='bbox 2924 4947 3021 4983; x_wconf 93' lang='lat' dir='ltr'><strong>nos</strong></span> <span class='ocrx_word' id='word_1_892' title='bbox 3077 4929 3496 4983; x_wconf 79' lang='lat' dir='ltr'><strong>ecclesiasticum</strong></span> 
     </span>
    </p>
   </div>
   <div class='ocr_carea' id='block_1_114' title="bbox 1949 4998 3491 5070">
    <p class='ocr_par' dir='ltr' id='par_1_114' title="bbox 1949 4998 3491 5070">
     <span class='ocr_line' id='line_1_116' title="bbox 1949 4998 3491 5070; baseline -0.001 -20"><span class='ocrx_word' id='word_1_893' title='bbox 1949 4998 2165 5053; x_wconf 87' lang='lat' dir='ltr'><strong>sensum</strong></span> <span class='ocrx_word' id='word_1_894' title='bbox 2219 5003 2385 5053; x_wconf 89' lang='lat' dir='ltr'><strong>secuti</strong></span> <span class='ocrx_word' id='word_1_895' title='bbox 2419 5016 2665 5054; x_wconf 58' lang='lat' dir='ltr'><strong>smnusu</strong></span> <span class='ocrx_word' id='word_1_896' title='bbox 2708 5002 2781 5053; x_wconf 87' lang='lat' dir='ltr'><strong>Ita</strong></span> <span class='ocrx_word' id='word_1_897' title='bbox 2824 4999 3195 5070; x_wconf 81' lang='lat' dir='ltr'><strong>Hieronymus.</strong></span> <span class='ocrx_word' id='word_1_898' title='bbox 3242 4998 3491 5070; x_wconf 60' lang='lat' dir='ltr'><strong>Didymus</strong></span> 
     </span>
    </p>
   </div>
   <div class='ocr_carea' id='block_1_115' title="bbox 1947 5066 3497 5132">
    <p class='ocr_par' dir='ltr' id='par_1_115' title="bbox 1947 5066 3497 5132">
     <span class='ocr_line' id='line_1_117' title="bbox 1947 5066 3497 5132; baseline -0.001 -12"><span class='ocrx_word' id='word_1_899' title='bbox 1947 5084 2075 5121; x_wconf 87' lang='lat' dir='ltr'><strong>vero</strong></span> <span class='ocrx_word' id='word_1_900' title='bbox 2113 5086 2215 5123; x_wconf 92' lang='lat' dir='ltr'><strong>non</strong></span> <span class='ocrx_word' id='word_1_901' title='bbox 2246 5072 2417 5124; x_wconf 85' lang='lat' dir='ltr'><strong>solum</strong></span> <span class='ocrx_word' id='word_1_902' title='bbox 2439 5073 2548 5132; x_wconf 88' lang='lat' dir='ltr'><strong>hic,</strong></span> <span class='ocrx_word' id='word_1_903' title='bbox 2573 5072 2664 5123; x_wconf 81' lang='lat' dir='ltr'><strong>sed</strong></span> <span class='ocrx_word' id='word_1_904' title='bbox 2693 5072 2854 5124; x_wconf 85' lang='lat' dir='ltr'><strong>etiam</strong></span> <span class='ocrx_word' id='word_1_905' title='bbox 2891 5066 3305 5123; x_wconf 68' lang='lat' dir='ltr'><strong>enarrationem</strong></span> <span class='ocrx_word' id='word_1_906' title='bbox 3338 5066 3365 5120; x_wconf 88' lang='lat' dir='ltr'><strong><em>I</em></strong></span> <span class='ocrx_word' id='word_1_907' title='bbox 3398 5066 3497 5118; x_wconf 79' lang='lat' dir='ltr'><strong>Pe-</strong></span> 
     </span>
    </p>
   </div>
   <div class='ocr_carea' id='block_1_116' title="bbox 1947 5134 3494 5207">
    <p class='ocr_par' dir='ltr' id='par_1_116' title="bbox 1947 5134 3494 5207">
     <span class='ocr_line' id='line_1_118' title="bbox 1947 5134 3494 5207; baseline -0.002 -18"><span class='ocrx_word' id='word_1_908' title='bbox 1947 5140 2015 5190; x_wconf 79' lang='grc' dir='ltr'>ινὶ</span> <span class='ocrx_word' id='word_1_909' title='bbox 2050 5138 2221 5206; x_wconf 74' lang='lat' dir='ltr'><strong>Epist.</strong></span> <span class='ocrx_word' id='word_1_910' title='bbox 2254 5142 2318 5193; x_wconf 90' lang='lat' dir='ltr'><strong>ad</strong></span> <span class='ocrx_word' id='word_1_911' title='bbox 2352 5157 2467 5207; x_wconf 78' lang='lat' dir='ltr'><strong>cap.</strong></span> <span class='ocrx_word' id='word_1_912' title='bbox 2499 5155 2538 5203; x_wconf 92' lang='grc' dir='ltr'>ι,</span> <span class='ocrx_word' id='word_1_913' title='bbox 2579 5154 2721 5193; x_wconf 82' lang='lat' dir='ltr'><strong>vers.</strong></span> <span class='ocrx_word' id='word_1_914' title='bbox 2758 5140 2813 5205; x_wconf 84' lang='grc'><strong>2,</strong></span> <span class='ocrx_word' id='word_1_915' title='bbox 2861 5139 3006 5193; x_wconf 86' lang='lat' dir='ltr'><strong>Pauli</strong></span> <span class='ocrx_word' id='word_1_916' title='bbox 3051 5148 3252 5192; x_wconf 75' lang='lat' dir='ltr'><strong>textura</strong></span> <span class='ocrx_word' id='word_1_917' title='bbox 3296 5138 3364 5190; x_wconf 88' lang='lat' dir='ltr'><strong>ad</strong></span> <span class='ocrx_word' id='word_1_918' title='bbox 3408 5134 3494 5188; x_wconf 89' lang='lat' dir='ltr'><strong>Dei</strong></span> 
     </span>
    </p>
   </div>
   <div class='ocr_carea' id='block_1_117' title="bbox 1946 5209 2551 5277">
    <p class='ocr_par' dir='ltr' id='par_1_117' title="bbox 1946 5209 2551 5277">
     <span class='ocr_line' id='line_1_119' title="bbox 1946 5209 2551 5277; baseline 0.007 -18"><span class='ocrx_word' id='word_1_919' title='bbox 1946 5210 2339 5277; x_wconf 66' lang='lat' dir='ltr'><strong>praescientiam</strong></span> <span class='ocrx_word' id='word_1_920' title='bbox 2370 5209 2551 5263; x_wconf 91' lang='lat' dir='ltr'><strong>refert.</strong></span> 
     </span>
    </p>
   </div>
   <div class='ocr_carea' id='block_1_118' title="bbox 2016 5277 3459 5354">
    <p class='ocr_par' dir='ltr' id='par_1_118' title="bbox 2016 5277 3459 5354">
     <span class='ocr_line' id='line_1_120' title="bbox 2016 5277 3459 5354; baseline 0 0"><span class='ocrx_word' id='word_1_921' title='bbox 2016 5277 2347 5354; x_wconf 60' lang='grc' dir='ltr'><strong>(ἓίέηὲιςςίςο</strong></span> <span class='ocrx_word' id='word_1_922' title='bbox 2385 5278 2870 5354; x_wconf 44' lang='grc' dir='ltr'><strong>εμῒιςβιινιειΐί-</strong></span> <span class='ocrx_word' id='word_1_923' title='bbox 2925 5347 2949 5354; x_wconf 83' lang='lat'>_</span> <span class='ocrx_word' id='word_1_924' title='bbox 3018 5350 3030 5354; x_wconf 92' lang='lat'><em>_</em></span> <span class='ocrx_word' id='word_1_925' title='bbox 3090 5349 3099 5354; x_wconf 91' lang='lat'><em>_</em></span> <span class='ocrx_word' id='word_1_926' title='bbox 3246 5348 3258 5354; x_wconf 92' lang='lat'><strong>-</strong></span> <span class='ocrx_word' id='word_1_927' title='bbox 3375 5345 3387 5354; x_wconf 92' lang='lat'><strong>.</strong></span> <span class='ocrx_word' id='word_1_928' title='bbox 3440 5343 3459 5354; x_wconf 85' lang='lat'><strong>.</strong></span> 
     </span>
    </p>
   </div>
   <div class='ocr_carea' id='block_1_119' title="bbox 2017 5345 3489 5418">
    <p class='ocr_par' dir='ltr' id='par_1_119' title="bbox 2017 5345 3489 5418">
     <span class='ocr_line' id='line_1_121' title="bbox 2017 5345 3489 5418; baseline 0.002 -19"><span class='ocrx_word' id='word_1_929' title='bbox 2017 5348 2130 5418; x_wconf 88' lang='grc'>(27)</span> <span class='ocrx_word' id='word_1_930' title='bbox 2169 5345 2278 5401; x_wconf 76' lang='lat' dir='ltr'><strong>Sibi</strong></span> <span class='ocrx_word' id='word_1_931' title='bbox 2312 5345 2443 5415; x_wconf 53' lang='lat' dir='ltr'><strong>ipsi.</strong></span> <span class='ocrx_word' id='word_1_932' title='bbox 2474 5349 2640 5402; x_wconf 84' lang='lat' dir='ltr'><strong>Biblia</strong></span> <span class='ocrx_word' id='word_1_933' title='bbox 2668 5363 2763 5417; x_wconf 95' lang='lat' dir='ltr'><strong>pro</strong></span> <span class='ocrx_word' id='word_1_934' title='bbox 2784 5347 2959 5418; x_wconf 74' lang='grc' dir='ltr'>ἐαυτῷ</span> <span class='ocrx_word' id='word_1_935' title='bbox 3017 5349 3213 5402; x_wconf 87' lang='lat' dir='ltr'><strong>habent</strong></span> <span class='ocrx_word' id='word_1_936' title='bbox 3243 5345 3489 5418; x_wconf 49' lang='lat' dir='ltr'><strong>eaad-ui».</strong></span> 
     </span>
    </p>
   </div>
   <div class='ocr_carea' id='block_1_120' title="bbox 1946 5414 3502 5489">
    <p class='ocr_par' dir='ltr' id='par_1_120' title="bbox 1946 5414 3502 5489">
     <span class='ocr_line' id='line_1_122' title="bbox 1946 5414 3502 5489; baseline 0 -18"><span class='ocrx_word' id='word_1_937' title='bbox 1946 5417 1997 5471; x_wconf 86' lang='lat' dir='ltr'><strong>id</strong></span> <span class='ocrx_word' id='word_1_938' title='bbox 2024 5414 2126 5480; x_wconf 78' lang='lat' dir='ltr'><strong>est,</strong></span> <span class='ocrx_word' id='word_1_939' title='bbox 2163 5436 2180 5468; x_wconf 79' lang='grc' dir='ltr'><strong>ι</strong></span> <span class='ocrx_word' id='word_1_940' title='bbox 2211 5419 2262 5471; x_wconf 85' lang='grc' dir='ltr'>ἰιι</span> <span class='ocrx_word' id='word_1_941' title='bbox 2313 5414 2446 5488; x_wconf 89' lang='lat' dir='ltr'><strong>ipso.</strong></span> <span class='ocrx_word' id='word_1_942' title='bbox 2472 5437 2491 5470; x_wconf 70' lang='grc' dir='ltr'><strong>ι</strong></span> <span class='ocrx_word' id='word_1_943' title='bbox 2530 5419 2597 5472; x_wconf 80' lang='lat' dir='ltr'><strong>Et</strong></span> <span class='ocrx_word' id='word_1_944' title='bbox 2640 5414 2757 5489; x_wconf 80' lang='lat' dir='ltr'><strong>post</strong></span> <span class='ocrx_word' id='word_1_945' title='bbox 2794 5414 2942 5471; x_wconf 71' lang='grc' dir='ltr'>εἶναι’</span> <span class='ocrx_word' id='word_1_946' title='bbox 2966 5419 3169 5473; x_wconf 87' lang='lat' dir='ltr'><strong>addunt</strong></span> <span class='ocrx_word' id='word_1_947' title='bbox 3205 5417 3374 5487; x_wconf 78' lang='grc' dir='ltr'>ἡμᾶς,</span> <span class='ocrx_word' id='word_1_948' title='bbox 3400 5418 3502 5471; x_wconf 87' lang='lat' dir='ltr'><strong>huc.</strong></span> 
     </span>
    </p>
   </div>
   <div class='ocr_carea' id='block_1_121' title="bbox 1945 5496 2288 5552">
    <p class='ocr_par' dir='ltr' id='par_1_121' title="bbox 1945 5496 2288 5552">
     <span class='ocr_line' id='line_1_123' title="bbox 1945 5496 2288 5552; baseline -0.006 -11"><span class='ocrx_word' id='word_1_949' title='bbox 1945 5496 2046 5552; x_wconf 90' lang='lat' dir='ltr'><strong>est,</strong></span> <span class='ocrx_word' id='word_1_950' title='bbox 2087 5507 2105 5539; x_wconf 80' lang='grc' dir='ltr'><strong>ι</strong></span> <span class='ocrx_word' id='word_1_951' title='bbox 2132 5504 2248 5542; x_wconf 93' lang='lat' dir='ltr'><strong>nos.</strong></span> <span class='ocrx_word' id='word_1_952' title='bbox 2270 5508 2288 5539; x_wconf 73' lang='grc' dir='ltr'><strong>ι</strong></span> 
     </span>
    </p>
   </div>
   <div class='ocr_carea' id='block_1_122' title="bbox 2034 5556 2976 5624">
    <p class='ocr_par' dir='ltr' id='par_1_122' title="bbox 2034 5556 2976 5624">
     <span class='ocr_line' id='line_1_124' title="bbox 2034 5556 2976 5624; baseline 0 -12"><span class='ocrx_word' id='word_1_953' title='bbox 2034 5558 2125 5624; x_wconf 88' lang='grc'>28)</span> <span class='ocrx_word' id='word_1_954' title='bbox 2154 5558 2470 5613; x_wconf 84' lang='lat' dir='ltr'><strong>Secundum.</strong></span> <span class='ocrx_word' id='word_1_955' title='bbox 2506 5557 2547 5611; x_wconf 89' lang='lat' dir='ltr'><strong>ll</strong></span> <span class='ocrx_word' id='word_1_956' title='bbox 2586 5557 2726 5612; x_wconf 85' lang='lat' dir='ltr'><strong>Tim.</strong></span> <span class='ocrx_word' id='word_1_957' title='bbox 2769 5573 2805 5616; x_wconf 90' lang='grc' dir='ltr'>ι,</span> <span class='ocrx_word' id='word_1_958' title='bbox 2828 5556 2976 5612; x_wconf 85' lang='grc'>8-10.</span> 
     </span>
    </p>
   </div>
   <div class='ocr_carea' id='block_1_123' title="bbox 2013 5560 2879 5696">
    <p class='ocr_par' dir='ltr' id='par_1_123' title="bbox 2013 5560 2879 5696">
     <span class='ocr_line' id='line_1_125' title="bbox 2034 5560 2879 5624; baseline -0.005 -12"><span class='ocrx_word' id='word_1_959' title='bbox 2034 5560 2125 5624; x_wconf 88' lang='grc'>28)</span> <span class='ocrx_word' id='word_1_960' title='bbox 2154 5560 2470 5613; x_wconf 83' lang='lat' dir='ltr'><strong>Secundum.</strong></span> <span class='ocrx_word' id='word_1_961' title='bbox 2506 5560 2547 5611; x_wconf 86' lang='lat' dir='ltr'><strong>ll</strong></span> <span class='ocrx_word' id='word_1_962' title='bbox 2586 5560 2726 5612; x_wconf 86' lang='lat' dir='ltr'><strong>Tim.</strong></span> <span class='ocrx_word' id='word_1_963' title='bbox 2769 5573 2805 5616; x_wconf 90' lang='grc' dir='ltr'>ι,</span> <span class='ocrx_word' id='word_1_964' title='bbox 2828 5560 2879 5609; x_wconf 92' lang='lat'><strong>8-</strong></span> 
     </span>
     <span class='ocr_line' id='line_1_126' title="bbox 2013 5560 2879 5696; baseline -0.002 -15"><span class='ocrx_word' id='word_1_965' title='bbox 2013 5560 2123 5696; x_wconf 45' lang='lat'><strong>}29)</strong></span> <span class='ocrx_word' id='word_1_966' title='bbox 2159 5626 2448 5682; x_wconf 83' lang='lat' dir='ltr'><strong>Foderunt.</strong></span> <span class='ocrx_word' id='word_1_967' title='bbox 2485 5629 2625 5683; x_wconf 85' lang='lat' dir='ltr'><strong>Psal.</strong></span> <span class='ocrx_word' id='word_1_968' title='bbox 2657 5642 2769 5690; x_wconf 74' lang='lat' dir='ltr'><strong>XXI,</strong></span> <span class='ocrx_word' id='word_1_969' title='bbox 2797 5627 2879 5680; x_wconf 90' lang='grc'><strong>18.</strong></span> 
     </span>
    </p>
   </div>
   <div class='ocr_carea' id='block_1_124' title="bbox 2013 5696 2851 5768">
    <p class='ocr_par' dir='ltr' id='par_1_124' title="bbox 2013 5696 2851 5768">
     <span class='ocr_line' id='line_1_127' title="bbox 2013 5696 2851 5768; baseline 0.001 -16"><span class='ocrx_word' id='word_1_970' title='bbox 2013 5699 2122 5768; x_wconf 82' lang='grc'>(50)</span> <span class='ocrx_word' id='word_1_971' title='bbox 2152 5697 2472 5757; x_wconf 70' lang='grc' dir='ltr'>υιυὶεεηιηι.</span> <span class='ocrx_word' id='word_1_972' title='bbox 2507 5696 2726 5765; x_wconf 84' lang='lat' dir='ltr'><strong>Ibidem,</strong></span> <span class='ocrx_word' id='word_1_973' title='bbox 2763 5696 2851 5753; x_wconf 69' lang='grc'><strong>19.</strong></span> 
     </span>
    </p>
   </div>
  </div>
