3716 6306
192 323 275 376 821
1197 318 1284 371 DE
1321 315 1693 372 TRINITATE
1731 314 1933 370 LIBER
1972 315 2295 372 TERTIUS.

3249 324 3352 376 89.9.

191 430 248 484 τὰ
278 426 450 497 ίμάτιά
489 442 583 495 μου
621 425 852 491 ἑαυτοῖς,
890 426 980 480 καί
1014 428 1105 480 ἐπὶ
1135 429 1225 481 τὸν
1268 430 1555 499 ἱματισμόν
1602 445 1691 499 μου

1822 430 2118 485 vestimenta
2138 442 2256 484 mea
2278 427 2404 494 sibi,
2438 438 2493 484 et
2520 444 2680 500 super
2703 442 2903 487 vestem
2924 448 3093 486 meam
3107 434 3355 500 iecerunt

190 518 350 572 ἔϐαλον
378 516 593 586 κλῆρον·
623 533 643 566 ι
668 516 764 568 καὶ
791 518 847 569 ὲν
874 514 994 587 ριξο
1028 534 1047 567 ι
1076 517 1255 580 Λίθον,
1286 519 1343 570 ὃν
1368 520 1702 589 ἀπεδοκίμα-

190 627 274 663 σαν
320 609 364 659 οἱ
412 605 830 675 οἰκοδομοῦντες,
865 599 1017 670 οὗτος
1068 608 1298 679 ἐγενήθη
1350 612 1429 673 είς
1466 610 1702 681 κεφαλὴν

187 701 387 769 γωνίας,
417 699 503 750 καὶ
543 698 690 751 ἔσται
728 700 1014 770 θαυμαστὴ
1048 700 1105 752 ὲν
1136 700 1427 770 ὀφθαλμοῖς
1454 701 1608 770 ἡμῶν
1631 717 1644 731 ⁸
1676 720 1697 752 δ

188 794 264 845 καὶ
309 790 548 853 Ἡσαΐας·
592 808 611 841 ι
647 791 863 843 Παιδίον
892 792 1149 861 ἐγεννήθη
1194 794 1345 861 ἡμῖν.
1396 812 1413 843 ι
1454 793 1614 859 Λέγει
1642 792 1703 845 τὸ

187 883 377 953 μηδέπω
403 881 604 951 τεχθέν.
631 883 740 935 Καὶ
766 882 955 934 πάλιν·
988 901 1006 932 ι
1053 883 1139 945 Ὧς
1159 883 1428 952 πρόϐατον
1452 885 1544 936 ἐπὶ
1569 900 1703 952 σφα-

182 977 269 1044 γὴν
294 972 421 1042 ἤχθη
442 988 454 1001 ·
494 990 513 1022 ι
541 972 717 1025 καίτοι
753 973 965 1025 ούδέπω
992 969 1058 1043 ἦν
1102 975 1167 1025 ὲκ
1193 975 1405 1044 Μαρίας
1430 974 1637 1045 τεχθεὶς
1670 974 1699 1025 6

180 1065 341 1132 ἀμνὸς.
379 1064 483 1116 Καὶ
512 1064 670 1116 πάλιν
697 1079 712 1092 ⁸
758 1081 776 1116 ι
814 1064 1024 1134 Ἴδομεν
1066 1064 1245 1125 αὑτὸν,
1275 1066 1367 1117 καὶ
1419 1066 1518 1118 ούκ
1558 1062 1701 1136 εἶχεν

182 1149 313 1217 εἶδος,
346 1152 457 1205 οὐδὲ
498 1153 710 1215 κάλλος.
755 1172 772 1203 ι
808 1153 917 1205 Καὶ
959 1152 1063 1223 μὴν
1101 1154 1237 1223 μετὰ
1282 1154 1479 1230 πρλλὰς
1507 1154 1699 1223 γενεὰς

180 1244 308 1313 ὤφθη
336 1242 567 1305 τοιοῦτος
606 1246 663 1295 ὲν
697 1242 773 1313 τῷ
804 1246 1052 1315 σωτηρίῳ
1081 1245 1261 1298 πάθει.
1303 1245 1404 1299 Καὶ
1432 1248 1661 1317 ἀλλαχοῦ
1683 1263 1695 1276 ·

185 1355 199 1383 ι
232 1334 327 1395 Τὰς
362 1334 641 1402 νεομηνίας
688 1335 860 1404 ὑμῶν,
898 1337 991 1388 καὶ
1030 1336 1095 1388 τὰ
1128 1337 1378 1389 Σάϐϐατα
1405 1338 1578 1407 ὑμῶν,
1608 1340 1698 1392 καὶ

177 1426 258 1486 τὰς
277 1423 453 1495 ἑορτὰς
479 1425 841 1495 μισεῖήψυχή
881 1443 1000 1495 μου.
1039 1446 1059 1478 ι
1109 1427 1365 1497 Ἐμίσ-ησε
1425 1429 1481 1481 δὲ
1522 1429 1698 1500 πολλῴ

178 1514 389 1583 ὕστερον,
414 1514 499 1564 ὅτε
529 1512 592 1582 δὴ
624 1513 1061 1584 ὲνηνθρὼπησεν,
1096 1517 1187 1568 καὶ
1212 1517 1308 1585 τὴν
1342 1517 1546 1588 Καινὴν
1573 1521 1697 1572 Δια-

178 1605 322 1674 θήκην
348 1604 471 1673 ἡμῖν
506 1603 726 1657 διέθετο.
763 1605 869 1657 Καὶ
898 1605 965 1657 τὰ
1004 1606 1338 1676 παρελθόντα
1371 1606 1459 1672 δὲ,
1489 1608 1564 1672 ὡς
1610 1611 1696 1661 ὲν-

175 1695 371 1756 εστῶτα,
412 1694 549 1747 καθὰ
580 1694 813 1765 εἴρηται,
864 1695 1150 1765 διηγεῖται,
1186 1696 1261 1760 ὡς
1312 1698 1437 1749 ὅταν
1494 1698 1693 1771 φράζῃο

1803 528 2035 585 sortem;
2060 537 2079 569 ι
2112 526 2167 573 ει
2194 519 2247 572 in
2273 533 2443 571 cxvu:
2480 538 2499 570 ι
2526 518 2776 588 Lapidem
2807 520 2918 591 (5i)
2950 533 3107 589 quem
3161 537 3343 590 repro-

1801 610 2067 664 baverunt
2113 608 2462 674 aedificantes,
2519 609 2606 664 hic
2662 609 2836 665 factus
2880 619 2965 665 est
2993 610 3045 664 in
3076 621 3355 680 caputan—

1801 699 2031 768 guli:et
2055 700 2161 754 erit
2188 700 2298 771 (52)
2345 699 2606 754 mirabilis
2654 701 2705 755 in
2759 700 2930 756 oculis
2989 702 3218 765 nostris;
3251 720 3269 752 ι
3298 710 3352 756 ει

1800 787 1964 843 Isaias
1990 806 2004 842 :
2035 790 2203 844 «Puer
2231 790 2339 861 (55)
2366 800 2522 845 natus
2545 800 2625 846 est
2657 791 2830 846 nobis.
2855 809 2873 841 ι
2910 789 2967 844 ld
2996 799 3171 845 autem
3203 791 3269 846 de
3286 807 3351 847 eo

1801 878 1947 942 dicit,
1973 879 2062 947 qui
2114 881 2346 934 nondum
2398 889 2515 935 erat
2549 890 2722 937 natus.
2776 880 2843 935 Et
2884 896 3107 936 rursus:
3153 900 3171 933 ι
3230 880 3349 936 Sic-

1798 978 1859 1024 ut
1889 969 1999 1039 (54)
2035 970 2100 1023 ad
2126 971 2450 1025 occisionem
2480 973 2668 1027 ductus
2698 981 2800 1026 est.
2850 990 2869 1022 ι
2903 971 3138 1027 Necdum
3168 981 3344 1027 tamen

1799 1073 1865 1113 ex
1900 1059 2063 1112 Maria
2095 1068 2253 1115 natus
2301 1061 2477 1116 fuerat
2521 1062 2721 1132 Agnus.
2770 1062 2836 1115 Et
2868 1076 3052 1116 rursus
3093 1076 3109 1116 :
3146 1082 3163 1113 ι
3189 1062 3342 1117 Vidi-

1799 1165 1921 1203 mus
1955 1151 2066 1221 (55)
2092 1165 2236 1215 eum,
2272 1160 2325 1206 et
2380 1167 2485 1207 non
2543 1153 2775 1207 habebat
2824 1152 3071 1214 formam,
3095 1169 3195 1209 nec
3231 1154 3347 1222 pul-

1798 1239 2224 1293 chritudinem.»
2273 1241 2522 1295 Attamen
2574 1242 2694 1297 talis
2747 1251 2871 1310 post
2899 1242 3096 1297 multas
3124 1258 3348 1313 genera-

1800 1329 1969 1383 tiones
2020 1330 2165 1384 visus
2216 1339 2297 1383 est
2347 1332 2399 1384 in
2439 1331 2713 1386 salutifera
2753 1332 3038 1397 Passione;
3091 1343 3145 1388 et
3176 1334 3341 1387 alibi:

1805 1436 1822 1467 ι
1854 1415 2174 1472 Neomenias
2202 1417 2313 1488 (56)
2344 1428 2571 1483 vestras,
2594 1429 2648 1473 et
2671 1420 2892 1474 sabbata
2910 1430 3110 1486 vestra,
3140 1420 3345 1475 etfesta

1799 1507 1911 1561 odit
1935 1508 2112 1561 anima
2147 1522 2284 1563 mea.
2316 1526 2335 1558 ›
2370 1509 2440 1563 Αι
2463 1509 2578 1563 hmo
2612 1508 2724 1564 odit
2751 1509 2917 1563 multo
2943 1519 3062 1577 post
3080 1519 3341 1580 tempore;

1799 1612 1917 1651 cum
1947 1598 2151 1652 scilicet
2193 1598 2304 1668 (57)
2355 1600 2663 1654 incarnatus
2707 1608 2808 1665 est,
2845 1609 2899 1655 et
2948 1600 3153 1654 Novum
3187 1602 3344 1655 nobis

1798 1687 2201 1741 Testamentum
2240 1688 2518 1757 disposuit.
2548 1688 2823 1744 Prmterita
2853 1705 2980 1745 vero
3009 1691 3169 1745 etiam
3190 1690 3343 1759 quasi

178 1802 194 1833 ι
243 1783 292 1834 'U
328 1782 487 1834 ποιῶν
525 1763 758 1835 Πλειάδα
784 1784 878 1834 καὶ
912 1763 1182 1853 Ἕσπερον
1205 1801 1221 1817 ο
1272 1804 1290 1835 ι
1325 1786 1437 1848 καὶ,
1482 1763 1597 1855 Ῐ

1822 1777 2103 1844 ιιιεεεηιίιι,
2136 1784 2197 1831 ιιι
2247 1777 2445 1832 dictum
2496 1777 2617 1844 fuit,
2663 1789 2880 1834 enarrat
2928 1779 3240 1848 Scriptura,
3287 1787 3347 1831 ut

178 1893 194 1923 ι
231 1874 279 1926 '0
318 1873 475 1927 ποιῶν
517 1875 645 1937 τοὺς
672 1874 935 1942 ἀγγέλους
964 1875 1126 1928 αὑτοῦ
1158 1876 1439 1947 πνεύματα
1462 1893 1477 1907 ο
1520 1896 1539 1928 ι
1579 1878 1697 1929 ἀντὶ

173 1966 266 2030 τοῦ,
301 1968 327 2019 6
366 1966 615 2036 ποιήσας.
659 1966 805 2031 Καὶ,
857 1983 875 2015 ι
946 1965 1003 2017 '0
1041 1964 1303 2036 θεμελιῶν
1334 1967 1433 2036 τὴν
1468 1966 1571 2037 γῆν
1608 1967 1699 2018 ἐπὶ

171 2058 250 2127 τὴν
275 2056 560 2125 ἀσφάλειαν
584 2056 828 2125 αὐτῆς.»
866 2058 894 2109 ὅ
926 2059 1092 2122 ἐστιν,
1119 2060 1147 2110 6
1171 2058 1525 2129 θεμελιώσας.

252 2232 319 2283 Δι’
373 2232 407 2285 ἃ
464 2233 529 2303 δὴ
595 2234 945 2303 ἐπάναγκες,
1005 2237 1052 2288 εί
1098 2235 1170 2306 μὴ
1219 2238 1297 2299 είς
1341 2237 1436 2308 τὴν
1485 2238 1542 2309 ἐν
1587 2240 1697 2302 τοῖς

171 2323 555 2393 ἐπιτηδεύμασιν
626 2325 782 2395 ἡμῶν
872 2327 1093 2396 σοφίαν,
1162 2329 1241 2391 εἰς
1290 2327 1421 2396 γοῦν
1467 2310 1565 2399 τὴν
1617 2329 1700 2381 δε-

172 2416 403 2486 σποτικὴν
445 2417 828 2489 ἀναμάρτητον
871 2421 1162 2489 σάρκωσιν,
1215 2419 1313 2489 τὴν
1378 2421 1698 2491 ἐκκειμένην

170 2504 436 2574 Παροιμίαν
484 2506 713 2577 φέρειν,
753 2509 1001 2580 οὐδαμῶς
1040 2509 1095 2563 δὲ
1134 2512 1215 2573 είς
1256 2511 1346 2563 τὸν
1394 2510 1493 2581 τῆς
1530 2512 1699 2583 ἀρῤή-

168 2611 243 2645 του
279 2595 417 2659 θείας
476 2596 694 2665 φύσεως
759 2598 886 2652 Υίὸν
965 2600 1155 2668 Λόγον,
1212 2600 1303 2653 τὸν
1357 2600 1421 2653 δι’
1474 2596 1554 2663 οὗ,
1608 2602 1700 2655 καὶ

170 2689 275 2758 παρ’
328 2681 404 2752 οὗ,
444 2692 538 2743 καὶ
584 2692 644 2743 ὲν
682 2683 725 2758 ᾧ
791 2692 968 2745 πάντα
1023 2694 1424 2765 κατεκοσμήθη.
1483 2694 1556 2746 Τὸ
1591 2694 1699 2766 γὰρ

168 2779 327 2842 εἰπεῖν,
380 2798 398 2830 ι
429 2779 633 2853 Κύριος
693 2780 871 2834 ἔκτισέ
938 2800 1027 2853 με,
1076 2803 1093 2833 ι
1138 2784 1323 2837 καὶτὸ
1369 2786 1694 2853 ἐπαγαγεῖν,

175 2869 313 2939 (Πρὸ
378 2871 431 2923 δὲ
472 2873 693 2925 πάντων
747 2872 949 2941 βουνῶν
1000 2877 1163 2945 γεννᾷ
1205 2893 1293 2945 με,
1337 2894 1355 2926 ι
1417 2877 1529 2929 ἴσον
1585 2876 1699 2929 ἐστὶ

166 2958 228 3029 τῷ
254 2960 405 3025 λέξαυ
445 2964 615 3016 Ὄντα
652 2981 720 3033 με
762 2963 819 3029 ἐξ
854 2963 1017 3017 αὑτοῦ
1048 2964 1466 3034 συνυφεστώτως
1488 2966 1698 3019 ἔκτισεν

169 3050 379 3121 ὕστερον,
423 3055 559 3107 καθὸ
591 3054 807 3126 θελήσει
842 3055 1006 3108 αὐτοῦ
1037 3056 1365 3128 ἐκοινώνησα
1393 3057 1695 3128 ἀτρέπτως,
1723 3096 1766 3154 c

167 3144 543 3216 ἀναμαρτήτως,
593 3146 899 3218 ἀνθρώποις
929 3149 1028 3218 τῆς
1072 3148 1305 3218 φύσεως,
1331 3149 1407 3212 ὡς
1434 3149 1539 3220 πρὸ
1564 3150 1695 3221 βρα-

169 3233 263 3301 χέος
301 3236 525 3306 εἴρηται.
596 3236 711 3307 Πρὸ
762 3236 817 3289 δὲ
870 3238 1083 3290 πάντων
1154 3237 1354 3307 βουνῶν
1411 3239 1695 3310 ἐγέννησεν

168 3324 376 3390 ἀπαθῶς,
410 3327 501 3379 κα)⁸
542 3328 816 3399 ἀνάρχως,
866 3330 957 3381 καὶ
986 3329 1257 3401 ἀρρήτως,
1306 3328 1437 3381 διότι
1465 3329 1604 3401 ὑπὲρ
1636 3330 1695 3383 τὸ

168 3414 415 3485 ἀσώματον
441 3422 473 3487 ἡ
498 3417 707 3488 θεότης.
725 3420 797 3471 Τὸ
818 3420 923 3489 γὰρ
953 3438 970 3470 ι
1010 3420 1115 3490 πρὸ
1158 3438 1177 3471 ι
1203 3420 1432 3489 μάλιστα
1470 3422 1561 3473 ἐπὶ
1595 3422 1694 3473 αύ-

167 3504 246 3573 τῆς
280 3509 521 3577 τυγχάνει
586 3510 858 3580 ἀόριστον,
898 3510 977 3563 ἔτι
1022 3510 1078 3562 δὲ
1144 3511 1236 3563 καὶ
1273 3512 1300 3564 6
1344 3528 1363 3562 ι
1401 3511 1457 3564 δὲ
1497 3530 1515 3563 ι
1570 3512 1695 3565 σύν-

166 3588 326 3660 δεσμος
373 3595 523 3647 τοῦτο
556 3596 903 3666 παρίστησιν.
950 3599 1012 3649 El
1043 3597 1151 3669 γὰρ
1181 3600 1273 3651 καὶ
1311 3599 1540 3663 ἔκτισεν,
1580 3600 1695 3663 πῶς

167 3681 444 3753 ὲγέννησενς
486 3688 550 3739 El
598 3687 656 3740 δὲ
686 3688 989 3759 ἐγέννησεν,
1043 3690 1159 3753 πῶς
1198 3689 1441 3756 ἕκτισεν;
1491 3691 1564 3743 Τὸ
1597 3692 1693 3761 μὲν

168 3772 251 3842 γὰρ
288 3777 479 3847 κτίσμα
532 3779 678 3831 εἴποι
714 3796 796 3841 τις
834 3779 899 3833 ἂν
949 3779 1041 3831 τοῦ
1089 3780 1370 3843 κτίσαντος
1424 3782 1690 3851 γέννημα,

167 3862 225 3925 ὡς
252 3866 396 3933 ἡμεῖς
438 3868 776 3938 ἠκούσαμεν,
834 3870 941 3921 υἱοὶ
987 3870 1261 3938 Ὑψίστου·
1308 3871 1369 3923 τὸ
1414 3872 1471 3923 δὲ
1527 3872 1695 3934 ὅντως

167 3951 369 4024 γέννημα
404 3957 505 4009 ούκ
544 3957 609 4010 ἄν
630 3974 760 4010 ποτε
801 3957 895 4010 τοῦ
939 3961 1296 4029 γεννήσαντος
1346 3962 1549 4031 κτίσμα
1565 3962 1694 4032 κλη-

169 4041 279 4112 θείη.
321 4045 481 4099 Οὔπω
528 4046 642 4117 γὰρ
680 4046 786 4110 ἓως
828 4049 1068 4120 σήμερον
1105 4050 1260 4119 ἴσμεν
1291 4051 1445 4103 τοῦτο
1481 4052 1688 4122 λεχθέν.

169 4128 299 4184 Ὥστε
341 4135 434 4204 τὴν
482 4138 543 4188 ὲν
581 4140 694 4200 τοῖς
750 4138 991 4207 ἀρίστοις
1035 4138 1426 4209 ἐπιτηδεύμασι
1502 4142 1692 4209 σοφίαν

168 4223 456 4290 πανταχόθεν
496 4225 871 4296 εὑρίσκεσθαι,
911 4227 989 4291 τὸ,
1022 4245 1040 4277 ι
1078 4227 1276 4298 Κύριος
1298 4228 1528 4292 ἔκτισεν,
1568 4248 1587 4279 ι
1618 4231 1691 4283 εξ-

168 4316 377 4381 ρηκυίαν·
414 4314 557 4368 ὥστε
611 4317 709 4369 καὶ
764 4316 903 4370 κατὰ
948 4317 1124 4386 βιαίαν
1157 4317 1381 4387 ἐκδοχὴν
1420 4318 1511 4371 τὸν
1536 4321 1690 4386 γενό-

1797 1882 1917 1920 cum
1944 1867 2057 1920 ait:
2095 1886 2115 1918 ι
2148 1867 2247 1934 Qui
2274 1866 2401 1921 facit
2430 1866 2541 1938 (58)
2568 1868 2854 1932 Pleiadem,
2884 1878 2939 1924 et
2966 1868 3296 1938 Hesperum;
3319 1885 3338 1919 ι

1797 1966 1887 2011 et:
1923 1958 2067 2023 «Qui
2128 1957 2255 2012 facit
2301 1958 2410 2028 (59)
2460 1958 2677 2029 angelos
2735 1974 2862 2014 suos
2908 1960 3187 2030 spiritus.»
3218 1959 3342 2024 Pro,

1803 2066 1822 2097 ‹
1855 2046 1953 2113 Qui
1985 2046 2147 2112 fecit;
2182 2064 2201 2098 ι
2236 2056 2289 2101 ει
2320 2065 2332 2099 :
2368 2068 2385 2099 ι
2420 2047 2518 2115 Qui
2570 2049 2755 2104 fundat
2806 2050 2917 2121 (40)
2964 2060 3159 2106 terram
3186 2065 3346 2121 super

1798 2140 2137 2194 stabilitatem
2169 2154 2341 2194 suam.
2370 2158 2389 2192 ι
2423 2139 2474 2192 ld
2502 2150 2602 2204 est,
2637 2140 2729 2210 qui
2765 2139 3022 2196 fundavit.

1874 2229 2003 2297 Quae
2041 2246 2162 2283 cum
2208 2230 2280 2283 ita
2314 2244 2373 2283 se
2428 2230 2677 2295 habeant,
2710 2230 2927 2285 allatum
2958 2246 3086 2287 sane
3112 2232 3345 2288 Prover-

1798 2323 1944 2377 bium
2002 2322 2209 2376 referre
2261 2336 2481 2377 necesse
2526 2333 2629 2386 est,
2686 2324 2731 2377 si
2768 2339 2872 2378 non
2905 2325 2972 2377 ad
3002 2326 3344 2395 sapientiam,

1799 2428 1918 2481 quae
1948 2413 2001 2467 in
2038 2413 2237 2467 nostris
2265 2412 2563 2482 disciplinis
2603 2414 2762 2479 inest,
2814 2415 3003 2469 saltem
3062 2418 3126 2470 ad
3162 2415 3343 2469 Domi-

1799 2507 1975 2560 nicam
2036 2504 2244 2575 peccati
2295 2514 2568 2574 expertem
2617 2506 3081 2572 lncarnationem;
3128 2506 3345 2559 minime

1798 2607 1925 2647 vero
1956 2592 2019 2647 ad
2051 2590 2333 2647 iueﬂ'abilis
2366 2592 2556 2646 divina:
2592 2600 2796 2647 natura:
2844 2593 3035 2647 Filium
3080 2592 3340 2653 Verbum,

1798 2696 1895 2752 per
1915 2695 2096 2750 quem,
2117 2688 2172 2735 et
2201 2696 2231 2735 a
2255 2695 2383 2749 quo,
2421 2692 2475 2734 et
2513 2682 2565 2734 in
2594 2695 2699 2750 quo
2746 2682 2923 2736 omnia
2950 2682 3159 2737 condita
3185 2681 3343 2753 3&3

1799 2784 1851 2828 et
1874 2780 2062 2827 ornata
2098 2782 2248 2828 sunt.
2288 2771 2419 2826 Nam
2468 2788 2586 2827 cum
2638 2773 2736 2839 ait,
2791 2792 2809 2824 ι
2845 2772 3100 2829 Dominus
3131 2775 3345 2829 creavit

1800 2878 1907 2929 me,
1941 2882 1959 2914 ι
1994 2864 2247 2927 subdens,
2282 2880 2301 2913 ι
2333 2862 2472 2916 Ante
2514 2876 2700 2916 omnes
2747 2870 2922 2917 autem
2980 2862 3142 2917 colles
3175 2862 3345 2932 gignit

1799 2970 1906 3021 me,
1930 2973 1947 3006 ι
1985 2955 2122 3009 idem
2152 2964 2235 3009 est
2260 2968 2320 3008 ac
2356 2954 2400 3007 si
2431 2954 2631 3007 diceret
2676 2970 2689 3006 :
2744 2952 2873 3008 Cum
2905 2968 3077 3008 essem
3118 2970 3182 3008 ex
3206 2955 3341 3023 ipso,

1799 3059 1853 3101 ει
1881 3045 2040 3100 simul
2070 3060 2189 3098 cum
2241 3059 2305 3100 eo
2350 3044 2717 3111 subsisterem,
2774 3045 2974 3098 creavit
3012 3059 3098 3099 me
3136 3054 3342 3115 postea,

1800 3144 2065 3205 quatenus
2097 3134 2371 3188 voluntate
2403 3133 2518 3201 ejus
2538 3147 2875 3187 communem
2910 3134 3070 3188 habui
3096 3149 3215 3189 cum
3242 3134 3344 3188 ho-

1795 3226 2035 3281 minibus
2062 3234 2333 3287 naturam,
2381 3224 2499 3276 sine
2537 3222 2830 3276 mutatione
2884 3229 3085 3286 tamen,
3129 3237 3192 3276 ac
3229 3222 3346 3277 sine

1793 3324 2038 3387 peccato,
2088 3316 2229 3369 sicut
2270 3312 2428 3381 paulo
2475 3321 2598 3365 ante
2649 3312 2775 3365 dixi.
2821 3312 2958 3365 Ante
2983 3326 3170 3366 omnes
3218 3327 3347 3367 vero

1795 3407 1961 3461 colles
1994 3405 2182 3477 genuit
2207 3404 2364 3457 Pater
2399 3402 2818 3472 impassibiliter,
2843 3411 2897 3456 et
2924 3402 2992 3456 ab
3031 3412 3253 3467 mterno,
3290 3412 3346 3457 et

1795 3496 2170 3562 ineﬂ'abiliter;
2199 3494 2323 3563 quia
2354 3507 2517 3562 supra
2568 3492 2878 3561 incorporea
2917 3493 3094 3547 omnia
3119 3502 3201 3547 est
3230 3494 3339 3547 dei-

1796 3601 1898 3646 tas.
1921 3589 2053 3643 Nam
2084 3586 2233 3652 illud,
2267 3596 2419 3649 ante,
2473 3585 2766 3653 praesertim
2820 3598 2941 3638 cum
2982 3587 3046 3639 de
3069 3586 3177 3654 ipsa
3212 3585 3347 3640 dici-

1797 3692 1902 3747 tur,
1940 3680 2278 3735 indefinitum
2300 3687 2401 3733 est.
2434 3675 2697 3730 Praeterea
2725 3690 2851 3729 vero
2877 3674 3038 3730 etiam
3084 3675 3343 3742 particula

1794 3772 1905 3839 illa,
1933 3771 2014 3839 δέ,
2050 3770 2103 3824 id
2149 3778 2258 3834 est,
2326 3777 2521 3831 autem,
2582 3767 2634 3821 id
2663 3767 2832 3837 ipsum
2880 3767 3089 3835 probat.
3115 3767 3172 3821 Si
3201 3769 3343 3823 enim

1794 3864 2014 3927 creavit,
2038 3860 2303 3931 quomodo
2332 3858 2553 3929 genuit?
2578 3857 2635 3913 Si
2669 3872 2794 3913 vero
2842 3859 3047 3927 genuit,
3076 3859 3348 3928 quomodo

1794 3955 2041 4011 creavit?
2095 3953 2231 4008 Nam
2284 3960 2586 4007 creaturam
2636 3949 2851 4018 quidem
2900 3949 3076 4004 dicere
3099 3949 3219 4019 quis
3249 3964 3345 4020 po-

1794 4055 1899 4101 test
1949 4045 2259 4115 progeniem
2323 4040 2617 4105 Creatoris,
2663 4040 2804 4095 sicut
2846 4054 2944 4095 nos
2982 4039 3107 4094 dicti
3161 4054 3344 4094 sumus

1792 4140 1886 4195 ﬁlii
1921 4136 2183 4192 Altissimi
2211 4134 2353 4206 (4i):
2384 4133 2675 4204 quiautem
2698 4146 2824 4186 vere
2850 4131 3082 4202 genitus,
3105 4145 3197 4187 seu
3222 4146 3348 4201 pro-
3428 4136 3432 4140 '

1793 4231 1979 4301 genies
2005 4238 2110 4297 est,
2140 4240 2411 4296 nunquam
2468 4223 2749 4279 vocabitur
2778 4224 3036 4292 genitoris
3057 4233 3339 4291 creatura;

1792 4324 2020 4379 necdum
2066 4322 2210 4377 enim
2272 4319 2533 4372 hactenus
2570 4330 2598 4369 a
2656 4318 2905 4385 quopiam
2950 4317 3197 4373 novimus
3237 4317 3342 4371 hoc

169 4419 296 4469 μενον
336 4407 656 4479 σύμμορφον
715 4412 781 4479 τῇ
837 4409 1233 4479 ἁνθρωπότητι.
1290 4409 1379 4479 Τῷ
1433 4411 1541 4481 γὰρ
1593 4412 1690 4483 τῆς

1822 4415 1993 4469 ictum
2018 4428 2159 4468 esse.
2192 4411 2523 4485 Quocunque
2547 4422 2673 4477 ergo
2702 4410 2984 4477 vertimur,
3016 4409 3340 4475 invenimus,

167 4492 286 4559 θείας
312 4499 669 4568 προγνώσεως
702 4501 811 4571 ὅρῳ
856 4500 959 4570 πρὸ
1000 4501 1175 4570 πάσης
1205 4498 1429 4563 κτίσεως
1473 4502 1687 4570 ἐγένετο

167 4578 306 4650 οὗτος,
341 4590 511 4643 κτίσιν
544 4590 603 4643 δὲ
647 4589 1094 4662 καταχρηστικῶς
1134 4588 1231 4659 τὴν
1272 4588 1683 4660 ἀνθρωπότητα,

169 4676 279 4729 καθὰ
313 4678 433 4750 [162
475 4683 531 4754 aj
579 4684 674 4735 καὶ
711 4684 809 4753 τὴν
838 4686 895 4737 ἐν
948 4682 1134 4751 κόσμῳ
1179 4681 1367 4749 σοφίαν
1407 4681 1680 4751 ὀνομάζει,

167 4765 217 4816 δι’
248 4763 311 4822 ὧν
346 4772 488 4840 λέγει
540 4776 571 4826 6
602 4774 826 4837 Παῦλος⁸
880 4791 899 4825 ι
953 4772 1291 4842 Ὑποτάγητε
1340 4772 1486 4843 πάσῃ
1513 4774 1683 4826 κτίσει

166 4858 435 4935 ἀνθρωπίνῃ
474 4865 568 4919 διὰ
602 4867 692 4918 τὸν
734 4866 955 4937 Κύριον,
996 4866 1102 4917 εἴτε
1145 4862 1367 4933 βασιλεῖ,
1412 4864 1485 4925 ὼς
1513 4863 1682 4935 ὑπερ-

169 4946 327 5017 έχονιι,
374 4954 483 5008 εἴτε
519 4956 805 5026 ἡγεμόσιν,
834 4956 909 5019 ὡς
948 4955 1015 5008 δι’
1052 4952 1216 5007 αὑτοῦ
1248 4954 1632 5023 πεμπομένοις.
1657 4974 1676 5006 ι

220 5156 316 5295 (ξιξ
343 5160 613 5230 Lapidem.
645 5162 786 5218 Psai.
821 5179 987 5229 cxvii,
1015 5164 1075 5218 2|
1112 5174 1166 5220 et
1197 5166 1288 5221 22.

222 5230 296 5289 (ei
340 5230 554 5287 Eterit.
608 5233 820 5287 Omittit
874 5236 1146 5295 nonnulla.
1197 5252 1288 5295 qua

222 5230 554 5305 Ererit.
608 5233 820 5305 Omittit
874 5236 1146 5305 nonnulla,
1197 5250 1318 5305 quae
1362 5245 1576 5291 exstant
1624 5236 1678 5291 in

166 5289 454 5374 Biblijsgtbi
490 5318 591 5374 pro
615 5304 987 5374 ieratiegitur
1018 5289 1154 5373 ἔστι,
1187 5289 1239 5361 id
1266 5289 1419 5372 651,6
1444 5289 1548 5360 est.
1582 5325 1602 5358 ι

344 5366 508 5446 frter:
530 5372 631 5446 lsa.
656 5390 727 5446 ιιι,
759 5373 811 5427 6.

224 5436 317 5509 (ἓξ)
341 5438 479 5509 S_icut
503 5444 633 5498 ouis.
662 5442 761 5496 Isa.
791 5458 908 5509 LIII,
937 5445 989 5497 7.

224 5505 316 5577 (ξᾷ)
354 5507 610 5577 Vidimus.
644 5514 744 5569 lsa.
776 5505 904 5577 Lm,
928 5514 981 5568 2.

348 5576 670 5654 ifeomenius.
701 5581 805 5654 lsa_.
834 5573 985 5647 “'24.
1023 5585 1151 5638 Vide
1178 5598 1299 5654 pag.
1326 5585 1416 5646 74,
1451 5593 1567 5640 not.
1608 5585 1677 5639 95

353 5646 725 5726 Qum_scilicet.
759 5642 960 5726 Codex,
979 5642 1352 5726 δτεδέίΕὲςο
1382 5642 1469 5708 ὅτε
1494 5656 1576 5726 δή.

231 5696 323 5787 ἐδεῇ
353 5696 1185 5790 biifééiii'ija'uii?ﬁliifilii
1208 5696 1350 5781 ῖιόῗῖ
1368 5696 1582 5783 ιῖςὶιὶεᾘὶζ
1619 5724 1675 5780 In

1792 4502 2105 4573 sapientiam
2124 4501 2177 4555 in
2200 4497 2418 4568 optimis
2444 4495 2741 4566 disciplinis
2764 4497 2923 4551 sitam
2952 4498 3174 4567 dixisse,
3194 4519 3213 4550 ‹
3237 4499 3343 4554 Do-

1792 4595 1969 4649 minus
1994 4592 2239 4648 creavit:
2271 4609 2289 4641 ›
2321 4590 2455 4643 adeo
2488 4595 2547 4641 ut
2576 4586 2811 4641 violenta
2853 4590 3013 4642 etiam
3063 4590 3135 4645 sit
3172 4591 3341 4644 inter-

1788 4682 2041 4752 pretatio,
2069 4683 2115 4736 si
2148 4681 2265 4735 haec
2300 4677 2501 4733 dixisse
2530 4681 2744 4747 putetur
2786 4677 2850 4740 is,
2900 4678 2991 4745 qui
3022 4678 3342 4732 humanitati

1790 4772 2078 4828 conformis
2110 4770 2285 4825 factus
2318 4776 2423 4833 est,
2469 4766 2608 4835 quod
2643 4765 2835 4819 divina:
2872 4769 3222 4836 praescientia:
3248 4770 3343 4822 de-

1793 4863 2169 4918 terminatione
2217 4874 2342 4916 ante
2365 4876 2574 4917 omnem
2624 4868 2926 4913 creaturam
2951 4858 3125 4914 factus
3149 4862 3221 4913 sit
3259 4872 3342 4914 ta-

1790 4955 1874 5012 lis.
1911 4954 2226 5008 Creaturam
2268 4968 2394 5007 vero
2454 4950 2904 5023 καταχρηστικῶς
2928 4949 3061 5022 (42),
3090 4952 3193 5007 hoc
3232 4958 3341 5018 est,

1786 5165 1986 5222 Graecis
2003 5175 2219 5225 exstant
2250 5166 2349 5222 Job
2381 5181 2457 5230 rx,
2478 5164 2530 5219 9.

1856 5235 1966 5306 (59)
2000 5238 2102 5300 Qui
2127 5236 2272 5305 facit.
2305 5234 2586 5306 Psal.rcm,
2618 5232 2651 5306 ᾗ
2682 5231 2792 5306 (seu

1855 5300 1965 5375 (40)
2002 5306 2104 5375 Qui
2127 5300 2333 5362 fundat.
2362 5305 2585 5375 ibidem,
2616 5303 2648 5355 6
2675 5303 2789 5371 (seu
2824 5300 2900 5375 5).

1855 5372 1965 5449 (4i)
2000 5373 2131 5426 Filii
2154 5372 2810 5449 Altissimi._Psal.thxxi,
2842 5372 2894 5427 6.
3200 5436 3231 5449 ί,

1856 5441 1967 5516 (42)
2001 5441 2514 5516 Καταχρηστικῶςτ
2542 5512 2552 5516 _
2589 5441 2828 5516 G_r§e_cam_
2854 5451 3076 5516 “vocem
3132 5441 3341 5516 εειῇιιεο

1787 5506 2097 5584 Hieronymi
2131 5506 2395 5584 exemplo,
2426 5506 2513 5580 qui
2542 5512 2592 5565 in
2620 5507 2989 5584 Didymilibro
3026 5506 3100 5559 De
3132 5506 3336 5584 Syiritu

1788 5595 1967 5638 sancto
1990 5573 2158 5653 segm.
2195 5573 2397 5654 58,'s_ic
2428 5573 2744 5654 transtulit}
2787 5597 2805 5629 ι
2830 5578 2963 5644 Quia
2996 5591 3130 5654 ergo
3151 5573 3341 5644 [codex

1792 5665 1982 5715 noster,
2023 5644 2147 5722 quia
2190 5644 2358 5722 enim]
2397 5652 2572 5707 omnis
2608 5652 2837 5722 humana
2873 5644 3133 5722 vox.nihil
3166 5653 3339 5711 potest

1792 5724 1933 5779 aliud
1962 5713 2206 5797 judicare
2256 5713 2441 5799 [codex
2489 5731 2677 5788 noster,
2734 5713 2994 5790 indicare]
3024 5728 3184 5785 quam
3212 5728 3337 5773 cor-
