3716 6328
430 317 531 369 8‘27

1683 316 1917 372 DIDYMI
1956 316 2423 373 ALEXANDRINI

2306 234 2319 272 \

2306 316 2423 372 llNl
3543 320 3632 375 δίε

429 441 535 482 me.
565 423 697 479 Nam
725 426 939 495 preprie
963 439 1084 479 cum
1138 427 1205 481 de
1250 424 1360 497 (59)
1397 425 1500 479 illis
1532 439 1708 479 sermo
1737 436 1840 491 est,
1888 444 1913 497 q

2132 428 2251 491 εύει,
2293 448 2312 479 ι
2354 427 2447 480 καὶ
2476 443 2496 477 ‹
2535 425 2770 495 ἐκθορεῖν
2816 442 2835 476 ι
2870 423 2931 477 τὸ
2958 425 3003 478 δ’
3030 425 3289 496 ἐκθοροῦν
3327 426 3406 497 τῷ
3434 427 3524 481 ὑπ’
3548 433 3631 483 a5-

425 533 495 571 ex
529 532 630 571 ovo
652 517 940 583 exsiliunt,
971 533 1078 573 non
1123 531 1249 572 vero
1298 517 1387 586 qui
1440 526 1710 580 creantur,
1767 519 1978 583 dicitur,

431 626 452 659 ι
483 608 757 661 Nidulatus
786 616 889 669 est,
916 627 935 659 ι
965 616 1057 662 aut
1076 607 1329 662 «exsilire
1347 607 1469 661 fecit
1492 607 1622 675 (60),
1654 626 1672 657 ι
1701 616 1754 662 et
1780 626 1797 658 ι
1831 608 1984 662 nidu-

425 698 585 761 latur,
611 716 630 749 ι
656 706 710 751 et
758 715 776 747 ι
824 697 1040 751 exsilire
1080 697 1205 750 facit
1242 713 1255 748 :
1297 698 1477 764 iquod
1504 711 1628 750 vero
1654 696 1868 750 exsilire
1904 696 1983 750 fa-

431 790 527 853 cit,
563 790 923 843 heterousium
955 802 1059 849 non
1084 797 1185 849 est,
1220 801 1410 853 nempe
1439 786 1653 840 alterius
1680 788 1980 839 substantia:

427 882 495 933 ab
528 895 615 946 eo,
662 880 803 949 quod
855 894 921 933 ex
972 879 1085 947 ipso
1124 878 1321 932 exsilit.
1378 877 1561 947 itaque
1589 878 1702 932 sive
1727 879 1979 933 dictionis

425 981 639 1041 etymon
690 978 981 1039 specletur,
1043 969 1155 1020 sive
1196 968 1361 1020 totius
1412 968 1676 1021 sermonis
1706 983 1915 1031 sensus,
1949 982 1978 1020 a

423 1062 651 1116 veritate
675 1060 902 1114 alienum
957 1070 1038 1114 est
1074 1059 1215 1128 quod
1270 1059 1417 1112 aiunt
1468 1059 1723 1113 lircretici.
1752 1060 1977 1125 Quidam

422 1167 554 1208 vero
609 1152 757 1216 illud,
792 1171 811 1203 ‹
863 1152 1119 1206 Dominus
1168 1150 1370 1205 creavit
1408 1166 1493 1204 me
1530 1151 1737 1203 initium
1770 1152 1973 1203 viarum

424 1259 704 1307 suarum,»
742 1252 889 1297 recte
940 1244 1009 1296 ita
1046 1251 1381 1311 acceperunt,
1431 1251 1488 1294 ut
1517 1240 1583 1295 de
1624 1240 1858 1294 Ecclesia
1890 1240 1974 1293 di-

424 1346 567 1388 ctum
601 1334 687 1397 sit,
722 1334 771 1387 in
824 1347 926 1401 qua
970 1318 1207 1385 veritatis
1247 1339 1302 1385 et
1348 1330 1624 1399 sapientia:
1655 1330 1738 1381 via
1768 1344 1973 1381 annun-

424 1427 610 1491 tiatur,
644 1440 912 1494 quamque
953 1424 1150 1477 Christi
1194 1437 1388 1491 corpus
1419 1423 1628 1475 vocavit
1667 1421 1971 1487 Apostolus,

421 1533 541 1572 cum
573 1518 789 1585 scripsit
840 1517 904 1569 ad
954 1514 1299 1569 Colossenses
1367 1514 1580 1582 quidem
1611 1530 1623 1563 :
1660 1531 1677 1563 ‹
1712 1512 1776 1565 Ει
1804 1511 1973 1564 adim-

423 1610 540 1677 plco
566 1608 676 1678 (6|)
723 1606 965 1661 defectus
1018 1605 1414 1659 tribulationum
1469 1604 1668 1659 Christi
1717 1604 1769 1655 in
1811 1617 1972 1655 carne

420 1716 540 1755 mea
566 1716 662 1769 pro
702 1700 812 1769 (6‘2)
845 1712 1070 1768 corpore
1101 1698 1236 1764 ejus,
1265 1697 1406 1765 quod
1432 1707 1510 1749 est
1544 1694 1970 1763 Ecclesia,cujus

2089 521 2180 573 τοῦ
2211 520 2585 591 ἐκθορουμένῳ
2612 519 2710 589 οὐχ
2764 518 3122 588 ἐτεροούσιον.
3169 518 3332 570 Ὥστε
3374 518 3468 571 καὶ
3510 522 3634 573 κατὰ

2086 612 2185 682 τὴν
2236 611 2399 676 λέξιν,
2434 611 2529 664 καὶ
2556 610 2697 663 κατὰ
2724 609 2820 680 τὴν
2864 608 3100 662 διάνοιαν
3123 609 3403 679 ἀποχωρεί
3426 610 3486 662 τὸ
3515 611 3633 679 πρός

2087 702 2269 772 ϐλημα
2308 701 2486 754 αὑτῶν
2529 700 2635 753 ἀπὸ
2660 702 2759 771 τῆς
2804 700 3074 771 ἀληθείας.
3116 700 3269 761 Τινές
3299 701 3355 753 δέ
3379 700 3459 763 τὸ,
3490 718 3506 751 ι
3536 702 3634 753 Κύο

2087 810 2200 863 ριος
2221 793 2401 846 ἕκτισέ
2444 810 2511 862 με
2550 792 2721 863 ἀρχὴν
2776 791 2908 844 ὁδῶν
2953 790 3138 851 αὑτοῦ,
3181 811 3200 840 ι
3230 793 3357 859 περὶ
3394 791 3495 858 τῆς
3524 792 3632 843 Ἐκ-

2085 882 2311 952 κλησίας
2338 882 2587 953 είρῆσθαι
2628 881 2805 943 καλῶς
2837 882 3080 951 ἐνόησαν·
3118 882 3175 934 ἐν
3277 882 3373 951 τῆς
3396 880 3632 950 ἀληθείας

2083 975 2175 1026 καί⁵
2215 974 2402 1042 σοφίας
2435 976 2467 1043 ἡ
2514 973 2630 1035 ὁδὸς
2654 973 3097 1041 καταγγέλλεται·
3129 974 3317 1043 ἥντινα
3342 972 3439 1024 καὶ
3492 974 3631 1043 σῶμα

2081 1064 2173 1118 τοῦ
2218 1064 2451 1135 Χριστοῦ
2494 1064 2750 1117 ἐκάλεσεν
2775 1066 2803 1116 ὁ
2831 1064 3172 1128 Ἀπόστολος,
3204 1066 3431 1134 γράφων
3471 1067 3631 1118 τοιάδε

2080 1154 2445 1213 Κολοσσαεῦσι
2485 1154 2601 1224 μέν·
2642 1172 2662 1205 ι
2698 1154 2807 1207 Καὶ
2861 1153 3256 1224 ἀνταναπληρῶ
3302 1156 3370 1205 τά
3416 1154 3630 1223 ὑστερή‹

2083 1263 2227 1315 ματα
2251 1247 2359 1299 τῶν
2392 1246 2619 1314 θλίψεων
2647 1246 2738 1301 τοῦ
2790 1246 3025 1316 Χριστοῦ
3054 1248 3111 1298 ἐν
3139 1251 3203 1317 τῇ
3235 1246 3399 1316 σαρκί
3428 1263 3525 1315 μου
3541 1247 3632 1299 ὑπὸ

2078 1333 2169 1385 τοῦ
2206 1333 2453 1402 σώματος
2483 1332 2668 1395 αὑτοῦ,
2696 1334 2723 1385 ὃ
2762 1336 2962 1404 ἐστινὴ
3009 1335 3319 1403 Ἐκκλησία,
3365 1330 3436 1403 ἧς
3468 1337 3632 1402 ἐγενό-

2081 1442 2186 1494 μην
2208 1424 2317 1492 ὲγὼ
2348 1425 2588 1487 διάκονος
2613 1426 2752 1477 κατὰ
2780 1424 2877 1494 τὴν
2903 1426 3207 1495 οἰκονομίαν
3234 1425 3327 1478 τοῦ
3359 1426 3517 1487 Θεοῦ,
3547 1430 3631 1497 τὴν

2075 1516 2318 1568 δοθεῖσάν
2352 1534 2460 1585 μοι’
2489 1535 2507 1565 ι
2537 1515 2841 1586 Κορινθίοις
2874 1516 2928 1568 δὲ
2944 1518 3000 1569 ἐν
3029 1520 3095 1581 τῇ
3123 1515 3312 1589 πρώτῃ
3334 1518 3630 1588 Ἐπιστολῇ

2082 1627 2098 1658 ι
2139 1607 2219 1659 Τά
2247 1607 2381 1677 μέλη
2410 1608 2587 1677 ἡμῶν,
2622 1607 2755 1676 μέλη
2810 1607 3067 1677 Χριστοῦ.
3106 1603 3251 1677 Ἆρα
3284 1605 3379 1661 οὖν
3410 1610 3479 1662 τὰ
3510 1610 3630 1679 μέλη

2074 1699 2167 1753 τοῦ
2196 1699 2429 1769 Χριστοῦ
2480 1701 2776 1769 ποιήσομεν
2799 1700 3000 1771 πόρνης
3025 1700 3189 1770 μέλη;
3219 1700 3304 1771 Μὴ
3344 1702 3581 1769 γένοιτοί
3612 1723 3626 1751 ο

421 1793 597 1847 factus
637 1808 751 1846 sum
781 1807 879 1859 ego
906 1791 1151 1844 minister
1198 1789 1492 1843 secundum
1525 1787 1913 1855 dispensatione

2132 1788 2174 1839 ti.
2199 1787 2382 1839 πάλιν·
2453 1807 2469 1837 ι
2503 1788 2687 1841 Πάντα
2728 1787 2783 1839 δὲ
2838 1787 2906 1839 τά
2942 1788 3075 1857 μέλη
3110 1788 3203 1841 τοῦ
3243 1788 3495 1860 σώματος
3548 1791 3629 1842 τοῦ

420 1885 537 1948 Dei,
575 1900 694 1953 qua:
745 1883 862 1937 data
921 1893 1003 1937 est
1058 1881 1223 1946 mihi;
1259 1900 1277 1931 ι
1314 1880 1392 1934 ad
1426 1880 1734 1933 Corinthios
1761 1893 1887 1932 vero
1918 1877 1969 1929 in

420 1977 593 2044 prima
629 1974 902 2044 Epistola:
941 1993 959 2025 ι
994 1973 1230 2027 Membra
1262 1982 1442 2026 nostra
1467 1970 1575 2043 (65)
1597 1971 1831 2024 membra
1846 1978 1973 2024 sunt

420 2066 620 2121 Christi
647 2086 660 2119 :
698 2080 896 2132 ergone
928 2064 1040 2133 (64)
1074 2064 1310 2117 membra
1333 2063 1530 2116 Christi
1577 2062 1832 2115 faciemus
1862 2075 1972 2114 me-

418 2160 629 2213 retricis
657 2157 932 2210 membra?
957 2157 1110 2210 Absit
1129 2158 1157 2209 ί
1181 2174 1201 2207 ι
1229 2164 1282 2210 et
1320 2170 1503 2207 rursus
1533 2171 1548 2208 :
1594 2172 1612 2203 ι
1647 2152 1832 2207 Omnia
1863 2151 1969 2221 (65)

417 2262 595 2305 autem
648 2251 884 2304 membra
947 2248 1183 2317 corporis
1242 2248 1419 2309 unius,
1484 2260 1601 2299 cum
1644 2245 1753 2298 sint
1785 2243 1971 2308 multa,

419 2358 582 2396 unum
614 2351 739 2395 sunt
775 2356 988 2410 corpus,
1033 2341 1105 2393 ita
1143 2350 1195 2393 et
1229 2339 1497 2393 Christus.
1520 2357 1538 2389 ι
1582 2336 1833 2402 Quamvis
1867 2335 1969 2387 ita-

415 2447 520 2501 que
548 2441 786 2499 spectata
810 2429 930 2484 Filii
968 2429 1270 2482 veneranda
1300 2443 1362 2481 ac
1416 2426 1685 2479 tremenda
1716 2424 1968 2477 lucarna-

417 2522 561 2577 tione
587 2535 779 2588 corpus
810 2519 1022 2588 quidem
1048 2518 1190 2572 illius
1228 2515 1619 2586 quodammodo
1652 2513 1964 2573 Ecclesiam.

415 2613 611 2667 fratres
631 2626 760 2665 vero
785 2610 1023 2678 ejusdem
1058 2624 1155 2663 nos
1180 2618 1458 2661 creaturas
1486 2617 1639 2659 vocet
1670 2605 1966 2673 Scriptura,

414 2706 530 2773 ipse
560 2713 758 2764 tamen,
813 2711 1076 2771 quatenus
1120 2699 1471 2769 Unigenitus,
1522 2709 1575 2752 et
1602 2712 1757 2751 verus
1805 2695 1970 2750 Filius

417 2793 679 2848 Altissimi
716 2792 832 2855 Dei,
871 2793 923 2845 in
985 2800 1353 2845 creaturarum
1382 2790 1719 2843 multitudine
1756 2804 1819 2842 ac
1873 2804 1970 2841 nu-

415 2899 564 2938 mero
614 2882 756 2936 nulla
807 2884 1012 2935 ratione
1060 2880 1553 2949 comprehenditur.
1619 2876 1803 2946 Neque
1842 2892 1970 2932 vero

2077 1880 2212 1945 ἐνὸς,
2237 1878 2406 1932 πολλὰ
2426 1879 2574 1941 ὄντα,
2617 1879 2676 1932 ἐν
2740 1880 2851 1931 ἐστι
2894 1879 3070 1950 σῶμα·
3103 1881 3271 1943 οὕτως
3316 1884 3411 1935 καὶ
3444 1886 3472 1935 ὁ
3513 1885 3633 1954 Χρι-

2080 1972 2219 2034 στός.
2260 1989 2278 2021 ι
2312 1971 2492 2031 Ὥστε,
2520 1973 2568 2023 εί
2598 1972 2689 2024 καὶ
2719 1972 2858 2024 κατὰ
2901 1972 2999 2043 τὴν
3042 1973 3492 2026 δυσαντίϐλεπτον
3530 1992 3631 2036 πως

2077 2063 2402 2132 οίκονομίαν,
2430 2063 2587 2130 σῶμα
2618 2062 2715 2133 μὲν
2745 2063 2908 2115 αὑτοῦ
2962 2063 3060 2134 τὴν
3099 2065 3449 2134 Ἐκκλησίαν,
3488 2067 3630 2118 das).-

2077 2154 2208 2222 φοὺς
2249 2155 2304 2207 δὲ
2360 2156 2507 2225 ἡμᾶς
2565 2154 2686 2216 τοὺς
2724 2155 2970 2217 κτιστοὺς
3016 2150 3159 2208 οἶδεν
3207 2158 3237 2225 ἡ
3276 2157 3494 2227 Γραφὴ,

2072 2243 2188 2310 οὖν,
2231 2247 2307 2310 ὼς
2360 2247 2651 2317 μονογενὴς
2695 2248 2785 2299 καί
2818 2246 2946 2318 [165
2972 2246 3023 2317 b]
3072 2248 3321 2317 ἀληθινὸς
3371 2249 3499 2312 Tib;
3545 2249 3628 2303 τοῦ

2075 2336 2297 2404 ὑψίστου
2337 2334 2495 2399 Θεοῦ,
2560 2339 2627 2406 τῇ
2680 2337 2942 2390 συστάσει
2981 2337 3073 2390 τοῦ
3113 2339 3349 2408 πλήθους
3397 2340 3507 2393 τῶν
3535 2360 3629 2393 rt:-

2078 2427 2297 2497 σμάτων
2343 2428 2461 2480 κατ’
2511 2427 2661 2481 οὐδὲν
2692 2428 3057 2499 συνείληπται.
3092 2429 3226 2483 Οῦτε
3256 2432 3312 2483 δέ
3350 2431 3483 2503 άλλη
3514 2450 3631 2503 γραο

2076 2515 2149 2585 φὴ
2184 2515 2423 2586 περιέχει
2467 2515 2608 2581 λέξιν
2652 2515 2927 2586 τοιαύτην.
2982 2519 3118 2589 Περὶ
3167 2519 3330 2574 αὑτοῦ
3380 2522 3627 2591 μενοῦνγε

2076 2605 2383 2675 πέπλησται
2413 2607 2580 2668 πᾶσα,
2630 2606 2712 2658 ὅτι
2745 2606 2876 2669 Θεὸς
2914 2606 3185 2677 ἀληθινὸς,
3216 2611 3309 2663 καὶ
3334 2612 3464 2676 Υἱὸς
3496 2631 3632 2682 povo-

2076 2699 2237 2768 γενὴς
2258 2698 2489 2768 ἀληθῶς.
2557 2698 2715 2750 Ἀλλὰ
2770 2697 2876 2768 γὰρ
2908 2698 3092 2769 ὥσπερ
3124 2702 3227 2754 ὑπό
3253 2720 3398 2767 τινος
3435 2705 3630 2774 ῥεῦμα-

2076 2804 2166 2850 τος
2192 2787 2465 2858 ὑπηνέχθη
2495 2786 2604 2855 βία.
2664 2787 2786 2840 Ἐπὶ
2828 2783 2921 2841 οῦν
2957 2788 3143 2859 ἕτερον
3192 2792 3488 2860 κεφάλαιον
3516 2809 3625 2863 τρει

2078 2879 2239 2932 πτέον
2269 2878 2357 2930 τὸν
2374 2877 2547 2945 λόγον.

414 2976 722 3045 liujusmodi
756 2990 942 3029 vocem
976 2973 1135 3030 habet
1163 2974 1267 3027 ullo
1289 2975 1391 3028 alio
1427 2974 1478 3027 in
1506 2973 1620 3027 loco
1647 2972 1945 3041 Scriptura.
1986 2986 2105 3026 cum
2135 2973 2201 3027 de
2256 2972 2389 3028 Filio
2453 2988 2630 3029 sermo
2680 2982 2781 3028 est.
2815 2974 2953 3041 Quin
2981 2982 3089 3029 tota
3107 2974 3192 3029 his
3216 2974 3467 3030 famulis
3482 2975 3631 3046 plena

414 3076 518 3133 est,
550 3070 720 3137 ipsum
758 3082 879 3122 esse
917 3067 1079 3121 Deum
1108 3081 1316 3132 verum,
1344 3076 1396 3121 et
1444 3080 1569 3120 vere
1615 3064 1808 3118 Filium
1848 3065 2202 3133 unigenitum.
2272 3064 2378 3119 Sed
2442 3080 2539 3135 ego
2605 3065 2708 3120 huc
2737 3066 2880 3121 velut
2930 3082 2960 3120 a
3008 3065 3301 3136 proﬂuente
3374 3067 3631 3137 impulsus

413 3176 533 3215 sum
560 3158 696 3229 (66).
722 3158 902 3228 Itaque
955 3158 1019 3211 ad
1066 3158 1291 3212 alterum
1332 3157 1622 3225 capitulum
1677 3156 1963 3211 vertendus
1998 3166 2079 3210 est
2114 3171 2311 3210 sermo.

932 3251 1093 3323 347
1148 3250 1301 3305 CAP.
1357 3250 1446 3305 tv.

484 3345 752 3410 Secundo,
797 3342 938 3413 quod
984 3342 1261 3408 objiciunt,
1297 3349 1612 3409 argumento
1656 3339 1965 3394 intoleraoi-

412 3438 495 3491 les
520 3436 653 3505 (67),
682 3450 744 3489 ac
784 3449 1002 3504 pravam
1051 3431 1443 3486 inconsiderate
1491 3431 1808 3483 sententiam
1853 3446 1967 3485 am-

411 3530 703 3598 plectentes
727 3527 963 3582 haeretici
997 3535 1197 3581 rectam
1220 3524 1376 3577 [idem
1406 3539 1437 3577 e
1464 3522 1756 3592 Scripturis
1785 3534 1965 3579 osten-

411 3622 540 3675 dere
562 3620 777 3673 studeut
805 3618 1110 3680 absurdam,
1139 3625 1323 3669 contra
1362 3615 1714 3685 theologicum
1746 3629 1962 3668 sensum

410 3729 504 3767 eas
552 3713 999 3780 interpretantes;
1045 3723 1196 3763 suam
1231 3722 1358 3761 vero
1396 3708 1635 3774 ipsorum
1679 3706 1832 3758 [idem
1872 3719 1966 3773 per

408 3805 624 3858 easdem
649 3804 946 3873 graviorem
991 3803 1381 3856 demonstrare.
1416 3799 1565 3864 Quod
1596 3798 1737 3851 enim
1770 3796 1962 3864 Filius,

411 3895 678 3964 inquiunt,
707 3903 946 3949 creatura
973 3894 1060 3955 sit,
1096 3901 1149 3945 et
1178 3890 1436 3961 ouigeniti
1466 3888 1605 3952 Filii,
1635 3903 1699 3941 ac
1741 3888 1831 3941 Dei
1875 3902 1965 3940 no-

409 4001 531 4038 men
584 3985 735 4053 quasi
788 3983 965 4037 fucum
1013 3981 1112 4051 ipsi
1166 3981 1377 4045 illitum,
1433 3989 1487 4033 et
1514 3987 1571 4032 ut
1606 3978 1962 4033 adulterinum

414 4077 629 4140 habeat,
663 4092 726 4129 ex
761 4076 824 4129 iis
852 4083 1016 4143 patet,
1046 4088 1165 4140 qua:
1197 4074 1260 4125 de
1300 4074 1417 4141 ipso
1456 4070 1654 4123 Paulus
1683 4070 1747 4122 ad
1780 4070 1965 4123 Colos-

414 4182 595 4221 senses
625 4167 873 4233 scripsit:
920 4183 938 4214 ι
974 4163 1370 4232 Primogenitus
1411 4162 1583 4215 omnis
1622 4171 1900 4215 creaturae.
1936 4178 1956 4212 ι

411 4256 619 4316 Etenim
659 4257 701 4311 si
732 4266 813 4310 est
846 4256 1255 4326 primogenitus,
1304 4272 1406 4307 non
1441 4264 1521 4309 est
1566 4270 1697 4309 sane
1729 4255 1964 4322 unigeni-

411 4352 522 4404 tus,
577 4344 669 4395 sed
716 4352 960 4411 respectu
1012 4342 1261 4406 aliorum,
1312 4342 1399 4410 qui
1450 4352 1569 4409 post
1617 4357 1736 4395 eum
1795 4344 1961 4397 creati

413 4434 579 4495 fuere.
608 4434 996 4503 primogenitus
1024 4440 1127 4488 est.
1168 4432 1223 4486 Si
1266 4447 1392 4486 vero
1417 4440 1499 4486 est
1530 4434 1833 4501 uuigenitus
1870 4434 1961 4487 Fi-

410 4523 536 4587 lius,
568 4525 831 4592 quomodo
860 4534 939 4578 est
982 4524 1409 4594 primogenitae?
1452 4523 1558 4579 Nos
1591 4540 1718 4594 ergo
1752 4527 1804 4579 in
1853 4525 1964 4594 pri-

2720 3252 2876 3306 ΚΕΦ.
2913 3254 2952 3304 Δ
2970 3291 2984 3305 .

2135 3340 2391 3410 Δεύτερον
2449 3339 2737 3411 πρόϐλημα
2765 3342 2873 3394 τῶν
2902 3341 3340 3411 δυσαγκαλίστων
3390 3344 3486 3398 καὶ
3546 3346 3630 3397 ἀν-

2066 3432 2348 3498 εξέταστον
2398 3432 2625 3502 ἐχόντων
2651 3434 2711 3485 τὸ
2752 3434 3003 3505 φρόνημα
3048 3436 3335 3505 αίρετικῶν
3382 3439 3632 3507 πειρᾶται

2064 3522 2161 3593 τὴν
2187 3523 2352 3593 ὀρθὴν
2383 3524 2563 3575 πίστιν
2607 3524 2712 3576 ἀπὸ
2745 3524 2997 3595 Γραφῶν,
3028 3524 3134 3578 τῶν
3162 3527 3315 3597 παρὰ
3341 3528 3435 3580 τὸν
3460 3527 3631 3580 θεολο-

2064 3614 2219 3680 γικὸν
2242 3614 2365 3666 νοῦν
2391 3615 2483 3666 ὑπ’
2517 3616 2693 3668 αὐτῶν
2721 3616 3041 3685 νοουμένων,
3100 3617 3392 3670 ἀπείθανον
3436 3620 3634 3672 δεικνὺο

2064 3721 2171 3768 ναι,
2197 3704 2296 3775 τὴν
2317 3705 2358 3757 δ’
2388 3706 2593 3758 ἑαυτῶν
2631 3706 2717 3760 διὰ
2758 3707 2866 3759 τῶν
2923 3708 3100 3761 αὑτῶν
3148 3712 3478 3781 σεμνοτέραν
3507 3713 3632 3763 ἀπο-

2064 3794 2289 3863 φαίνειν.
2325 3797 2604 3854 Δείκνυται
2628 3796 2757 3868 γάρ,
2797 3798 2952 3867 φησὶ,
3013 3800 3225 3862 κτιστὸς
3256 3804 3348 3853 καὶ
3376 3796 3491 3854 οἷον
3518 3802 3633 3853 ἐπί-

2063 3886 2296 3939 πλαστον
2330 3888 2422 3939 καὶ
2447 3886 2595 3939 νὸθον
2625 3888 2761 3957 ἔχων
2786 3889 2847 3942 τὸ
2914 3909 2931 3940 ι
2981 3890 3269 3961 μονογενὴς
3308 3892 3439 3954 Υἱὸς
3467 3913 3485 3943 ι
3545 3892 3632 3945 καὶ

2069 3994 2087 4025 ι
2116 3976 2246 4039 Θεὸς
2270 3995 2286 4027 ι
2340 3977 2509 4047 ὄνομα
2529 3995 2541 4007 ·
2584 3978 2643 4042 ἐξ
2670 3972 2742 4031 ὧν
2773 3979 2983 4044 Παῦλος
3013 3980 3412 4035 Κολοσσαεῦσιν
3472 3983 3631 4053 ἐγρα-

2062 4066 2161 4135 ψεν
2195 4067 2320 4138 περὶ
2370 4068 2533 4120 αὑτοῦ
2563 4083 2575 4098 ·
2646 4087 2664 4119 ι
2688 4070 3038 4141 Πρωτότοκος
3093 4071 3273 4140 πάσης
3322 4072 3576 4135 κτίσεως.
3609 4095 3626 4123 ι

2062 4160 2126 4212 Ei
2156 4158 2261 4229 γὰρ
2311 4160 2467 4229 δῆθεν
2523 4162 2880 4231 πρωτότοκος,
2932 4164 2991 4215 οὑ
3056 4164 3367 4232 μονογενὴς,
3402 4164 3519 4216 ἀλλ’
3562 4165 3631 4227 ὡς

2062 4252 2199 4322 πρὸς
2234 4252 2360 4313 τοὺς
2411 4252 2525 4321 μετ’
2547 4252 2706 4306 αὑτὸν
2744 4253 3058 4317 κτισθέντας
3090 4256 3466 4323 πρωτότοκος·
3501 4259 3549 4308 εξ
3580 4256 3632 4307 δὲ

2066 4345 2353 4415 μονογενὴς
2388 4343 2534 4406 Υἱὸς,
2566 4343 2681 4406 πῶς
2709 4344 3085 4415 πρωτότοκος;
3130 4346 3495 4415 Προειπόντες
3521 4342 3631 4405 οὖν,

2062 4436 2136 4497 ὡς
2191 4435 2330 4504 ὑπὲρ
2380 4433 2477 4503 τὴν
2513 4433 2690 4487 αὐτῶν
2724 4436 2837 4487 ἐστι
2872 4436 2964 4488 καὶ
3020 4435 3080 4487 τὸ
3113 4435 3273 4505 βάθος
3323 4436 3422 4488 τοῦ
3456 4437 3632 4504 λογίου

2064 4525 2251 4578 τούτου
2306 4524 2673 4593 συναίσθησιν,
2735 4526 2830 4578 καὶ
2890 4526 2965 4589 ὡς
3002 4528 3176 4580 ἐλάλει
3229 4528 3531 4593 Παῦλος,ἃ
3563 4528 3635 4597 μὴ

411 4614 513 4668 mis
539 4614 786 4680 dicimus,
835 4615 993 4683 huius
1030 4616 1190 4669 etiam
1241 4615 1443 4670 oraculi
1481 4616 1820 4671 altitudinem
1870 4632 1913 4671 et

2133 4635 2199 4683 ει,
2248 4617 2342 4671 καὶ
2369 4588 2666 4680 ἐπίστευεν,
2718 4612 2798 4680 οἷς
2842 4588 3039 4681 ἐλάλει,
3071 4618 3254 4690 ἐπειδὴ
3301 4588 3634 4689 ὑποέολὴ

411 4720 529 4760 rum
560 4706 965 4775 intelligentiam
997 4721 1271 4775 superare,
1320 4721 1384 4761 ac
1434 4705 1655 4761 Paulum
1705 4724 1763 4762 ea
1816 4709 1961 4763 locu-

413 4963 673 5071 aestifero
697 4962 764 5004 ex
802 4950 965 5005 verbo
1001 4958 1106 5039 mp
1132 4950 1345 5023 (canah)
1380 4952 1521 5020 quod
1573 4951 1734 5018 valet,
1792 4972 1811 5005 ι
1844 4970 1958 5024 pos-

412 5030 567 5071 setlli.
598 5037 616 5070 ι

480 5087 590 5161 (εν)
617 5089 715 5161 De.
746 5087 948 5161 Codex,
987 5090 1406 5161 éxLLegendum
1434 5090 1643 5145 videtur
1671 5092 1761 5145 ἐπί

414 5225 427 5238 θ
475 5156 593 5238 (60)
627 5156 852 5238 {familia
874 5161 1015 5238 fecit.
1054 5156 1284 5238 Verbum
1322 5158 1563 5230 ἐκθορεῖν
1615 5165 1808 5228 active,
1859 5178 1963 5216 non

414 5229 751 5282 intrausitive
783 5233 916 5282 sutni
949 5232 1034 5285 hic
1074 5232 1324 5285 arbitror.

626 5296 691 5367 [fit
722 5298 1000 5367 adimpleo.
1033 5301 1237 5355 Coloss.
1280 5316 1318 5365 1,
1352 5299 1422 5352 24
1450 5308 1503 5352 et
1531 5299 1619 5353 25.

481 5330 564 5364 \Vl
626 5330 690 5348 μι
722 5330 1000 5367 ιιυιυιμισυο
1033 5330 1237 5355 υυιυδθ.
1281 5330 1318 5365 l,
1355 5330 1422 5352 £0"
1450 5330 1503 5352 ει
1535 5330 1619 5353 £1).

411 5330 592 5445 “(62$
634 5365 762 5445 Pro.
793 5369 1281 5445 Codex_mcndqse,
1325 5380 1383 5421 ut
1425 5372 1785 5445 puto,_‘habet
1833 5370 1956 5435 ὑπὸ,

409 5433 464 5489 id
488 5433 584 5511 gest.
630 5438 805 5511 t__suh,
841 5456 859 5489 ι
901 5440 982 5492 vel
1016 5456 1095 5491 ca.
1125 5459 1155 5511 ιΔ
1186 5433 1326 5509 Lego
1354 5433 1437 5492 δι’
1456 5439 1635 5511 Bihliis
1650 5441 1818 5511 ὑπέρ.

480 5504 592 5573 (65)
624 5505 858 5559 Membra
914 5521 1109 5563 nostra.
1141 5508 1159 5561 ι
1193 5504 1315 5563 Cor.
1378 5525 1449 5574 vi,
1499 5510 1583 5562 15.
1631 5504 1814 5565 Grazéa
1845 5510 1953 5565 edi-

407 5573 711 5649 tioltabet‘:
745 5577 970 5648 σώματα
996 5579 1168 5649 ὑμῶν,
1196 5579 1246 5632 id
1276 5588 1357 5633 est
1378 5619 1392 5640 ,
1429 5573 1653 5649 Corpora
1682 5593 1876 5637 vestra.

483 5644 595 5721 (θᾷ)
646 5641 917 5721 Ergone”.
968 5641 1241 5721 Ῑαὶὶεηιυε.
1294 5641 1691 5721 Bibliaz'épa;
1751 5649 1953 5706 05v"...

414 5715 640 5789 'Wtﬂaw,
674 5715 855 5786 idest,
892 5739 912 5772 ι
945 5715 1354 5795 tollensergo...
1394 5715 1639 5787 faciamh
1676 5730 1781 5775 etc.

2063 4709 2162 4781 τῆς
2200 4708 2364 4772 ὅντως
2394 4708 2600 4777 σοφίας,
2624 4709 2718 4762 καὶ
2740 4711 2989 4781 προφανῆ
3015 4711 3183 4764 ταῦτα
3223 4712 3405 4764 πάντα
3439 4713 3629 4773 ἐποίει,

2134 4959 2245 5026 (ὃὸ)
2278 4960 2489 5014 Omnia.
2522 4958 2539 5013 1
2570 4958 2699 5014 Cor;
2730 4973 2828 5022 xu,
2868 4957 2953 5011 l2.

2135 5024 2244 5096 (66)
2278 5029 2541 5097 Impulsu:
2567 5046 2700 5081 sum.
2737 5028 2936 5090 Codex,
2968 5024 3245 5097 ὑπηνέχθη
3281 5026 3396 5096 βία.
3426 5027 3631 5089 Halim.

2064 5098 2372 5170 brrqvéxeqv
2402 5100 2518 5170 βίᾳ.
2548 5098 2767 5170 Videtur
2793 5107 2969 5150 autem
3018 5097 3301 5170 Didymus
3330 5100 3630 5170 Aristidem

2066 5166 2971 5238 rhetoreminiiiariinquieutem:
3017 5166 3156 5238 Ἀλλ’
3210 5167 3451 5238 ὑίλόγος
3498 5169 3630 5238 γὰρ,

2063 5235 2249 5307 ὥσπερ
2285 5237 2479 5309 ῥεῦμα,
2522 5235 2725 5309 φέρων⁸
2746 5238 3017 5309 ὑπήνεγκε
3069 5237 3178 5306 βίᾳ,
3234 5237 3419 5309 idest,
3480 5258 3502 5290 ι
3538 5235 3631 5291 sed

2061 5309 2201 5360 enim
2222 5306 2403 5361 oratio
2436 5310 2567 5373 ipsa,
2594 5306 2913 5374 proﬂuentis
2970 5306 3185 5374 instar,_
3216 5307 3490 5361 violenter
3549 5324 3631 5360 me

2057 5377 2308 5445 abripuit.
2337 5396 2356 5427 ι
2404 5372 2536 5431 Vide
2583 5372 2770 5440 etiam,
2818 5376 2864 5430 si
2909 5374 3104 5444 placet,
3155 5372 3553 5431 Pollucemlib.
3584 5394 3623 5443 ι,

2056 5458 2221 5514 segni.
2257 5448 2350 5499 1H
2378 5459 2431 5500 et
2466 5447 2588 5500 ΗΞ.

2126 5513 2237 5586 (67)
2269 5516 2651 5586 Intolerabiles.
2686 5515 2741 5568 In
2785 5513 2995 5583 Graeco,
3052 5514 3534 5583 δυσαγκαλίστων.
3592 5514 3633 5567 Ε

2056 5585 2324 5643 contrario
2382 5586 2531 5657 quod,
2566 5585 2751 5657 facile
2808 5586 2927 5654 quis
2994 5587 3134 5641 ferre
3197 5595 3292 5641 aut
3365 5586 3637 5657 amplecti.

2055 5667 2233 5731 queat,
2272 5656 2465 5713 dicitur
2486 5654 2803 5724 εὐάγκαλον.
