3716 6306
73 362 185 415 8‘39

1142 360 1229 413 DE
1267 359 1639 415 TRINITATE
1679 359 1877 415 LlBER
1919 355 2239 413 TERTIUS.

3224 354 3326 417 850

68 476 515 547 παραγράψομεν
565 478 684 532 ὅλον
715 478 775 533 τὸ
805 477 1002 551 χωρίον
1036 478 1215 543 τοῦτο,
1252 479 1347 532 καὶ
1369 477 1539 540 οὕτως
1571 480 1637 530 ἐπ

1796 493 1876 530 nm
1907 491 2024 531 esse
2054 491 2173 546 quae
2209 488 2312 529 non
2349 482 2590 538 noverat,
2617 471 2709 526 sed
2742 471 2829 525 illa
2857 471 3169 537 credidisse,
3205 488 3328 543 qua:

64 568 169 634 τὴν
234 567 527 639 ἑρμηνείαν
562 569 727 622 αὑτοῦ
768 568 1116 641 βαδιούμεθα,
1146 571 1206 622 οὐ
1244 570 1486 639 δεόμενοι
1535 586 1656 622 στο-

63 656 307 724 χασμῶν
370 673 555 719 τινων,
591 657 684 710 καὶ
713 658 779 711 δι’
822 660 1044 712 εἰκότων
1076 660 1144 713 τὰ
1170 659 1345 729 φωτὸς
1376 659 1660 728 φωτοειδέ-

68 762 249 815 στερα
276 746 647 817 διηγούμενοι,
691 750 939 819 ἐροῦντες
961 751 1017 803 δὲ
1045 751 1144 802 ὅσα
1179 749 1305 821 [164
1336 749 1390 821 a]
1420 750 1653 813 ἑκόντες,

66 832 98 900 ἦ
126 832 360 896 ἄκοντες
388 836 545 887 αὐτοὶ
576 837 675 906 μὲν
719 832 862 890 οὗτοι
891 839 1135 911 παρίδον,
1182 842 1343 909 ἡμεῖς
1369 840 1423 892 δέ
1442 839 1655 910 ὁρῶμεν

60 923 346 994 δυνάμενα
378 931 686 998 συμμαχεῖν
720 930 795 999 τῷ
828 929 986 999 λόγῳ.
1024 930 1177 999 Ἔχει
1211 930 1267 981 δὲ
1302 930 1334 999 ἡ
1370 928 1654 999 Ἐπιστολὴ

60 1012 243 1077 οὕτως
268 1032 282 1046 ’
324 1037 341 1067 ι
367 1018 826 1090 Εὐχαριστοῦντες
858 1020 935 1090 τῷ
976 1020 1095 1090 Θεῷ
1118 1021 1209 1073 καὶ
1230 1021 1424 1091 Πατρὶ,
1451 1021 1526 1090 τῷ
1559 1038 1655 1074 κα-

58 1106 291 1159 λέσαντι
327 1112 479 1180 ἡμᾶς
504 1113 585 1172 εἰς
607 1111 704 1181 τὴν
741 1111 931 1182 μερίδα
953 1111 1045 1164 τοῦ
1079 1111 1280 1184 κλήρου
1320 1113 1428 1166 τῶν
1462 1113 1650 1181 ἁγίων,

57 1196 115 1258 ὃς
146 1198 433 1269 ὲῤῥύσατο
489 1203 637 1272 ἡμᾶς
666 1204 729 1254 ἐκ
761 1202 862 1272 τῆς
896 1202 1141 1268 ἐξουσίας
1161 1204 1254 1257 τοῦ
1289 1205 1531 1271 σκότους,
1561 1207 1653 1259 καὶ

60 1294 417 1361 μετέστησεν
467 1296 544 1357 είς
578 1295 675 1365 τὴν
703 1294 979 1364 βασιλείαν
1020 1295 1119 1366 τῆς
1160 1298 1379 1368 ἀγάπης
1401 1298 1494 1350 τοῦ
1524 1298 1651 1351 Υἱοῦ

62 1381 261 1446 αὑτοῦ,
290 1388 351 1438 ἐν
385 1379 429 1452 ᾧ
481 1385 675 1457 ἔχομεν
724 1388 822 1457 τὴν
867 1387 1263 1460 ἀπολύτρωσιν,
1318 1390 1415 1460 τὴν
1463 1391 1653 1461 ἄφεσιν

56 1479 162 1531 τῶν
191 1479 516 1550 ἁμαρτιῶν,
553 1480 610 1543 ὃς
642 1481 787 1532 ἐστιν
814 1478 975 1533 εἰκὼν
1003 1480 1095 1533 τοῦ
1121 1481 1253 1533 Θεοῦ
1284 1482 1377 1535 τοῦ
1400 1484 1649 1554 ἀοράτου,

57 1572 421 1641 πρωτότοκος
468 1571 645 1642 πάσης
704 1572 971 1635 κτίσεως⁶
1033 1572 1115 1625 ὅτι
1165 1576 1222 1626 ἐν
1256 1574 1403 1643 αύτῴ
1429 1576 1651 1646 ἐκτίσθη

56 1666 120 1718 τὰ
158 1664 378 1728 πάντα,
434 1664 505 1718 τά
537 1667 593 1717 ἐν
625 1669 737 1729 τοῖς
780 1666 1026 1737 οὐρανοῖς
1054 1668 1147 1720 καὶ
1172 1667 1239 1720 τὰ
1268 1670 1359 1721 ἐπὶ
1389 1670 1486 1739 τῆς
1529 1671 1648 1741 γῆς,

53 1759 115 1809 τὰ
136 1759 323 1829 ὁρατά
353 1758 452 1812 καὶ
474 1758 542 1811 τὰ
560 1760 785 1829 ἀόρατα,
810 1760 915 1812 εἴτε
944 1759 1142 1830 θρόνοι,
1182 1762 1288 1814 εἴτε
1313 1763 1649 1834 κυριότητες,

1771 568 2115 637 loquebatur,
2148 566 2275 636 quia
2307 564 2375 619 ab
2398 579 2462 618 eo
2490 563 2934 633 suggerebantur,
2966 563 3055 632 qui
3086 577 3214 617 vere
3251 572 3333 617 est

1766 660 2061 731 Sapientia,
2096 659 2295 729 quique
2323 658 2439 712 hazc
2467 656 2647 710 omnia
2692 653 3090 709 manifestabat.
3128 653 3332 708 Deinde

1767 762 1933 806 totum
1970 753 2112 806 hunc
2158 750 2331 805 locum
2366 749 2476 821 (68)
2510 749 2914 813 exscribemus;
2949 758 3057 801 tum
3102 747 3167 800 ad
3218 748 3330 814 ejus

1764 846 2264 914 interpretationem
2304 844 2617 909 veniemus;
2672 857 2846 911 neque
2875 854 3001 894 vero
3047 840 3169 893 ullis
3208 853 3333 892 conc

1757 937 1983 1006 jecturis
2011 936 2390 1005 indigehimus,
2430 949 2529 989 nec
2559 934 2669 987 veri
2701 930 3141 987 similitudinibus
3172 931 3237 983 ad
3268 944 3330 983 ea

1763 1028 2089 1092 enarranda,
2118 1042 2236 1095 qua:
2288 1026 2404 1080 lucc
2437 1024 2799 1095 splendidiora
2848 1034 3008 1089 sunt;
3043 1022 3137 1076 sed
3182 1036 3330 1090 (μιτρ-

1763 1135 1973 1188 cunque
2005 1121 2074 1174 ab
2108 1120 2192 1174 his
2228 1120 2358 1189 ipsis
2390 1118 2473 1174 vel
2524 1119 2791 1183 consulto,
2825 1116 2905 1170 vel
2935 1114 3331 1170 inconsiderate

1763 1211 2001 1280 neglecta
2054 1222 2200 1275 sunt,
2256 1209 2411 1264 nobis
2476 1224 2607 1263 vero
2659 1209 2768 1262 vim
2832 1206 3069 1261 sermoni
3127 1206 3329 1259 addere

1760 1319 1917 1372 posse
1956 1304 2228 1365 videntur,
2284 1303 2397 1357 btec
2446 1316 2799 1372 apponemus.
2865 1298 2953 1353 Sic
2992 1312 3120 1367 ergo
3170 1296 3333 1351 habet

1761 1394 1997 1464 Epistula
2029 1412 2042 1448 :
2090 1412 2108 1445 ι
2149 1394 2361 1449 Gratias
2396 1394 2506 1464 (69)
2545 1403 2766 1463 agentes
2804 1393 2911 1448 Deo
2934 1402 2987 1448 et
3013 1392 3162 1447 Patri
3195 1393 3328 1464 (70),

1760 1488 1849 1554 qui
1884 1488 2096 1541 vocavit
2129 1488 2240 1555 (71)
2287 1503 2384 1542 nos
2436 1488 2488 1541 in
2536 1497 2745 1556 partem
2791 1487 2917 1542 cleri
2974 1486 3086 1558 (aut
3142 1484 3328 1555 sortis)

1761 1587 2074 1632 sanctorum
2115 1577 2260 1649 (79.):
2302 1579 2393 1647 qui
2425 1577 2627 1647 eripuit
2657 1594 2754 1632 nos
2787 1592 2852 1631 ex
2881 1586 3146 1646 potestate
3184 1588 3331 1630 tene—

1759 1672 2002 1735 brarum,
2053 1678 2107 1725 ει
2159 1671 2436 1725 transtulit
2488 1672 2541 1724 in
2586 1685 2807 1737 regnum
2861 1670 3161 1725 dilectionis
3206 1669 3328 1724 Filii

1760 1762 1839 1812 sui
1877 1760 2029 1830 (75):
2086 1762 2137 1814 in
2169 1777 2274 1829 quo
2307 1760 2564 1814 habemus
2595 1762 3015 1831 redemptionem
3061 1761 3195 1831 (74),
3244 1776 3328 1815 re-

52 1852 154 1901 εῐτε
182 1849 394 1919 ἀρχαὶ,
459 1851 567 1901 εἴτε
597 1849 864 1913 ἐξουσίαι·
915 1850 982 1903 τὰ
1023 1850 1202 1904 πάντα
1260 1850 1325 1904 δι’
1355 1852 1518 1904 αὐτοῦ
1559 1853 1637 1904 καὶ

1798 1854 2067 1907 ιίεδὶοιιειη
2114 1863 2465 1923 peccatorum
2498 1871 2511 1906 ε
2555 1853 2647 1922 qui
2679 1863 2765 1908 est
2802 1854 2977 1921 imago
3012 1852 3104 1906 Dei
3132 1854 3326 1907 incon-

50 1945 126 2003 εἰς
156 1943 337 1995 αὐτὸν
378 1941 647 2005 ἔκτισται,
698 1944 791 1996 καὶ
825 1943 985 2007 αὑτός
1019 1945 1134 1996 ἐστι
1162 1944 1265 2015 πρὸ
1293 1944 1525 2010 πάντων,
1555 1946 1648 1998 καὶ

50 2034 112 2085 τὰ
173 2035 373 2085 πάντα
432 2035 489 2085 ἐν
526 2033 675 2104 αὺτῷ
712 2035 1072 2105 συνέστηκεν
1117 2036 1211 2088 κα)⁸
1236 2036 1395 2099 αὐτός
1442 2039 1648 2109 ἐστινὴ

50 2125 265 2194 κεφαλὴ
298 2125 405 2177 τοῦ
440 2126 688 2196 σώματος
710 2130 812 2198 τῆς
857 2128 1202 2197 Ἐκκλησίας,
1237 2130 1296 2192 ὃς
1333 2132 1477 2182 ἐστιν
1506 2132 1646 2203 ἀρχὴ

52 2218 415 2287 πρωτότοκος
466 2221 533 2272 ἐκ
583 2220 691 2272 τῶν
746 2221 974 2291 νεκρῶν,
1024 2222 1110 2273 ἴνα
1154 2222 1373 2293 γένηται
1394 2222 1554 2286 αὐτὸς
1590 2226 1647 2275 ἐν

51 2312 212 2363 πᾶσιν
254 2313 567 2381 πρωτεύων
598 2330 609 2341 ·
665 2313 745 2366 ὃτι
786 2316 842 2366 ἐν
892 2313 1041 2384 αὑτῴ
1098 2315 1354 2385 εὐδόκησε
1406 2318 1513 2369 πᾶν
1585 2317 1646 2370 τὸ

52 2402 338 2474 πλήρωμα
408 2406 756 2475 κατοικῆσαι.
786 2407 878 2458 καὶ¹
910 2406 977 2458 δι’
1006 2406 1168 2459 αὑτοῦ
1209 2408 1645 2474 ἀποκαταλλάξαι

48 2492 110 2542 τὰ
153 2494 347 2547 πάντα
388 2496 471 2557 εἰς
497 2495 679 2560 αὐτὸν,
726 2496 1139 2565 εἰρηνοποιήσας
1171 2496 1257 2548 διὰ
1289 2496 1381 2549 τοῦ
1418 2500 1647 2569 αἵματος

50 2582 136 2635 τοῦ
162 2585 421 2657 σταυροῦ
471 2585 658 2653 αὑτοῦ,
702 2586 809 2639 εἴτε
837 2585 906 2638 τά
925 2588 1017 2639 ἐπὶ
1045 2589 1170 2659 γῆς,
1210 2588 1319 2641 εἴτε
1344 2590 1412 2643 τὰ
1446 2592 1502 2643 ἐν
1536 2594 1647 2655 τοῖς

49 2679 324 2747 οὐρανοῖς.
356 2698 377 2730 ι

1754 1945 1929 2014 διιίειιί
1962 1946 2095 2016 (sive
2136 1945 2464 2015 invisibilis),
2515 1945 2907 2015 primogenitus
2951 1946 3129 1999 omnis
3174 1960 3327 1999 crea-

1757 2049 1932 2092 turaa:
1980 2038 2233 2108 quoniam
2268 2038 2321 2091 in
2355 2038 2471 2107 ipso
2508 2038 2722 2093 condita
2756 2046 2881 2092 sunt
2910 2038 3182 2102 universa,
3208 2052 3327 2107 qua:

1750 2140 1875 2185 sunt
1915 2131 1967 2185 in
2003 2131 2177 2195 ctelis,
2211 2140 2265 2185 et
2304 2146 2423 2200 qua:
2466 2131 2519 2185 in
2554 2141 2719 2194 terra,
2759 2129 3011 2193 visibilia,
3056 2138 3111 2184 et
3139 2128 3325 2183 invisi-

1752 2220 1901 2283 bilia,
1936 2221 2051 2275 sive
2079 2221 2277 2284 throni,
2326 2222 2441 2274 sive
2476 2221 2888 2286 dominationes,
2916 2220 3027 2273 sive
3055 2220 3325 2288 principa-
3382 2261 3393 2275 .

1753 2322 1858 2377 tus,
1900 2312 2015 2366 sive
2066 2321 2399 2381 potestates:
2442 2312 2621 2365 omnia
2674 2326 2769 2381 per
2810 2310 3006 2380 ipsum,
3036 2320 3089 2365 et
3126 2311 3176 2363 in
3206 2311 3324 2379 ipso

1755 2417 1937 2461 creata
1984 2417 2110 2461 sunt
2140 2426 2152 2460 :
2188 2414 2242 2459 et
2265 2406 2379 2474 ipse
2409 2415 2492 2460 est
2524 2403 2689 2475 348
2722 2410 2847 2457 ante
2888 2417 3096 2469 omnes,
3134 2412 3187 2457 et
3217 2417 3323 2456 om-

1755 2501 1837 2552 nia
1872 2499 1926 2552 in
1967 2500 2081 2567 ipso
2112 2506 2379 2553 constant.
2408 2497 2473 2550 Et
2516 2498 2628 2565 ipse
2657 2505 2739 2550 est
2765 2503 2928 2563 caput
2955 2494 3199 2563 corporis
3224 2494 3321 2548 Ec-

1751 2590 1962 2644 clesiae:
1997 2590 2085 2657 qui
2133 2598 2216 2641 est
2255 2586 2601 2655 principium,
2658 2584 3049 2653 primogenitus
3078 2598 3145 2636 ex
3186 2596 3323 2635 mor

1754 2684 1880 2745 tuis,
1908 2692 1965 2735 ut
1998 2682 2067 2735 sit
2099 2682 2212 2749 ipse
2243 2681 2294 2734 in
2325 2679 2575 2734 omnibus
2619 2678 2906 2746 primatum
2936 2686 3124 2730 tenens
3156 2694 3167 2728 :
3201 2674 3321 2742 quia

52 2777 96 2825 in
119 2776 241 2843 ipso
267 2774 629 2843 complacuit,
654 2789 868 2828 omnem
893 2773 1280 2843 plenitudinem
1310 2776 1642 2843 inhabitare,
1683 2787 1737 2832 et
1804 2794 1899 2846 per
1964 2793 2085 2831 eum
2118 2776 2468 2831 reconciliare
2496 2774 2677 2830 omnia
2710 2775 2765 2827 in
2798 2774 2997 2842 ipsum,
3036 2770 3325 2840 paciﬁcans

50 2883 136 2935 per
179 2868 523 2938 sanguinem
557 2868 734 2920 crucis
781 2867 899 2936 ejus
925 2866 1037 2937 (75)
1084 2866 1197 2920 sive
1225 2882 1346 2936 qua:
1391 2869 1443 2922 in
1477 2878 1639 2934 terra,
1681 2869 1793 2922 sive
1823 2884 1940 2936 qua:
1965 2868 2017 2922 in
2053 2867 2205 2923 cadis
2238 2876 2383 2921 sunt.
2426 2884 2446 2917 ι

110 2960 222 3014 Θὲα
280 2962 471 3014 τοίνυν
506 2961 812 3031 ἐμφρόνως,
870 2959 985 3024 πῶς
1040 2961 1260 3014 ἐναντία
1297 2964 1637 3031 αἱρετικοῐςηὶ

1828 2962 1957 3017 Vide
1987 2978 2138 3031 ergo,
2174 2978 2337 3032 quam
2359 2961 2637 3029 sapienter
2674 2958 2943 3027 Scriptura
2979 2970 3118 3022 sese,
3151 2964 3211 3009 ut
3245 2956 3325 3010 sic

50 3054 237 3124 Γραφὴ
270 3052 599 3122 ἐξηγεῖσθαι
648 3053 1119 3123 παρεσκεύασται,
1149 3052 1243 3105 καὶ
1268 3052 1378 3122 ἔχει
1412 3053 1645 3124 ἑκάστην

48 3145 186 3210 λέξιν
228 3146 478 3207 ἀκτῖνας
530 3139 639 3199 οἷον
688 3145 928 3215 νοήσεων
979 3146 1108 3215 περὶ
1139 3144 1271 3198 Θεοῦ
1296 3144 1647 3216 ἐνανθρωπή-

51 3254 179 3300 σεως
201 3236 662 3307 ἀποπέμπουσαν
683 3255 697 3269 °
744 3238 838 3289 ita).
867 3238 967 3303 ⁸ὅτι
1017 3240 1275 3309 προεῖπεν
1325 3238 1485 3290 αὑτὸν
1520 3238 1646 3289 Υἱὸν

50 3328 133 3379 καὶ
172 3328 374 3381 εἰκόνα
428 3327 523 3380 τοῦ
557 3328 713 3393 Θεοῦ,
742 3329 836 3381 καὶ
882 3327 1023 3381 οῦτω
1054 3329 1394 3399 πρωτότοκον
1433 3330 1528 3381 καὶ
1560 3346 1647 3381 κε-

52 3419 218 3488 φαλὴν
247 3418 350 3472 τοῦ
380 3417 635 3487 σώματος
657 3420 755 3490 τῆς
795 3418 1136 3489 Ἐκκλησίας,
1185 3421 1279 3472 καὶ
1306 3422 1646 3491 πρωτότοκον

51 3510 107 3558 ἐκ
136 3507 249 3559 τῶν
280 3506 527 3577 νεκρῶν,
554 3510 1041 3579 είρηνοποιήσαντα
1078 3508 1164 3562 διὰ
1190 3509 1281 3561 τοῦ
1317 3508 1447 3581 [liii
1481 3510 1532 3582 ὁ]
1560 3512 1645 3563 αἴ-

54 3616 212 3666 ματος
246 3598 347 3651 τοῦ
395 3599 634 3669 σταυροῦ
666 3599 828 3651 αὑτοῦ
872 3600 938 3652 τὰ
966 3600 1154 3670 ὁρατὰ,
1191 3600 1283 3652 καὶ
1328 3601 1396 3653 τὰ
1419 3601 1643 3671 ἀόρατα,

52 3693 134 3742 καὶ
160 3693 279 3743 πᾶν
329 3691 395 3743 τὸ
439 3690 712 3761 πλήρωμα
766 3691 862 3760 τῆς
913 3692 1053 3761 ὑπὲρ
1085 3690 1145 3742 τὸ
1194 3690 1504 3761 ἀσώματον,
1553 3693 1645 3746 καὶ

52 3782 408 3854 ἀχρώματον,
442 3784 540 3836 καὶ
571 3782 851 3855 ἀχώρητον
903 3782 1153 3853 θεότητος
1188 3783 1603 3855 κληρωσάμενον
1627 3802 1639 3815 ·

54 3875 110 3925 ἶν’
137 3876 295 3937 ὅπως
323 3876 448 3927 ποτ’
483 3870 575 3926 οῦν
607 3873 771 3938 ἀξίως
817 3876 1087 3944 συνίωμεν
1119 3875 1281 3928 αὐτοῦ
1313 3877 1405 3929 καὶ
1438 3876 1537 3948 τὴν
1583 3879 1647 3930 ἐκ

52 3966 134 4018 τσῦ
161 3966 307 4019 Θεοῦ
357 3967 579 4036 Πατρὸς
626 3966 719 4018 καὶ
750 3966 886 4037 πρὸς
912 3965 1074 4019 αὑτὸν
1105 3967 1432 4039 ἀσύγκριτον
1463 3969 1644 4037 φύσιν,

53 4058 136 4107 καὶ
156 4057 257 4127 τὴν
293 4058 361 4108 ἐκ
387 4055 674 4127 Παρθένου
710 4058 802 4107 καὶ
830 4057 948 4109 κατ’
976 4056 1145 4127 αὐτὴν
1171 4057 1379 4111 τελείαν
1415 4060 1506 4111 καὶ
1535 4060 1647 4112 ἐνο-

52 4150 152 4219 ειδῆ
178 4152 473 4221 σάρκωσιν
500 4151 594 4203 καὶ
646 4151 909 4222 ψύχωσιν.
946 4150 1011 4203 Τί
1042 4152 1149 4222 γάρ
1174 4148 1300 4207 ἄλλο
1332 4155 1549 4224 νοήσαις
1580 4153 1646 4207 ἂν

54 4245 253 4312 μεταξῦ
291 4244 408 4296 τῶν
436 4243 773 4314 ἐκκειμένων
830 4243 965 4297 ὀλων
997 4244 1197 4314 ῥητῶν,
1241 4246 1335 4297 καὶ
1360 4245 1420 4297 τὸ
1445 4244 1509 4297 δι’
1546 4248 1646 4299 αύ-

1749 3057 1974 3123 laquar,
2031 3055 2330 3110 accinxerit
2396 3054 2460 3107 ad
2526 3068 2588 3108 ea
2639 3051 2963 3114 enarranda,
3004 3046 3124 3119 quae
3162 3049 3326 3102 haere-

1749 3150 1974 3201 ticorum
2000 3146 2401 3215 opinationibus
2430 3145 2816 3207 adversantur,
2848 3143 2982 3196 adeo
3014 3139 3321 3210 ulsingula,

1747 3241 1940 3308 quibus
1963 3240 2152 3303 utitur,
2178 3237 2442 3291 vocabula
2488 3237 2671 3290 radios
2702 3234 2863 3288 veluti
2892 3234 3163 3297 emittant,
3186 3248 3323 3298 quo-

1747 3347 1866 3385 rum
1907 3330 2198 3400 splendore
2231 3328 2521 3384 illuminati
2553 3328 2981 3396 perspiciamus,
3011 3325 3076 3378 de
3108 3323 3200 3377 Dei
3232 3323 3324 3377 ln-

1747 3423 2061 3475 carnatione
2092 3436 2400 3475 sermonem
2426 3418 2513 3472 hic
2542 3418 2727 3472 haberi
2761 3435 2777 3483 ;
2817 3432 2939 3471 nam
2969 3416 3119 3485 prius
3146 3416 3320 3483 ipsum

1746 3514 1821 3566 ait
1852 3528 1971 3567 esse
1995 3511 2213 3575 Filium,
2238 3520 2294 3565 et
2323 3511 2617 3579 imaginem
2656 3510 2770 3571 Dei,
2805 3524 2867 3563 ac
2900 3518 3083 3575 postea
3114 3506 3321 3573 primo—

1747 3605 2008 3673 genitum,
2046 3613 2100 3656 et
2145 3612 2306 3672 caput
2355 3605 2601 3670 corporis
2645 3600 2920 3661 Ecclesiae,
2957 3609 3009 3652 et
3058 3599 3322 3665 primoge-

1746 3695 2008 3747 nitumex
2059 3692 2310 3753 mortuis,
2344 3691 2433 3759 qui
2482 3706 2578 3758 per
2611 3690 2930 3758 sanguinem
2980 3687 3157 3741 crucis
3204 3700 3317 3738 sua:

1747 3785 1976 3841 visibilia
2005 3793 2059 3838 et
2118 3783 2406 3838 invisibilia
2440 3782 2823 3852 pacilicaverit,
2852 3791 2907 3834 et
2941 3794 3154 3835 onmem
3200 3776 3313 3847 ple-

1747 3878 2048 3931 nitudinem
2082 3876 2305 3930 sortitus
2334 3875 2402 3929 sit
2448 3875 2588 3928 illius
2618 3874 2857 3937 deitatis,
2900 3888 3018 3941 qua:
3070 3872 3318 3937 incorpo-

1748 3970 1877 4024 ralia
1941 3976 1994 4023 et
2030 3968 2346 4032 invisibilia,
2376 3968 2645 4021 colorisve
2687 3966 2929 4034 expertia
2963 3961 3316 4022 transcendit,

1748 4077 1811 4116 ac
1864 4061 1984 4129 plus
2023 4076 2186 4129 quam
2236 4057 2796 4127 incomprehensibilis
2836 4070 2965 4121 est;
3014 4064 3067 4106 nt
3114 4068 3178 4106 eo
3209 4067 3318 4121 quo

1748 4167 1844 4221 par
1872 4160 1953 4204 est
1983 4151 2143 4203 modo
2189 4150 2501 4219 sentientes,
2552 4147 3001 4216 qualitercunque
3045 4143 3319 4211 intelliga—

1751 4261 1869 4299 mus
1900 4259 2021 4297 cum
2046 4241 2375 4312 asyncritam
2406 4241 2529 4311 (hoc
2560 4251 2643 4294 est
2674 4237 3171 4307 incomparabilem)
3200 4249 3320 4289 esse

50 4335 141 4387 τοῦ
162 4336 265 4388 καὶ
309 4335 396 4396 εἰς
420 4333 583 4385 αὑτὸν
613 4332 790 4386 πάντα
833 4332 1174 4397 συνεστάναι,
1212 4333 1305 4385 καὶ
1336 4333 1637 4387 καταλλάσ-

1796 4346 2019 4400 aturam,
2059 4352 2220 4405 quam
2257 4351 2321 4389 ex
2361 4334 2469 4387 Deo
2502 4332 2683 4397 Patre,
2711 4343 2763 4386 et
2794 4333 2932 4401 apml
2958 4330 3104 4383 illum
3137 4328 3317 4391 habet,

52 4424 257 4486 σεσθαι,
314 4424 415 4476 καὶ
445 4422 917 4494 είρηνοποιεῖσθαι,
958 4424 1007 4475 εἰ
1050 4425 1124 4495 μὴ
1154 4423 1213 4476 τὸ
1238 4424 1327 4476 διὰ
1360 4424 1455 4493 τῆς
1480 4425 1638 4496 ἀτρέ-

48 4530 177 4566 mou
235 4515 333 4567 καί
367 4515 758 4584 ἀναμαρτήτου
790 4515 855 4568 δι’
890 4517 1037 4586 ἡμᾶς
1078 4516 1172 4568 καὶ
1194 4515 1335 4587 ὑπὲρ
1366 4517 1520 4586 ήμῶν
1550 4520 1636 4569 ἐν·

51 4606 463 4675 ανθρωπήσεως
528 4605 691 4658 αὐτοῦ
744 4607 1167 4678 ἐπιστρέφεσθαι
1214 4610 1361 4677 ἡμᾶς
1408 4610 1488 4673 είς
1543 4609 1642 4681 τὴν

52 4698 348 4761 ἐπίγνωσιν
383 4694 488 4763 τῆς
513 4695 767 4747 ἀκτίστου
808 4696 1057 4768 θεότητος
1091 4698 1292 4765 αὑτοῦ;
1337 4699 1640 4772 Ἀνείρηται

50 4783 132 4838 οὗν
156 4787 485 4858 Μονογενὴς
512 4788 631 4857 μὲν,
683 4787 776 4840 ἆτε
816 4790 917 4842 οὐκ
946 4790 1083 4860 ἔχων
1114 4792 1254 4844 κατά
1279 4790 1376 4863 τὴν
1404 4792 1515 4845 ἄνω
1540 4793 1638 4865 ἄῤ·-

52 4880 274 4947 ρευσ-ων
302 4879 564 4949 γέννησιν
592 4880 777 4953 ἕτερον
795 4884 925 4953 παρ’
947 4883 1107 4937 αὑτὸν
1137 4884 1280 4938 κατά
1309 4884 1469 4953 φύσιν
1494 4886 1641 4939 ἀδελ-

118 5124 643 5199 (68)Totum_lzttnc
670 5125 995 5199 locum,etc.
1022 5126 1202 5181 Simili
1263 5129 1420 5199 modo
1458 5144 1516 5184 se
1548 5144 1640 5199 ge-

56 5196 116 5246 rit
156 5198 429 5265 Didymus
463 5195 801 5271 Srripturam
835 5198 1005 5271 ci_t_ans
1043 5200 1097 5252 in
1144 5198 1284 5253 libro
1326 5197 1403 5253 De
1431 5195 1637 5271 Spiritu

56 5278 259 5329 sancta,
301 5282 453 5319 num.
490 5266 579 5326 10,
612 5266 702 5327 52,
738 5266 828 5329 59,
858 5266 945 5325 45,
965 5280 1069 5322 etc.

54 5337 236 5459 ad($3)
265 5333 510 5390 Gratias.
551 5334 608 5389 1n
630 5336 731 5406 Ep.
761 5338 828 5391 ad
853 5336 1057 5393 Coloss.
1093 5354 1212 5411 cap.
1246 5356 1287 5409 ι,
1322 5356 1352 5395 a
1391 5354 1534 5395 vers.
1572 5340 1639 5396 l2

126 5446 239 5551 (id)
271 5476 384 5551 Deo
418 5488 467 5531 et
486 5477 879 5551 Pani._(_]r_:eca
908 5478 1074 5533 editio
1111 5480 1276 5535 habet
1326 5489 1531 5534 tantum
1560 5480 1638 5551 τῷ

271 5526 343 5601 id
358 5526 463 5603 'es'i'
483 5526 668 5603 iam:
683 5526 1637 5620 ιῑιιῇἇῖυἷιέἱοἶῦἷῖὼέῖἴῖῖῖ15ιῖ

132 5634 267 5670 mus.

88 5632 234 5755 ἴοι)
270 5688 376 5754 Ωιιὶ
419 5691 640 5762 vocavit.
675 5688 860 5745 Graeca
894 5692 1004 5755 ed.,
1044 5689 1122 5762 τῷ
1186 5690 1533 5756 ἱκανώσαντι,
1582 5692 1632 5746 id

57 5770 162 5818 εει,
192 5772 247 5812 ιιι
277 5762 444 5813 vertit
474 5758 636 5830 Vulg.
676 5762 942 5829 interpres
977 5778 990 5815 :
1030 5781 1047 5813 ‹
1094 5758 1191 5829 ἰιιιὶ
1216 5764 1402 5830 dignos
1426 5762 1575 5816 fecit.
1610 5782 1627 5811 ι

127 5830 238 5905 (72)
275 5830 621 5888 Sanctorum.
650 5831 837 5889 Graeca
871 5830 1042 5889 Biblia
1090 5840 1144 5888 et
1182 5831 1372 5891 Latina
1426 5834 1509 5888 hic
1538 5836 1634 5889 ad-

1749 4438 1857 4483 tum
1894 4427 2189 4497 perfectam
2237 4426 2383 4481 illam
2423 4427 2804 4490 (economiatn,
2844 4439 2945 4492 qua
2996 4437 3212 4475 carnem
3250 4435 3319 4472 ex

1747 4517 1989 4588 Virgine,
2022 4528 2185 4587 atque
2228 4519 2463 4570 animam
2511 4518 2581 4570 ita
2621 4515 2870 4583 sumpsit,
2923 4521 3133 4567 servata
3192 4525 3316 4578 per-

1748 4627 1892 4666 sonae
1924 4613 2149 4675 unitate,
2200 4620 2259 4662 ut
2305 4610 2401 4679 ipsi
2460 4611 2622 4663 etiam
2660 4607 2864 4678 Virgini
2915 4604 3106 4658 similis
3142 4604 3315 4655 ﬁeret.

1747 4705 1978 4767 Etenim,
2025 4713 2084 4758 ut
2121 4703 2328 4772 reliqua
2369 4702 2547 4757 omnia
2579 4700 2729 4753 Pauli
2768 4701 2928 4753 verba
2958 4698 3113 4751 modo
3154 4694 3317 4747 allata

1746 4811 2085 4871 praeteream,
2121 4812 2354 4863 quonam
2398 4795 2503 4849 alio
2538 4796 2695 4847 modo
2745 4790 3086 4860 interpretari
3120 4802 3313 4858 possu-

1748 4906 1867 4946 mus
1913 4890 2021 4956 illa,
2053 4886 2248 4958 quibus
2279 4887 2375 4955 ait,
2432 4900 2529 4956 per
2558 4887 2757 4955 ipsum,
2788 4894 2843 4937 et
2890 4883 2943 4938 in
2975 4882 3091 4951 ipso
3133 4880 3316 4936 omnia

1746 5126 1898 5194 dunt,
1926 5134 1983 5185 ἐν
2013 5129 2091 5201 τῷ
2126 5128 2285 5200 φωτί,
2324 5129 2482 5201 sive,
2507 5145 2525 5178 ι
2558 5127 2610 5181 in
2645 5126 2861 5201 lumine.
2891 5142 2915 5201 ι

1820 5202 1930 5270 (75)
1979 5196 2289 5254 Βιῐεείἱοηὶσ
2356 5199 2483 5251 Filii
2529 5201 2633 5252 sui.
2693 5196 3312 5270 Legentlumﬂidctur:

1752 5291 1771 5324 ‹
1804 5263 1854 5325 in
1884 5263 2101 5339 regnum
2136 5270 2255 5324 Filii
2286 5270 2588 5324 dilectionis
2619 5283 2747 5322 suat.
2835 5265 2908 5339 Ita
2937 5263 3085 5339 enim
3117 5268 3311 5339 legitur

1746 5354 1799 5397 et
1844 5346 1893 5395 in
1940 5335 2125 5396 Bibliis
2171 5357 2290 5395 cum
2334 5340 2560 5405 Graecis,
2608 5349 2716 5392 tum
2772 5335 3012 5394 Latinis:
3051 5346 3105 5392 et
3132 5335 3189 5391 in
3225 5339 3317 5393 Di-

1746 5415 1907 5484 dymo
1942 5413 2056 5484 ipso
2092 5426 2211 5481 pag.
2254 5411 2376 5464 124.

1810 5484 1921 5555 (74)
1964 5477 2401 5555 Πεάέηιριίοῃεηι.
2421 5480 2605 5536 Graeca
2634 5479 2720 5536 ed.
2744 5487 2800 5534 et
2821 5478 3008 5533 Latina
3034 5477 3123 5533 hic
3167 5477 3315 5533 addit

1748 5573 1767 5607 ι
1796 5551 2223 5627 persapguinem
2248 5551 2383 5627 ejus.
2409 5570 2428 5603 ι
2608 5622 2623 5627 Δ
2680 5624 2692 5627 _
2719 5624 2729 5627 _
2856 5622 2871 5627 _
2893 5623 2925 5627 __
3002 5620 3025 5627 _
3051 5619 3064 5627 _
3163 5618 3177 5627 _
3255 5614 3282 5627 η

1807 5618 1919 5695 (75)
1952 5618 2133 5695 (Ῑνῖισὶε
2168 5618 2301 5689 ejus.
2333 5621 2645 5695 Grfecaﬁed.
2680 5624 2765 5679 hic
2807 5622 2955 5678 addit
2998 5619 3064 5673 δι’
3092 5618 3307 5695 ἀύτεῦ,

1734 5695 1785 5767 id
1812 5689 1917 5761 ésl;
1950 5714 1969 5746 ι
1995 5709 2091 5764 per
2115 5694 2312 5767 ipsum.
2342 5713 2362 5747 ι
2393 5694 2496 5751 Sed
2520 5694 2674 5767 Vulg.
2705 5697 2803 5750 int.
2841 5697 2954 5750 hmc
3000 5689 3202 5749 omittit
3253 5697 3316 5749 ιιι

1733 5765 2009 5837 Didymus.
