3716 6314
465 293 570 356 851

1730 299 1964 355 DIDYMI
2003 298 2467 356 ALEXANDRINI

3526 309 3603 366 83‘.

472 425 745 478 constare,
775 425 830 470 et
861 415 1222 482 reconciliari,
1269 423 1323 471 et
1354 417 1647 487 paciﬁcari,
1682 419 1786 472 nisi
1827 420 1898 472 ita
1936 419 2033 472 in-

2150 421 2232 488 ρὸν
2252 435 2267 450 ο
2298 419 2638 490 πρωτότοκος
2661 418 2719 472 δὲ
2743 417 2924 490 πάσης
2954 415 3198 481 κτίσεως,
3245 416 3303 469 οὐ
3341 418 3419 472 διὰ
3438 421 3486 474 τδ
3505 440 3604 495 προ-

472 515 848 575 terpretemur,
894 519 952 562 ut
981 524 1074 578 per
1103 509 1218 578 ejus
1260 510 1706 577 lncarnationem,
1751 526 1854 579 qua
1901 525 2028 579 pro-

473 609 592 666 pter
618 614 738 661 nos,
780 607 833 654 et
860 616 955 668 pro
987 602 1158 667 nobis,
1190 603 1304 656 sine
1348 602 1454 656 ulla
1492 613 1789 661 mutatione
1834 601 1914 655 sui
1947 602 2029 670 ip-

473 693 606 754 sius,
637 699 690 744 et
728 693 933 760 peccati
962 707 1175 763 expers,
1227 695 1385 748 homo
1417 693 1588 747 factus
1617 703 1721 757 est,
1752 703 2030 748 converta-

475 796 598 834 mur
625 782 690 834 ad
743 783 1063 851 agnitionem
1117 786 1369 839 iucreata!
1424 786 1589 854 ipsius
1639 785 1754 840 Filii
1787 785 2031 839 deitatis?

476 871 658 927 Dictus
679 885 760 927 est
800 890 927 944 ergo
978 877 1403 945 prtedicatusque
1453 876 1770 941 Unigenitus
1814 877 2029 945 quidem

479 975 663 1033 utpote
716 981 817 1018 non
877 966 1077 1020 habens
1132 968 1422 1020 secundum
1470 969 1743 1021 caelestem
1800 968 2032 1034 cujusvis

479 1056 652 1110 [luxus
693 1068 963 1124 expertem
996 1057 1395 1125 generationem
1447 1057 1675 1111 alterum
1731 1067 1924 1126 praeter
1956 1059 2033 1126 ip-

475 1164 619 1209 sum,
643 1148 730 1216 qui
773 1148 1060 1202 secundum
1097 1157 1341 1201 naturam
1373 1148 1443 1202 sit
1476 1149 1588 1217 ejus
1621 1148 1816 1214 frater;
1853 1159 2034 1218 proto-

481 1247 631 1292 tocus
686 1253 813 1291 vero
862 1239 934 1308 (id
969 1248 1072 1303 est,
1113 1240 1504 1310 primogenitus)
1540 1241 1715 1294 omnis
1754 1250 2030 1302 creatum,

478 1344 581 1380 non
611 1330 748 1398 quod
782 1340 908 1382 ante
941 1331 1106 1397 ipsam
1137 1341 1352 1385 creatus
1396 1331 1501 1398 sit;
1549 1331 1783 1399 alioquin
1815 1345 2036 1386 Vocatus

477 1419 668 1474 fuisset
695 1423 1060 1490 protoctistus,
1109 1422 1160 1475 id
1190 1431 1293 1484 est,
1330 1424 1718 1490 primocreatus
1748 1423 1892 1494 (76):
1940 1424 2032 1477 sed

477 1511 600 1580 quia
650 1528 747 1581 per
794 1515 1204 1581 praescientiam,
1236 1525 1294 1569 ut
1327 1524 1801 1569 commemoratum
1857 1527 1940 1570 est
1981 1517 2034 1569 in

478 1603 712 1671 capitulo
741 1605 982 1673 proxime
1009 1605 1283 1674 superiore
1312 1605 1447 1674 ('47),
1481 1615 1604 1660 ante
1646 1621 1857 1660 onmem
1883 1621 2037 1660 crea-

479 1700 654 1745 turam
701 1708 765 1747 ex
812 1702 998 1746 sancta
1029 1692 1241 1763 Virgine
1278 1693 1443 1765 3&9
1473 1702 1629 1749 natus
1659 1703 1779 1759 est;
1827 1703 1878 1748 et
1911 1695 2035 1764 quia

480 1782 621 1836 idem
651 1791 733 1837 est
779 1784 1187 1852 primogenitus,
1217 1795 1271 1839 et
1317 1785 1625 1855 unigenitus
1656 1785 1834 1839 omnis
1878 1800 2030 1839 crea-
2069 1788 2108 1842 Β

482 1883 611 1926 tum
635 1873 1145 1942 ineﬂ'ahiliterjuxta
1187 1874 1426 1928 divinum
1470 1883 1689 1929 textum.
1725 1873 1893 1928 Simili
1925 1890 2037 1926 mo.

479 1965 549 2016 do
579 1976 796 2019 vocatus
834 1975 914 2019 est
956 1967 1117 2020 etiam
1154 1983 1172 2016 ‹
1200 1967 1587 2036 primogenitus
1626 1982 1689 2020 ex
1722 1967 1972 2028 mortuis,
2008 1987 2026 2018 ι

480 2067 585 2106 nun
614 2054 754 2121 quod
788 2064 913 2108 ante
947 2054 1090 2121 ipsos
1141 2065 1383 2109 mortuus
1438 2057 1528 2121 sit,
1574 2057 1666 2109 sed
1730 2057 1857 2124 quia
1914 2071 2033 2110 Cum

482 2145 684 2212 primus
722 2147 954 2199 surrexit
998 2146 1105 2217 (78)
1154 2161 1184 2198 a
1221 2146 1466 2209 mortuis,
1494 2147 1836 2200 securitatem
1858 2163 2038 2200 resur-

479 2233 735 2286 rectionis
758 2233 1079 2301 generaliter
1106 2234 1256 2286 nobis
1287 2234 1532 2302 praebuit,
1558 2232 1646 2300 qui
1674 2236 2032 2302 pergratiam.

477 2333 534 2378 et
567 2329 762 2378 donmn
797 2325 912 2395 ejus
953 2326 1098 2394 digni
1153 2325 1274 2378 facti
1332 2339 1518 2378 sumus
1551 2325 1640 2392 qui
1676 2339 1916 2378 essemus
1944 2323 2037 2376 lilii

479 2416 692 2480 quidem
723 2415 815 2468 Dei
852 2415 1045 2483 Patris,
1082 2415 1278 2470 fratres
1304 2430 1433 2469 vero
1479 2415 1646 2484 ipsius
1693 2415 1915 2471 Christi.
1949 2415 2038 2468 Ait

475 2507 656 2560 enim:
699 2525 716 2557 ‹
754 2508 862 2576 Ego
896 2509 1004 2576 (79)
1067 2523 1182 2560 smn
1236 2509 1363 2570 vita,
1412 2516 1464 2561 et
1509 2507 1847 2562 resurrectio.
1883 2525 1902 2558 ›
1934 2506 2037 2561 Sed

482 2599 652 2666 ipsum
683 2615 893 2668 quoque
935 2613 1162 2668 tempus,
1200 2615 1306 2668 quo
1347 2599 1592 2653 Salvator
1627 2614 1724 2667 pro
1750 2614 1845 2653 sua
1883 2600 2036 2653 boni-

481 2701 591 2744 tate
641 2707 761 2744 cum
821 2702 1084 2744 vetusmm
1150 2691 1421 2760 jacturam
1481 2697 1721 2742 nostram
1780 2691 2039 2743 resarcire

479 2783 861 2852 proposuisset,
883 2798 1084 2850 nosque
1122 2783 1309 2849 dignos
1334 2782 1608 2848 facerequi
1635 2781 2040 2849 participatione

479 2875 719 2928 cmlestis
763 2889 967 2929 serenae
1003 2874 1136 2928 lucis
1178 2874 1228 2928 in
1263 2885 1523 2927 aeternum
1575 2872 1898 2930 fruerentur.
1929 2872 2040 2941 pri-

483 2959 989 3040 mogenitusomnis
1022 2971 1280 3016 creaturze
1321 2963 1498 3017 factus
1532 2973 1635 3026 est,
1667 2972 2045 3029 praemonstra-

480 3057 556 3106 vit
585 3053 800 3116 Paulus,
829 3073 948 3108 eum
975 3056 1048 3108 ait
1076 3075 1089 3109 :
1124 3075 1141 3104 ι
1177 3055 1364 3109 Vetera
1385 3055 1495 3125 (80)
1515 3054 1842 3108 transierunt
1871 3069 1884 3107 :
1919 3067 2042 3106 ecce

2129 508 2374 561 εκτίσθαι
2404 508 2574 578 αὐτῆς
2604 507 2747 578 (ἐπεὶ
2774 510 2838 560 ἂν
2879 507 3274 579 πρωτόκτιστος
3290 508 3500 579 ἐκλήθη),
3526 515 3605 567 ἀλλ’

2127 598 2201 662 ὡς
2231 603 2296 670 τῇ
2321 599 2638 670 προγνώσει,
2666 599 2808 652 καθά
2837 597 3204 668 ἐμνημονεύθη
3241 599 3294 649 ὲν
3414 603 3499 670 πρὸ
3519 607 3606 657 τοῦ.
3678 615 3679 618 ‘

2128 691 2183 744 δε
2215 691 2508 760 κεφαλαίῳ,
2559 692 2662 762 πρὸ
2705 691 2903 754 παντὸς
2948 690 3404 759 δημιουργήματος
3445 693 3606 763 ἀπδτῆς

2132 780 2289 847 ἁγίας
2320 779 2592 850 Παρθένου
2611 780 2843 848 τεχθεὶς,
2871 780 2964 831 καὶ
2989 777 3062 829 ὢν
3086 778 3243 838 αὐτὸς
3271 794 3323 828 τε
3345 781 3606 848 πρωτότοκος

2131 871 2226 922 καὶ
2279 869 2583 940 Μονογενὴς
2641 871 2818 938 πάσης
2864 870 3089 927 κτίσεως
3142 867 3387 937 ἅρῤητος,
3431 870 3542 920 κατὰ
3568 872 3608 922 τὸ

2133 959 2274 1012 θεῖον
2305 961 2533 1031 γραφίον
2552 978 2566 990 ·
2613 959 2802 1030 ὥσπερ
2827 959 3134 1028 ὠνόμασται
3171 960 3197 1010 ὁ
3232 958 3381 1020 αὐτὸς
3409 961 3484 1010 καὶ
3508 978 3608 1029 πρω-

2132 1051 2346 1115 τότοκος
2411 1029 2474 1104 ἐκ
2503 1051 2612 1103 τῶν
2667 1050 2897 1120 νεκρῶν,
2929 1051 2989 1102 οὐ
3053 1049 3139 1102 διὰ
3178 1049 3235 1100 τὸ
3270 1049 3612 1120 προτελευτῆσαι

2134 1141 2333 1204 αὐτῶν,
2389 1141 2525 1194 ἀλλὰ
2575 1141 2662 1194 διὰ
2691 1141 2753 1193 τὸ
2779 1139 3068 1212 ἐγερθέντα
3094 1140 3156 1191 ἐκ
3200 1139 3415 1209 νεκρῶν,
3461 1142 3612 1210 πρῶτοι

2134 1233 2230 1302 τὴν
2288 1234 2581 1302 ἁσῳάλειαν
2637 1233 2733 1301 τῆς
2765 1230 3108 1292 ἀναστάσεως
3178 1230 3457 1292 καθολικῶς
3510 1249 3614 1299 παρ-

2100 1330 2106 1337 ”
2135 1330 2318 1396 ασχεῑν
2337 1329 2486 1397 ἡμῖν,
2517 1330 2626 1391 τοῖς
2642 1327 2780 1382 κατὰ
2811 1329 2967 1397 χάριν
2999 1327 3092 1380 καὶ
3111 1324 3313 1394 δωρεὰν
3339 1323 3477 1374 αὑτοῦ
3502 1340 3616 1376 κατα-

2137 1418 2403 1483 ξιωθεῖσιν
2438 1417 2564 1489 [165
2600 1418 2654 1491 η]
2709 1421 2951 1489 υἱὸτητος
3005 1418 3100 1489 μὲν
3153 1415 3246 1469 τοῦ
3279 1413 3402 1466 Θεοῦ
3448 1414 3614 1487 Πατρὸς,

2138 1505 2492 1578 ἀδελφότητος
2518 1506 2572 1560 δὲ
2605 1506 2789 1560 αὑτοῦ.
2846 1526 2864 1559 ι
2888 1506 3027 1574 Ἐγὼ
3073 1525 3090 1556 ι
3149 1504 3277 1576 γὰρ,
3317 1503 3430 1572 ἔφη,
3459 1505 3614 1572 «είμὶή

2139 1598 2249 1670 ζωὴ
2281 1599 2374 1651 καὶ
2434 1601 2466 1670 ἡ
2497 1599 2808 1663 ἀνάστασις.
2841 1617 2859 1650 ι
2896 1599 3004 1652 Καὶ
3035 1596 3247 1658 Παῦλος
3286 1594 3339 1647 δὲ
3370 1593 3447 1646 τὸν
3487 1594 3618 1662 καιρὸν

2139 1691 2300 1745 αὑτὸν
2333 1690 2630 1756 ὑπέδειξεν,
2673 1692 2731 1743 ὲν
2759 1685 2801 1759 ᾧ
2862 1691 2949 1743 διὰ
2978 1690 3077 1760 τὴν
3130 1685 3294 1741 αὑτοῦ
3339 1685 3620 1753 άγαθότηταὸ

2139 1783 2324 1855 Σωτὴρ
2347 1783 2443 1854 τὴν
2472 1782 2707 1836 παλαιὰν
2737 1782 2889 1854 ἡμῶν
2918 1781 3146 1852 ἀμεῖψαι
3175 1777 3535 1848 κακοπραγίαν,
3558 1778 3620 1828 καὶ

2141 1873 2366 1940 ἀξιῶσαι
2397 1875 2540 1945 ἡμᾶς
2569 1873 2852 1935 διαιωνίως
2885 1871 3174 1924 ἀπολαύειν
3194 1871 3293 1940 τῆς
3311 1867 3396 1920 τοῦ
3416 1869 3505 1921 ἄνω
3529 1867 3620 1919 ἁπό-

2141 1981 2231 2016 νου
2263 1964 2438 2031 φωτὸς
2463 1963 2750 2033 μετουσίας
2783 1961 3135 2033 προθέμενος,
3163 1958 3478 2030 πρωτότοκος
3500 1958 3621 2024 πάσης

2143 2056 2368 2118 κτίσεως
2398 2055 2630 2122 ἐγένετο,
2655 2055 2721 2106 δι’
2753 2047 2826 2106 ὦν
2859 2053 2960 2123 ἔφη
2984 2071 2996 2082 ·
3039 2070 3058 2102 ι
3083 2051 3162 2104 Τὰ
3182 2051 3377 2120 ἀρχαῖα
3401 2048 3622 2117 παρῆλθεν,

2147 2146 2252 2199 ίδοὺ
2282 2147 2440 2198 καινὰ
2459 2145 2648 2214 γέγονε
2697 2146 2890 2198 πάντα.
2921 2164 2939 2194 ι
2973 2144 3080 2196 Καὶ
3128 2142 3292 2212 ἕτερα
3330 2141 3381 2192 δὲ
3409 2137 3538 2191 αὑτοῦ
3564 2140 3625 2206 ῥή-

2146 2256 2287 2308 ματα
2308 2237 2576 2290 διωθεῖται
2601 2238 2695 2307 μὲν
2724 2237 2949 2303 ταυτηνὶ
2970 2235 3064 2305 τὴν
3090 2234 3366 2304 αἱρετικὴν
3388 2231 3624 2299 ἐνθύμησιν,

2143 2329 2238 2399 τὴν
2289 2328 2790 2398 κατασοφιζομένην
2845 2327 2939 2380 τοῦ
2974 2342 3032 2378 τε
3071 2324 3306 2385 Παύλου,
3351 2322 3418 2384 ὡς
3467 2319 3625 2372 τοιαῦτα

2142 2419 2468 2489 γράψαντος,
2517 2418 2606 2470 τοῦ
2643 2435 2700 2470 τε
2756 2418 2933 2470 πάντα
2979 2416 3302 2486 ποιήσαντος
3327 2415 3410 2466 καὶ
3431 2410 3628 2479 κεκτημέ-

2143 2529 2257 2569 νου,
2292 2511 2366 2573 ὡς
2390 2509 2642 2562 τοιούτων
2672 2511 2799 2580 περὶ
2838 2507 3000 2561 αὐτοῦ
3028 2505 3446 2577 ὲξενηνεγμένων
3478 2500 3626 2569 φωνῶν,

2143 2602 2278 2671 ὅπερ
2306 2600 2536 2670 χαλεπὸν
2562 2601 2655 2652 καὶ
2694 2599 2895 2652 πλάσαι
2928 2599 3022 2652 καὶ
3045 2597 3277 2650 ἀκοῦσαι
3297 2614 3309 2626 ’
3343 2591 3628 2664 διαρρήδηνῶ

2146 2692 2491 2762 παρίστησιν,
2527 2690 2600 2753 ὼς
2633 2690 2712 2755 τὸ,
2778 2709 2795 2740 ι
2821 2688 3167 2759 Πρωτότοκος
3204 2687 3378 2755 πάσης
3407 2683 3626 2742 κτίσεως.»

2147 2782 2264 2834 ἀντὶ
2316 2781 2430 2842 τοῦ,
2470 2781 2650 2852 πάσης
2685 2779 3122 2850 άνθρωπότητος,
3183 2775 3393 2846 ἐλέχθη.
3435 2773 3523 2842 Τὴν
3560 2771 3633 2836 75?

2146 2869 2536 2941 ἀνθρωπότητα
2609 2869 2787 2923 κτίσιν
2835 2866 3248 2941 προσαγορεύει,
3296 2867 3366 2927 ὡς
3390 2861 3523 2929 ἐντῷ
3543 2876 3633 2928 προ·

2147 2960 2381 3030 κειμένῳ
2409 2959 2684 3030 κεφαλαίῳ
2710 2960 2921 3031 εἴρηται
2947 2959 3153 3022 λέξεσιν
3194 2958 3377 3017 αὐταῖς
3394 2972 3406 2984 ο
3437 2971 3453 3003 ι
3471 2949 3635 3004 Ὑποτά-

2148 3067 2280 3120 γητε
2315 3051 2461 3120 πάσῃ
2495 3051 2669 3104 κτίσει
2718 3051 3029 3122 ἀνθρωπίνῃ
3067 3049 3157 3102 διὰ
3186 3049 3278 3102 τὸν
3328 3047 3519 3116 Κύριον,
3563 3042 3634 3092 εἴτε

483 3161 620 3198 nova
653 3145 791 3199 facta
821 3157 942 3199 sunt
971 3147 1169 3202 omnia.
1217 3165 1235 3198 ι
1266 3147 1401 3213 Quin
1430 3155 1483 3198 et
1508 3145 1711 3213 reliqua
1742 3143 1890 3196 Pauli
1919 3157 2040 3196 ver-

2150 3141 2363 3204 Ξασιλεῖ,
2395 3142 2468 3205 ὡς
2499 3144 2838 3213 ὑπερέχοντι,
2875 3145 2984 3196 εἴτε
3027 3141 3321 3213 ἡγεμόσιν,
3350 3139 3419 3201 ὡς
3445 3137 3500 3190 δι’
3522 3130 3636 3186 αὑτοῦ

483 3237 548 3288 ha
578 3237 806 3301 primum
839 3238 1050 3305 quidem
1093 3236 1233 3289 hanc
1271 3236 1646 3290 haereticorum
1673 3233 2034 3303 Opinatiouem

2145 3249 2210 3286 πε
2218 3232 2535 3303 μπομένοις.
2574 3253 2594 3285 ι

481 3330 915 3399 explodunt,-qui
942 3342 994 3385 et
1030 3332 1126 3401 ipsi
1165 3330 1353 3396 Paulo,
1393 3331 1533 3400 quod
1573 3330 1695 3383 talia
1733 3329 2028 3398 scripserit,
2071 3339 2123 3382 et
2158 3345 2334 3383 rerum
2360 3331 2597 3384 omnium
2629 3329 2928 3396 Conditori,
2969 3345 3033 3385 ac
3060 3329 3311 3390 Domino,
3366 3327 3428 3381 de
3478 3336 3561 3392 quo
3585 3327 3642 3372 υ-

484 3422 553 3474 lia
579 3423 864 3490 praedicata
895 3434 1038 3492 sunt,
1073 3422 1323 3492 iujuriam
1361 3424 1472 3479 suis
1536 3422 1966 3477 cavillationibus
2026 3421 2304 3476 inferunt:
2372 3423 2514 3492 quod
2564 3424 2648 3477 vel
2702 3425 2828 3478 [ictu
2865 3463 2880 3488 ,
2936 3426 3130 3478 nedum
3181 3422 3365 3475 auditu
3419 3417 3636 3472 molestum

480 3526 584 3571 est.
631 3517 829 3572 Deinde
877 3533 1006 3572 vero
1088 3528 1272 3589 aperte
1339 3519 1525 3573 eadem
1598 3519 1844 3587 probant,
1887 3534 1905 3567 ‹
1979 3517 2392 3586 primogenitum
2441 3518 2614 3571 omnis
2664 3528 2930 3572 creatura‘.
2979 3537 2998 3570 ›
3037 3517 3242 3572 dictum
3293 3529 3406 3568 esse
3458 3525 3536 3580 pro
3574 3503 3644 3571 Ρτῖ·

485 3615 754 3683 mogenito
784 3615 960 3668 omnis
998 3616 1386 3681 humanitatis;
1428 3624 1485 3668 ut
1511 3615 1651 3669 enim
1683 3615 1734 3667 in
1768 3614 2043 3682 superiore
2083 3614 2318 3683 capitulo
2345 3615 2452 3667 dixi
2487 3613 2624 3684 (81),
2695 3615 3086 3667 humanitatem
3158 3609 3412 3664 vocabulo
3447 3612 3643 3658 creatur!

484 3709 730 3761 nominat
784 3709 867 3762 his
899 3709 1028 3777 ipsis
1059 3710 1277 3763 verbis:
1311 3728 1330 3760 ‹
1379 3707 1616 3778 Suhjecti
1663 3716 1838 3761 estote
1893 3706 2040 3760 omni
2079 3717 2343 3759 creatura:
2378 3707 2627 3760 humana:
2656 3716 2876 3774 propter
2906 3705 3192 3759 Dominum
3284 3702 3394 3754 sive
3449 3695 3538 3763 regi
3564 3703 3646 3744 tan-

481 3819 641 3872 quam
671 3805 1012 3874 prascellenti,
1054 3806 1167 3859 sive
1211 3805 1433 3858 ducibus
1467 3813 1719 3872 tanquam
1749 3819 1842 3872 per
1870 3803 2042 3870 ipsum
2081 3803 2279 3856 missis.
2315 3823 2332 3854 ι

561 3900 901 3970 Suﬂ‘ragatur
931 3913 1107 3956 autem
1159 3902 1311 3955 nobis
1353 3902 1527 3968 quoad
1576 3901 2040 3954 denominatimies

485 3994 699 4058 quidem
745 3992 1115 4062 Primogeniti,
1159 4003 1212 4048 et
1262 3993 1532 4062 Unigeuiti
1573 3992 1898 4060 evangelista
1932 3989 2042 4059 (82)

490 4099 712 4135 narrans
746 4082 962 4136 Mariam
1016 4085 1277 4138 mansisse
1309 4085 1567 4151 virginem
1622 4081 1756 4150 (8'5),
1815 4101 1833 4131 ι
1872 4081 2042 4133 donec

488 4171 692 4237 peperit
737 4172 898 4223 [ilium
951 4187 1104 4224 suum
1168 4171 1612 4238 primogenitum;
1652 4190 1669 4220 ι
1725 4185 1843 4221 nam
1869 4182 2039 4237 neque

489 4263 734 4327 cuiquam
764 4263 945 4329 nupsit
974 4262 1060 4314 illa
1111 4276 1316 4314 summe
1350 4277 1456 4329 prae
1491 4261 1736 4312 omnibus
1770 4262 2038 4313 honoran-

489 4352 590 4413 da,
623 4361 678 4404 et
727 4355 957 4405 maxime
1002 4353 1198 4422 inclyta
1239 4352 1416 4418 Virgo,
1463 4367 1562 4404 nec
1607 4351 1826 4403 alterius
1871 4360 2041 4402 mater

490 4457 723 4511 unquam
783 4443 921 4496 facta
965 4453 1069 4506 est,
1129 4443 1219 4497 sed
1261 4453 1379 4512 post
1431 4443 1769 4512 puerperium
1824 4455 2035 4509 quoque

493 4536 688 4588 mansit
714 4551 924 4604 semper
950 4547 1004 4590 et
1048 4537 1192 4590 omni
1253 4545 1490 4604 tempore
1547 4535 1886 4589 immaculata
1938 4537 2044 4588 vir-

489 4641 557 4696 go
580 4628 714 4698 (84),
751 4637 805 4681 et
854 4638 1027 4682 tamen
1059 4627 1171 4696 ejus
1217 4628 1599 4698 primogenitus
1645 4634 1789 4681 recte
1827 4637 2046 4681 vocatus

564 4806 675 4876 (‘76)
708 4805 1116 4860 Primocreatus.
1142 4805 1312 4860 Simili
1345 4804 1501 4859 modo
1542 4803 1859 4876 Ambrosius
1899 4801 1992 4857 lib.
2036 4817 2053 4856 ι

495 4873 582 4929 με’
610 4876 712 4944 ﬁde
739 4892 856 4942 cap.
885 4878 916 4930 7
957 4879 1143 4932 scribit
1169 4895 1181 4930 :
1219 4895 1237 4926 ‹
1273 4877 1662 4944 Primogenitus
1703 4873 1882 4926 munis
1902 4887 2055 4926 crea-

495 4957 649 4999 turae.
684 4945 1098 5016 Primogeuitus,
1138 4947 1334 5017 inquit,
1382 4960 1485 5017 non
1537 4944 1944 5017 primocreatus,
2003 4951 2058 4994 ut

497 5029 551 5068 et
576 5019 787 5083 genitus
833 5013 929 5086 pro
977 5013 1295 5084 uaturafet
1347 5015 1552 5084 primus
1581 5029 1679 5083 pro
1709 5013 2063 5082 perpetuitate

496 5087 762 5139 credatur.
789 5105 808 5138 ›

576 5155 686 5227 (ῙἹ)
719 5154 1018 5227 Superiore.
1051 5158 1232 5227 Segm.
1261 5155 1361 5227 160
1397 5174 1454 5211 a.

575 5221 686 5291 (78)
723 5221 932 5280 Primus
962 5221 1267 5280 διανάει-ξι.
1307 5226 1362 5279 lu
1405 5227 1536 5280 libro
1572 5223 1645 5277 De
1668 5221 1868 5293 Spiritu
1893 5229 2071 5274 sancto

501 5305 647 5372 num.
683 5293 774 5359 41,
805 5297 1074 5372 Christum
1120 5307 1276 5372 vocat
1333 5315 1351 5346 ι
1378 5295 1692 5365 principem,
1750 5304 1804 5348 et
1858 5294 2059 5362 primu-

498 5366 1203 5432 genitumresurrectionis.
1236 5384 1256 5418 ι

598 5432 684 5498 79)
713 5432 848 5501 Ego.
869 5435 1026 5490 Joan.
1058 5451 1135 5499 at,
1166 5437 1256 5491 ‘25.

597 5501 685 5572 80)
724 5503 926 5558 Vetera.
969 5505 1013 5559 ll
1069 5507 1192 5561 Cor.
1229 5523 1282 5571 v,
1318 5507 1406 5560 17.

573 5575 688 5646 (ξε)
722 5573 862 5646 D_ia:i.
895 5575 1074 5646 Segm.
1107 5576 1205 5646 162
1227 5593 1278 5629 α.

576 5641 689 5715 (δὲ)
722 5641 1078 5715 Ειιαηαειὲἱια.
1119 5645 1308 5700 Matth.
1345 5662 1383 5710 I,
1412 5644 1503 5699 25.

575 5712 688 5784 (85)
729 5712 986 5771 Μαηέὶδδε
1016 5717 1289 5787 virginem.
1324 5715 1397 5770 Ita
1446 5713 1711 5781 accipiunt
1743 5718 1913 5774 sancti
1965 5713 2066 5767 Pa-

2217 3899 2778 3970 Συναντιλαμϐάνεται
2829 3899 2885 3951 δὲ
2918 3899 3069 3968 ἡμῖν,
3110 3895 3189 3958 είς
3231 3894 3324 3964 μὲν
3358 3890 3410 3942 τὸ
3442 3905 3458 3937 t
3489 3878 3648 3955 Πρωτᾶο

2148 4009 2304 4054 τοκος
2328 4011 2346 4042 ο
2413 3995 2507 4044 καὶ
2548 4010 2566 4042 ι
2591 3991 2920 4060 Μονογενὴς,
2948 4008 2966 4040 ι
3022 3987 3080 4040 τὸ
3115 3980 3463 4056 διηγήσασθαι
3498 3972 3649 4028 caveti-

2150 4084 2597 4154 αγγελιστὴν,ὅτι
2630 4084 2808 4153 ἔμεινε
2851 4081 3136 4153 παρθένος,
3183 4097 3202 4129 ι
3246 4079 3352 4138 ἕως
3414 4073 3542 4124 ἔτεκε
3587 4063 3648 4154 τόᾏ

2148 4172 2455 4242 Υίὸναὺτῆς
2479 4173 2568 4226 τὸν
2598 4173 2958 4244 πρωτότοκον.
2982 4190 2998 4220 ›
3038 4168 3171 4222 Οὔτε
3202 4167 3310 4237 γάρ
3336 4160 3553 4232 ἐγαμήθη
3580 4153 3650 4244 5ft"-

2149 4263 2181 4332 ἡ
2230 4261 2526 4331 τιμιωτέρα
2570 4263 2784 4314 πάντων
2834 4259 2927 4312 καὶ
2960 4257 3318 4324 εὐκλεεστάτη
3356 4248 3537 4320 Μαρία,
3573 4241 3650 4294 οὔτ’

2155 4353 2313 4406 ἄλλου
2347 4356 2527 4424 μήτηρ
2562 4351 2774 4420 ἐγένετὸ
2803 4368 2930 4402 ποτε
2951 4367 2964 4380 ·
3000 4350 3176 4420 ἔμεινε
3240 4347 3296 4399 δὲ
3323 4345 3411 4397 καὶ
3436 4339 3550 4411 μετὰ
3568 4350 3653 4385 m0-

2152 4445 2343 4516 φορίαν
2390 4445 2474 4496 ἀεὶ
2530 4445 2624 4497 καὶ
2666 4443 2752 4495 διὰ
2801 4441 2998 4503 παντὸς
3049 4439 3276 4509 ἄμωμος
3306 4433 3556 4504 παρθένος,
3591 4424 3653 4476 καὶ

2153 4538 2300 4607 ὅμως
2321 4535 2445 4605 [165
2471 4535 2521 4606 ὁ]
2576 4537 2910 4604 πρωτότοκος
2949 4531 3118 4599 αὐτῆς
3161 4531 3188 4580 ὁ
3236 4528 3440 4587 πλάσας
3461 4522 3653 4607 αὑτήν

2157 4606 2250 4682 καὶ
2275 4629 2478 4690 πάντας
2507 4627 2605 4680 οὐκ
2627 4625 2832 4693 ἀλόγως
2885 4622 3106 4693 ἐκλήθη.
3138 4622 3231 4683 Εἰς
3252 4619 3310 4672 δὲ
3347 4618 3422 4679 τὸ,
3456 4635 3472 4666 ι
3493 4606 3654 4681 Πρωτά-

2167 4813 2275 4858 tres
2311 4802 2542 4856 Matthxi
2575 4801 2778 4855 verba:
2815 4818 2834 4851 ι
2862 4799 2927 4872 Et
2983 4814 3087 4853 non
3137 4795 3652 4872 cognoscebateaﬂl

2161 4855 2492 4941 Epiphanius
2533 4886 2664 4925 vero
2713 4871 3004 4941 monachus
3051 4883 3114 4922 ac
3165 4855 3446 4941 presbyter
3483 4861 3526 4913 in
3553 4855 3659 4941 libro

2161 4929 2361 4996 itietiito
2406 4941 2545 5009 Περὶ
2583 4941 2689 5012 τ’ορ
2721 4940 2866 5012 ,ϐίον
2898 4936 3008 5012 τῆς
3037 4929 3364 5012 ὑίτεραγίαξι
3409 4929 3658 5012 Θεοτόκοικ

2167 5015 2216 5066 id
2245 5024 2347 5078 est,
2375 5030 2393 5063 ι
2424 5007 2616 5065 devita
2656 5009 3024 5081 Sanctissitua:
3071 5007 3332 5081 Deipara',
3372 5023 3388 5054 ι
3410 5007 3502 5081 ,εἰς
3516 5013 3577 5074 ω.
3601 5011 3659 5081 Il]:

2169 5063 2361 5151 telligiyt
2393 5100 2406 5136 :
2462 5063 2560 5135 οὐκ
2596 5079 2857 5148 ἐγίνωσκε
2909 5080 2976 5131 τὰ
3023 5063 3296 5151 μυστήρια
3322 5063 3438 5126 ’τοῦ
3469 5063 3660 5151 Θεοῦκξκί

2173 5136 2330 5216 estin
2363 5167 2465 5204 non
2502 5136 2720 5203 uuveiat
2747 5151 2998 5218 mysteria
3023 5136 3143 5201 'Dei.
3178 5136 3578 5218 {Exstatautem

2173 5211 2310 5276 liber
2339 5223 2388 5273 iu
2420 5221 2648 5288 quodam
2671 5234 2734 5272 ex
2757 5211 3016 5272 Nauianis
3037 5217 3314 5288 codicibus
3340 5211 3660 5288 membraneis-

2231 5292 2341 5360 (84)
2383 5275 2660 5360 Semper...
2691 5292 2855 5360 uirgo.
2893 5286 3372 5360 Eodent_modo_de
3399 5275 3665 5360 beata

2162 5354 2283 5430 gine
2326 5354 2585 5430 'loquitur”
2611 5354 2928 5430 Ambrosius
2975 5357 3035 5430 in
3079 5357 3212 5430 libro
3393 5354 3664 5430 institutos:

2160 5423 2375 5500 eirginis
2400 5423 2528 5497 'cap.
2553 5429 2613 5500 Δ6,
2644 5443 2762 5497 pag.
2788 5427 2914 5500 ego.
2940 5426 3135 5500 aliique
3169 5428 3230 5500 λι)
3274 5423 3574 5489 HierOnymo

2164 5493 2260 5554 tati
2291 5501 2339 5552 in
2371 5493 2504 5552 libro
2529 5493 2789 5551 Adversus
2816 5493 3131 5550 Helvidium.
3162 5493 3423 5548 Caeterum
3450 5493 3667 5566 ullum}?

2163 5571 2353 5638 dogma
2387 5567 2709 5622 catholicum
2741 5565 3091 5638 deperpetua
3131 5566 3370 5638 Qeipara:
3395 5560 3666 5638 virginitate

2163 5632 2339 5708 plures
2369 5638 2796 5710 anterDydi-mum
2823 5632 3008 5710 Patres
3044 5633 3378 5710 tradiderim,
3434 5632 3664 5710 pauci

2165 5699 2284 5764 iuen
2305 5716 2427 5764 ante
2455 5699 2602 5764 illum
2645 5705 3047 5777 ’Λειπαρθένου,
3072 5705 3221 5760 idest
3259 5718 3278 5751 ι
3312 5699 3527 5767 Semper
3547 5699 3669 5759 virat-
