  <div class='ocr_page' id='page_1' title='image "/cluster/home/n/w/nwhite01/storage/ocr_20150623/39/hvd.32044019207778/425.png"; bbox 0 0 3716 6340; ppageno 0'>
   <div class='ocr_carea' id='block_1_1' title="bbox 428 281 536 335">
    <p class='ocr_par' dir='ltr' id='par_1_1' title="bbox 428 281 536 335">
     <span class='ocr_line' id='line_1_1' title="bbox 428 281 536 335; baseline 0.009 -1"><span class='ocrx_word' id='word_1_1' title='bbox 428 281 536 335; x_wconf 76' lang='lat'><strong>855</strong></span> 
     </span>
    </p>
   </div>
   <div class='ocr_carea' id='block_1_2' title="bbox 1699 269 3626 337">
    <p class='ocr_par' dir='ltr' id='par_1_2' title="bbox 1699 269 3626 337">
     <span class='ocr_line' id='line_1_2' title="bbox 1699 269 3626 337; baseline 0.001 -11"><span class='ocrx_word' id='word_1_2' title='bbox 1699 269 1934 328; x_wconf 78' lang='lat' dir='ltr'><strong>DIDYMI</strong></span> <span class='ocrx_word' id='word_1_3' title='bbox 1966 271 2430 328; x_wconf 76' lang='lat' dir='ltr'><strong>ALEXANDRINI</strong></span> <span class='ocrx_word' id='word_1_4' title='bbox 3539 281 3626 337; x_wconf 63' lang='grc' dir='ltr'><em>η</em></span> 
     </span>
    </p>
   </div>
   <div class='ocr_carea' id='block_1_3' title="bbox 429 387 2005 471">
    <p class='ocr_par' dir='ltr' id='par_1_3' title="bbox 429 393 1994 470">
     <span class='ocr_line' id='line_1_3' title="bbox 429 393 1994 470; baseline -0.007 -15"><span class='ocrx_word' id='word_1_5' title='bbox 429 403 482 455; x_wconf 87' lang='lat' dir='ltr'><strong>in</strong></span> <span class='ocrx_word' id='word_1_6' title='bbox 508 401 813 470; x_wconf 86' lang='lat' dir='ltr'><strong>ipsocreata</strong></span> <span class='ocrx_word' id='word_1_7' title='bbox 840 403 990 460; x_wconf 92' lang='lat' dir='ltr'><strong>sunt,</strong></span> <span class='ocrx_word' id='word_1_8' title='bbox 1015 395 1198 466; x_wconf 87' lang='lat' dir='ltr'><strong>etipse</strong></span> <span class='ocrx_word' id='word_1_9' title='bbox 1219 401 1302 448; x_wconf 88' lang='lat' dir='ltr'><strong>est</strong></span> <span class='ocrx_word' id='word_1_10' title='bbox 1330 400 1456 448; x_wconf 99' lang='lat' dir='ltr'><strong>ante</strong></span> <span class='ocrx_word' id='word_1_11' title='bbox 1481 393 1686 460; x_wconf 86' lang='lat' dir='ltr'><strong>omnia,</strong></span> <span class='ocrx_word' id='word_1_12' title='bbox 1716 401 1771 446; x_wconf 92' lang='lat' dir='ltr'><strong>et</strong></span> <span class='ocrx_word' id='word_1_13' title='bbox 1799 399 1994 446; x_wconf 78' lang='lat' dir='ltr'><strong>omnia</strong></span> 
     </span>
    </p>
   </div>
   <div class='ocr_carea' id='block_1_4' title="bbox 2110 387 3619 471">
    <p class='ocr_par' dir='ltr' id='par_1_4' title="bbox 2110 387 3619 471">
     <span class='ocr_line' id='line_1_4' title="bbox 2110 387 3619 471; baseline 0.005 -28"><span class='ocrx_word' id='word_1_14' title='bbox 2110 391 2493 462; x_wconf 73' lang='grc' dir='ltr'>ιΗρωτότσκος</span> <span class='ocrx_word' id='word_1_15' title='bbox 2527 391 2705 461; x_wconf 83' lang='grc' dir='ltr'><strong>πάσης</strong></span> <span class='ocrx_word' id='word_1_16' title='bbox 2739 388 2991 454; x_wconf 82' lang='grc' dir='ltr'><strong>κτίσεως,</strong></span> <span class='ocrx_word' id='word_1_17' title='bbox 3018 409 3035 439; x_wconf 78' lang='grc' dir='ltr'><strong>ι</strong></span> <span class='ocrx_word' id='word_1_18' title='bbox 3065 387 3147 442; x_wconf 81' lang='grc' dir='ltr'>ὅτι</span> <span class='ocrx_word' id='word_1_19' title='bbox 3174 392 3230 444; x_wconf 83' lang='grc' dir='ltr'>ὲν</span> <span class='ocrx_word' id='word_1_20' title='bbox 3265 392 3412 463; x_wconf 80' lang='grc' dir='ltr'>αὐτῷ</span> <span class='ocrx_word' id='word_1_21' title='bbox 3435 393 3619 471; x_wconf 68' lang='grc' dir='ltr'>ἐκτίσθη</span> 
     </span>
    </p>
   </div>
   <div class='ocr_carea' id='block_1_5' title="bbox 428 485 1982 556">
    <p class='ocr_par' dir='ltr' id='par_1_5' title="bbox 428 485 1982 556">
     <span class='ocr_line' id='line_1_5' title="bbox 428 485 1982 556; baseline -0.007 -9"><span class='ocrx_word' id='word_1_22' title='bbox 428 494 484 547; x_wconf 91' lang='lat' dir='ltr'><strong>in</strong></span> <span class='ocrx_word' id='word_1_23' title='bbox 527 493 646 554; x_wconf 86' lang='lat' dir='ltr'><strong>ipso</strong></span> <span class='ocrx_word' id='word_1_24' title='bbox 681 497 947 544; x_wconf 87' lang='lat' dir='ltr'><strong>constant.</strong></span> <span class='ocrx_word' id='word_1_25' title='bbox 987 508 1006 541; x_wconf 76' lang='grc' dir='ltr'><strong>ι</strong></span> <span class='ocrx_word' id='word_1_26' title='bbox 1040 487 1212 556; x_wconf 85' lang='lat' dir='ltr'><strong>Atque</strong></span> <span class='ocrx_word' id='word_1_27' title='bbox 1243 488 1311 541; x_wconf 93' lang='lat' dir='ltr'><strong>ob</strong></span> <span class='ocrx_word' id='word_1_28' title='bbox 1348 486 1489 539; x_wconf 89' lang='lat' dir='ltr'><strong>hanc</strong></span> <span class='ocrx_word' id='word_1_29' title='bbox 1517 485 1692 538; x_wconf 76' lang='lat' dir='ltr'><strong>solum</strong></span> <span class='ocrx_word' id='word_1_30' title='bbox 1722 485 1982 538; x_wconf 85' lang='lat' dir='ltr'><strong>rationem</strong></span> 
     </span>
    </p>
   </div>
   <div class='ocr_carea' id='block_1_6' title="bbox 427 577 1990 651">
    <p class='ocr_par' dir='ltr' id='par_1_6' title="bbox 427 577 1990 651">
     <span class='ocr_line' id='line_1_6' title="bbox 427 577 1990 651; baseline -0.006 -12"><span class='ocrx_word' id='word_1_31' title='bbox 427 585 527 649; x_wconf 75' lang='lat' dir='ltr'><strong>ait,</strong></span> <span class='ocrx_word' id='word_1_32' title='bbox 559 603 577 634; x_wconf 76' lang='grc' dir='ltr'><strong>ι</strong></span> <span class='ocrx_word' id='word_1_33' title='bbox 608 582 1008 651; x_wconf 80' lang='lat' dir='ltr'><strong>Primogenitus</strong></span> <span class='ocrx_word' id='word_1_34' title='bbox 1031 581 1208 634; x_wconf 76' lang='lat' dir='ltr'><strong>onis</strong></span> <span class='ocrx_word' id='word_1_35' title='bbox 1227 587 1510 643; x_wconf 71' lang='lat' dir='ltr'><strong>creaturae,</strong></span> <span class='ocrx_word' id='word_1_36' title='bbox 1538 579 1618 630; x_wconf 84' lang='grc' dir='ltr'>ὅτι</span> <span class='ocrx_word' id='word_1_37' title='bbox 1645 577 1721 647; x_wconf 88' lang='lat' dir='ltr'><strong>(id</strong></span> <span class='ocrx_word' id='word_1_38' title='bbox 1745 587 1824 631; x_wconf 89' lang='lat' dir='ltr'><strong>est</strong></span> <span class='ocrx_word' id='word_1_39' title='bbox 1852 592 1990 646; x_wconf 90' lang='lat' dir='ltr'><strong>quo-</strong></span> 
     </span>
    </p>
   </div>
   <div class='ocr_carea' id='block_1_7' title="bbox 429 668 1992 746">
    <p class='ocr_par' dir='ltr' id='par_1_7' title="bbox 429 668 1992 746">
     <span class='ocr_line' id='line_1_7' title="bbox 429 668 1992 746; baseline -0.006 -17"><span class='ocrx_word' id='word_1_40' title='bbox 429 675 600 746; x_wconf 60' lang='lat' dir='ltr'><strong>ubi»)</strong></span> <span class='ocrx_word' id='word_1_41' title='bbox 631 675 691 728; x_wconf 82' lang='lat' dir='ltr'><strong>in</strong></span> <span class='ocrx_word' id='word_1_42' title='bbox 721 674 836 741; x_wconf 83' lang='lat' dir='ltr'><strong>ipso</strong></span> <span class='ocrx_word' id='word_1_43' title='bbox 887 682 1067 727; x_wconf 86' lang='lat' dir='ltr'><strong>creata</strong></span> <span class='ocrx_word' id='word_1_44' title='bbox 1108 680 1233 724; x_wconf 91' lang='lat' dir='ltr'><strong>sunt</strong></span> <span class='ocrx_word' id='word_1_45' title='bbox 1288 671 1489 736; x_wconf 86' lang='lat' dir='ltr'><strong>omnia,</strong></span> <span class='ocrx_word' id='word_1_46' title='bbox 1550 669 1593 722; x_wconf 88' lang='lat' dir='ltr'><strong>si</strong></span> <span class='ocrx_word' id='word_1_47' title='bbox 1633 682 1733 721; x_wconf 79' lang='lat' dir='ltr'><strong>vox</strong></span> <span class='ocrx_word' id='word_1_48' title='bbox 1775 668 1857 720; x_wconf 81' lang='grc' dir='ltr'>ὅτι</span> <span class='ocrx_word' id='word_1_49' title='bbox 1895 683 1992 735; x_wconf 92' lang='lat' dir='ltr'><strong>pro</strong></span> 
     </span>
    </p>
   </div>
   <div class='ocr_carea' id='block_1_8' title="bbox 426 759 1995 832">
    <p class='ocr_par' dir='ltr' id='par_1_8' title="bbox 426 759 1995 832">
     <span class='ocr_line' id='line_1_8' title="bbox 426 759 1995 832; baseline -0.004 -16"><span class='ocrx_word' id='word_1_50' title='bbox 426 765 583 830; x_wconf 64' lang='grc' dir='ltr'>διότι,</span> <span class='ocrx_word' id='word_1_51' title='bbox 618 765 720 818; x_wconf 89' lang='lat' dir='ltr'><strong>hoc</strong></span> <span class='ocrx_word' id='word_1_52' title='bbox 751 772 835 818; x_wconf 83' lang='lat' dir='ltr'><strong>est</strong></span> <span class='ocrx_word' id='word_1_53' title='bbox 863 763 1004 832; x_wconf 88' lang='lat' dir='ltr'><strong>quia,</strong></span> <span class='ocrx_word' id='word_1_54' title='bbox 1037 772 1121 814; x_wconf 89' lang='lat' dir='ltr'><strong>aut</strong></span> <span class='ocrx_word' id='word_1_55' title='bbox 1144 759 1453 830; x_wconf 73' lang='grc' dir='ltr'>ιιι-οὲπειδή,</span> <span class='ocrx_word' id='word_1_56' title='bbox 1475 759 1526 813; x_wconf 95' lang='lat' dir='ltr'><strong>id</strong></span> <span class='ocrx_word' id='word_1_57' title='bbox 1561 767 1643 812; x_wconf 88' lang='lat' dir='ltr'><strong>est</strong></span> <span class='ocrx_word' id='word_1_58' title='bbox 1668 759 1995 829; x_wconf 83' lang='lat' dir='ltr'><strong>quandoqui-</strong></span> 
     </span>
    </p>
   </div>
   <div class='ocr_carea' id='block_1_9' title="bbox 429 851 1996 920">
    <p class='ocr_par' dir='ltr' id='par_1_9' title="bbox 429 851 1996 920">
     <span class='ocr_line' id='line_1_9' title="bbox 429 851 1996 920; baseline -0.004 -11"><span class='ocrx_word' id='word_1_59' title='bbox 429 861 567 918; x_wconf 80' lang='lat' dir='ltr'><strong>dem,</strong></span> <span class='ocrx_word' id='word_1_60' title='bbox 605 872 736 910; x_wconf 88' lang='lat' dir='ltr'><strong>sano</strong></span> <span class='ocrx_word' id='word_1_61' title='bbox 771 871 930 909; x_wconf 90' lang='lat' dir='ltr'><strong>sensu</strong></span> <span class='ocrx_word' id='word_1_62' title='bbox 989 853 1317 920; x_wconf 84' lang='lat' dir='ltr'><strong>intelligatur</strong></span> <span class='ocrx_word' id='word_1_63' title='bbox 1347 870 1360 904; x_wconf 93' lang='lat'><strong>:</strong></span> <span class='ocrx_word' id='word_1_64' title='bbox 1394 865 1495 903; x_wconf 89' lang='lat' dir='ltr'><strong>nec</strong></span> <span class='ocrx_word' id='word_1_65' title='bbox 1525 851 1667 904; x_wconf 91' lang='lat' dir='ltr'><strong>enim</strong></span> <span class='ocrx_word' id='word_1_66' title='bbox 1711 853 1996 904; x_wconf 81' lang='lat' dir='ltr'><strong>exsisteret</strong></span> 
     </span>
    </p>
   </div>
   <div class='ocr_carea' id='block_1_10' title="bbox 432 937 1993 1006">
    <p class='ocr_par' dir='ltr' id='par_1_10' title="bbox 432 937 1993 1006">
     <span class='ocr_line' id='line_1_10' title="bbox 432 937 1993 1006; baseline -0.007 -5"><span class='ocrx_word' id='word_1_67' title='bbox 432 963 611 1001; x_wconf 89' lang='lat' dir='ltr'><strong>rerum</strong></span> <span class='ocrx_word' id='word_1_68' title='bbox 645 944 985 1006; x_wconf 81' lang='lat' dir='ltr'><strong>universitas,</strong></span> <span class='ocrx_word' id='word_1_69' title='bbox 1019 957 1114 995; x_wconf 91' lang='lat' dir='ltr'><strong>nec</strong></span> <span class='ocrx_word' id='word_1_70' title='bbox 1154 941 1319 994; x_wconf 62' lang='lat' dir='ltr'><strong>illaesa</strong></span> <span class='ocrx_word' id='word_1_71' title='bbox 1366 947 1626 1003; x_wconf 87' lang='lat' dir='ltr'><strong>maneret,</strong></span> <span class='ocrx_word' id='word_1_72' title='bbox 1655 937 1756 991; x_wconf 91' lang='lat' dir='ltr'><strong>nisi</strong></span> <span class='ocrx_word' id='word_1_73' title='bbox 1813 938 1993 991; x_wconf 83' lang='lat' dir='ltr'><strong>basem</strong></span> 
     </span>
    </p>
   </div>
   <div class='ocr_carea' id='block_1_11' title="bbox 431 1027 1994 1110">
    <p class='ocr_par' dir='ltr' id='par_1_11' title="bbox 431 1027 1994 1110">
     <span class='ocr_line' id='line_1_11' title="bbox 431 1027 1994 1110; baseline -0.007 -17"><span class='ocrx_word' id='word_1_74' title='bbox 431 1036 547 1110; x_wconf 87' lang='lat'><strong>(95)</strong></span> <span class='ocrx_word' id='word_1_75' title='bbox 579 1051 643 1108; x_wconf 0' lang='lat' dir='ltr'><strong>(ac</strong></span> <span class='ocrx_word' id='word_1_76' title='bbox 692 1034 1094 1088; x_wconf 79' lang='lat' dir='ltr'><strong>fundamentum</strong></span> <span class='ocrx_word' id='word_1_77' title='bbox 1131 1032 1352 1085; x_wconf 85' lang='lat' dir='ltr'><strong>haberet</strong></span> <span class='ocrx_word' id='word_1_78' title='bbox 1402 1029 1752 1084; x_wconf 84' lang='lat' dir='ltr'><strong>Conditorem</strong></span> <span class='ocrx_word' id='word_1_79' title='bbox 1796 1027 1994 1082; x_wconf 90' lang='lat' dir='ltr'><strong>Filium</strong></span> 
     </span>
    </p>
   </div>
   <div class='ocr_carea' id='block_1_12' title="bbox 433 1121 1994 1194">
    <p class='ocr_par' dir='ltr' id='par_1_12' title="bbox 433 1121 1994 1194">
     <span class='ocr_line' id='line_1_12' title="bbox 433 1121 1994 1194; baseline -0.006 -10"><span class='ocrx_word' id='word_1_80' title='bbox 433 1132 525 1185; x_wconf 85' lang='lat' dir='ltr'><strong>Dei</strong></span> <span class='ocrx_word' id='word_1_81' title='bbox 555 1130 806 1192; x_wconf 79' lang='lat' dir='ltr'><strong>Verbum,</strong></span> <span class='ocrx_word' id='word_1_82' title='bbox 853 1137 906 1179; x_wconf 90' lang='lat' dir='ltr'><strong>et</strong></span> <span class='ocrx_word' id='word_1_83' title='bbox 955 1125 1008 1178; x_wconf 92' lang='lat' dir='ltr'><strong>in</strong></span> <span class='ocrx_word' id='word_1_84' title='bbox 1066 1124 1182 1194; x_wconf 88' lang='lat' dir='ltr'><strong>ipso</strong></span> <span class='ocrx_word' id='word_1_85' title='bbox 1240 1124 1582 1176; x_wconf 89' lang='lat' dir='ltr'><strong>inniteretur.</strong></span> <span class='ocrx_word' id='word_1_86' title='bbox 1639 1121 1843 1176; x_wconf 86' lang='lat' dir='ltr'><strong>Idcirco</strong></span> <span class='ocrx_word' id='word_1_87' title='bbox 1890 1137 1994 1176; x_wconf 93' lang='lat' dir='ltr'><strong>non</strong></span> 
     </span>
    </p>
   </div>
   <div class='ocr_carea' id='block_1_13' title="bbox 434 1213 1994 1285">
    <p class='ocr_par' dir='ltr' id='par_1_13' title="bbox 434 1213 1994 1285">
     <span class='ocr_line' id='line_1_13' title="bbox 434 1213 1994 1285; baseline -0.007 -11"><span class='ocrx_word' id='word_1_88' title='bbox 434 1220 590 1284; x_wconf 84' lang='lat' dir='ltr'><strong>dixit,</strong></span> <span class='ocrx_word' id='word_1_89' title='bbox 627 1219 1037 1285; x_wconf 89' lang='lat' dir='ltr'><strong>primocreatus,</strong></span> <span class='ocrx_word' id='word_1_90' title='bbox 1066 1214 1158 1268; x_wconf 86' lang='lat' dir='ltr'><strong>sed</strong></span> <span class='ocrx_word' id='word_1_91' title='bbox 1193 1231 1211 1264; x_wconf 83' lang='grc' dir='ltr'><strong>ι</strong></span> <span class='ocrx_word' id='word_1_92' title='bbox 1246 1213 1656 1283; x_wconf 77' lang='lat' dir='ltr'><strong>primogenitus,</strong></span> <span class='ocrx_word' id='word_1_93' title='bbox 1686 1230 1706 1263; x_wconf 76' lang='grc' dir='ltr'><strong>ι</strong></span> <span class='ocrx_word' id='word_1_94' title='bbox 1745 1227 1842 1266; x_wconf 89' lang='lat' dir='ltr'><strong>nec</strong></span> <span class='ocrx_word' id='word_1_95' title='bbox 1874 1213 1950 1265; x_wconf 88' lang='lat' dir='ltr'><strong>ait</strong></span> <span class='ocrx_word' id='word_1_96' title='bbox 1979 1227 1994 1264; x_wconf 90' lang='lat'><strong>:</strong></span> 
     </span>
    </p>
   </div>
   <div class='ocr_carea' id='block_1_14' title="bbox 432 1304 1997 1381">
    <p class='ocr_par' dir='ltr' id='par_1_14' title="bbox 432 1304 1997 1381">
     <span class='ocr_line' id='line_1_14' title="bbox 432 1304 1997 1381; baseline -0.003 -18"><span class='ocrx_word' id='word_1_97' title='bbox 432 1310 552 1381; x_wconf 90' lang='lat' dir='ltr'><strong>Ipse</strong></span> <span class='ocrx_word' id='word_1_98' title='bbox 587 1310 758 1362; x_wconf 83' lang='lat' dir='ltr'><strong>factus</strong></span> <span class='ocrx_word' id='word_1_99' title='bbox 803 1317 884 1360; x_wconf 91' lang='lat' dir='ltr'><strong>est</strong></span> <span class='ocrx_word' id='word_1_100' title='bbox 915 1318 1038 1360; x_wconf 86' lang='lat' dir='ltr'><strong>ante</strong></span> <span class='ocrx_word' id='word_1_101' title='bbox 1091 1305 1293 1370; x_wconf 86' lang='lat' dir='ltr'><strong>omnia,</strong></span> <span class='ocrx_word' id='word_1_102' title='bbox 1337 1305 1451 1368; x_wconf 89' lang='lat' dir='ltr'><strong>sed,</strong></span> <span class='ocrx_word' id='word_1_103' title='bbox 1507 1322 1526 1355; x_wconf 82' lang='grc' dir='ltr'><strong>ι</strong></span> <span class='ocrx_word' id='word_1_104' title='bbox 1561 1304 1676 1373; x_wconf 84' lang='lat' dir='ltr'><strong>Ipse</strong></span> <span class='ocrx_word' id='word_1_105' title='bbox 1728 1313 1812 1359; x_wconf 90' lang='lat' dir='ltr'><strong>est</strong></span> <span class='ocrx_word' id='word_1_106' title='bbox 1872 1312 1997 1358; x_wconf 88' lang='lat' dir='ltr'><strong>ante</strong></span> 
     </span>
    </p>
   </div>
   <div class='ocr_carea' id='block_1_15' title="bbox 434 1395 1997 1464">
    <p class='ocr_par' dir='ltr' id='par_1_15' title="bbox 434 1395 1997 1464">
     <span class='ocr_line' id='line_1_15' title="bbox 434 1395 1997 1464; baseline -0.004 -9"><span class='ocrx_word' id='word_1_107' title='bbox 434 1401 641 1464; x_wconf 86' lang='lat' dir='ltr'><strong>omnia,</strong></span> <span class='ocrx_word' id='word_1_108' title='bbox 672 1419 690 1452; x_wconf 74' lang='grc' dir='ltr'><strong>ι</strong></span> <span class='ocrx_word' id='word_1_109' title='bbox 729 1399 783 1453; x_wconf 89' lang='lat' dir='ltr'><strong>id</strong></span> <span class='ocrx_word' id='word_1_110' title='bbox 824 1407 927 1463; x_wconf 89' lang='lat' dir='ltr'><strong>est,</strong></span> <span class='ocrx_word' id='word_1_111' title='bbox 957 1399 1023 1451; x_wconf 90' lang='lat' dir='ltr'><strong>ab</strong></span> <span class='ocrx_word' id='word_1_112' title='bbox 1050 1409 1270 1451; x_wconf 58' lang='lat' dir='ltr'><strong>aeterno.</strong></span> <span class='ocrx_word' id='word_1_113' title='bbox 1331 1395 1463 1448; x_wconf 85' lang='lat' dir='ltr'><strong>Nam</strong></span> <span class='ocrx_word' id='word_1_114' title='bbox 1497 1395 1549 1449; x_wconf 92' lang='lat' dir='ltr'><strong>in</strong></span> <span class='ocrx_word' id='word_1_115' title='bbox 1587 1406 1778 1449; x_wconf 90' lang='lat' dir='ltr'><strong>natura</strong></span> <span class='ocrx_word' id='word_1_116' title='bbox 1805 1395 1997 1448; x_wconf 72' lang='lat' dir='ltr'><strong>ineffa-</strong></span> 
     </span>
    </p>
   </div>
   <div class='ocr_carea' id='block_1_16' title="bbox 431 1482 1997 1556">
    <p class='ocr_par' dir='ltr' id='par_1_16' title="bbox 431 1482 1997 1556">
     <span class='ocr_line' id='line_1_16' title="bbox 431 1482 1997 1556; baseline -0.007 -10"><span class='ocrx_word' id='word_1_117' title='bbox 431 1490 528 1546; x_wconf 78' lang='lat' dir='ltr'><strong>bili</strong></span> <span class='ocrx_word' id='word_1_118' title='bbox 557 1503 716 1544; x_wconf 89' lang='lat' dir='ltr'><strong>onme</strong></span> <span class='ocrx_word' id='word_1_119' title='bbox 759 1499 966 1556; x_wconf 86' lang='lat' dir='ltr'><strong>tempus</strong></span> <span class='ocrx_word' id='word_1_120' title='bbox 993 1495 1076 1539; x_wconf 90' lang='lat' dir='ltr'><strong>est</strong></span> <span class='ocrx_word' id='word_1_121' title='bbox 1107 1485 1335 1549; x_wconf 83' lang='lat' dir='ltr'><strong>instans,</strong></span> <span class='ocrx_word' id='word_1_122' title='bbox 1370 1493 1424 1537; x_wconf 87' lang='lat' dir='ltr'><strong>et</strong></span> <span class='ocrx_word' id='word_1_123' title='bbox 1454 1484 1506 1536; x_wconf 92' lang='lat' dir='ltr'><strong>in</strong></span> <span class='ocrx_word' id='word_1_124' title='bbox 1544 1482 1792 1551; x_wconf 66' lang='lat' dir='ltr'><strong>prmseuti</strong></span> <span class='ocrx_word' id='word_1_125' title='bbox 1824 1485 1997 1544; x_wconf 86' lang='lat' dir='ltr'><strong>adest,</strong></span> 
     </span>
    </p>
   </div>
   <div class='ocr_carea' id='block_1_17' title="bbox 435 1572 1993 1650">
    <p class='ocr_par' dir='ltr' id='par_1_17' title="bbox 435 1572 1993 1650">
     <span class='ocr_line' id='line_1_17' title="bbox 435 1572 1993 1650; baseline -0.006 -15"><span class='ocrx_word' id='word_1_126' title='bbox 435 1597 610 1650; x_wconf 89' lang='lat' dir='ltr'><strong>neque</strong></span> <span class='ocrx_word' id='word_1_127' title='bbox 644 1580 696 1633; x_wconf 93' lang='lat' dir='ltr'><strong>in</strong></span> <span class='ocrx_word' id='word_1_128' title='bbox 749 1579 834 1631; x_wconf 89' lang='lat' dir='ltr'><strong>illa</strong></span> <span class='ocrx_word' id='word_1_129' title='bbox 884 1577 1213 1647; x_wconf 74' lang='lat' dir='ltr'><strong>prmteritum</strong></span> <span class='ocrx_word' id='word_1_130' title='bbox 1243 1583 1324 1629; x_wconf 90' lang='lat' dir='ltr'><strong>est</strong></span> <span class='ocrx_word' id='word_1_131' title='bbox 1356 1574 1670 1644; x_wconf 89' lang='lat' dir='ltr'><strong>quidquam,</strong></span> <span class='ocrx_word' id='word_1_132' title='bbox 1703 1589 1800 1628; x_wconf 87' lang='lat' dir='ltr'><strong>nec</strong></span> <span class='ocrx_word' id='word_1_133' title='bbox 1852 1572 1993 1626; x_wconf 87' lang='lat' dir='ltr'><strong>futu-</strong></span> 
     </span>
    </p>
   </div>
   <div class='ocr_carea' id='block_1_18' title="bbox 434 1665 2001 1739">
    <p class='ocr_par' dir='ltr' id='par_1_18' title="bbox 434 1665 2001 1739">
     <span class='ocr_line' id='line_1_18' title="bbox 434 1665 2001 1739; baseline -0.008 -11"><span class='ocrx_word' id='word_1_134' title='bbox 434 1689 588 1739; x_wconf 87' lang='lat' dir='ltr'><strong>rum;</strong></span> <span class='ocrx_word' id='word_1_135' title='bbox 654 1672 746 1727; x_wconf 88' lang='lat' dir='ltr'><strong>sed</strong></span> <span class='ocrx_word' id='word_1_136' title='bbox 793 1672 844 1724; x_wconf 92' lang='lat' dir='ltr'><strong>in</strong></span> <span class='ocrx_word' id='word_1_137' title='bbox 890 1685 996 1723; x_wconf 91' lang='lat' dir='ltr'><strong>uno</strong></span> <span class='ocrx_word' id='word_1_138' title='bbox 1067 1677 1306 1737; x_wconf 89' lang='lat' dir='ltr'><strong>tempore</strong></span> <span class='ocrx_word' id='word_1_139' title='bbox 1361 1665 1757 1734; x_wconf 87' lang='lat' dir='ltr'><strong>quodammodo</strong></span> <span class='ocrx_word' id='word_1_140' title='bbox 1804 1665 2001 1732; x_wconf 84' lang='lat' dir='ltr'><strong>degunt</strong></span> 
     </span>
    </p>
   </div>
   <div class='ocr_carea' id='block_1_19' title="bbox 2095 481 3620 561">
    <p class='ocr_par' dir='ltr' id='par_1_19' title="bbox 2095 481 3620 561">
     <span class='ocr_line' id='line_1_19' title="bbox 2095 481 3620 561; baseline 0.001 -25"><span class='ocrx_word' id='word_1_141' title='bbox 2095 485 2162 537; x_wconf 75' lang='grc' dir='ltr'>τὰ</span> <span class='ocrx_word' id='word_1_142' title='bbox 2199 484 2403 546; x_wconf 80' lang='grc' dir='ltr'>πάντα,</span> <span class='ocrx_word' id='word_1_143' title='bbox 2453 484 2589 553; x_wconf 87' lang='grc' dir='ltr'>τῆς,</span> <span class='ocrx_word' id='word_1_144' title='bbox 2637 483 2756 547; x_wconf 78' lang='grc' dir='ltr'>ὅτι,</span> <span class='ocrx_word' id='word_1_145' title='bbox 2802 481 2998 548; x_wconf 81' lang='grc' dir='ltr'>λέξεως</span> <span class='ocrx_word' id='word_1_146' title='bbox 3038 483 3159 535; x_wconf 75' lang='grc' dir='ltr'>ἀντὶ</span> <span class='ocrx_word' id='word_1_147' title='bbox 3214 484 3337 554; x_wconf 80' lang='grc' dir='ltr'>τῆς,</span> <span class='ocrx_word' id='word_1_148' title='bbox 3385 486 3620 561; x_wconf 46' lang='lat' dir='ltr'><strong>amet,</strong></span> 
     </span>
    </p>
   </div>
   <div class='ocr_carea' id='block_1_20' title="bbox 2097 573 3616 653">
    <p class='ocr_par' dir='ltr' id='par_1_20' title="bbox 2097 573 3616 653">
     <span class='ocr_line' id='line_1_20' title="bbox 2097 573 3616 653; baseline 0.015 -25"><span class='ocrx_word' id='word_1_149' title='bbox 2097 576 2318 645; x_wconf 80' lang='grc' dir='ltr'>ἐπειδὴ,</span> <span class='ocrx_word' id='word_1_150' title='bbox 2361 574 2528 643; x_wconf 78' lang='grc' dir='ltr'>ὑγιῶς</span> <span class='ocrx_word' id='word_1_151' title='bbox 2575 574 2902 644; x_wconf 83' lang='grc' dir='ltr'><strong>νοουμένης·</strong></span> <span class='ocrx_word' id='word_1_152' title='bbox 2947 573 3007 626; x_wconf 75' lang='grc' dir='ltr'>οὐ</span> <span class='ocrx_word' id='word_1_153' title='bbox 3053 573 3162 643; x_wconf 78' lang='grc' dir='ltr'>γὰρ</span> <span class='ocrx_word' id='word_1_154' title='bbox 3209 574 3272 628; x_wconf 80' lang='grc' dir='ltr'>ἂν</span> <span class='ocrx_word' id='word_1_155' title='bbox 3319 575 3616 653; x_wconf 63' lang='grc' dir='ltr'>ὑπῆρχεννι</span> 
     </span>
    </p>
   </div>
   <div class='ocr_carea' id='block_1_21' title="bbox 2096 664 3621 742">
    <p class='ocr_par' dir='ltr' id='par_1_21' title="bbox 2096 664 3621 742">
     <span class='ocr_line' id='line_1_21' title="bbox 2096 664 3621 742; baseline -0.001 -21"><span class='ocrx_word' id='word_1_156' title='bbox 2096 668 2360 738; x_wconf 73' lang='grc' dir='ltr'><strong>διέμεινεν</strong></span> <span class='ocrx_word' id='word_1_157' title='bbox 2407 665 2636 737; x_wconf 79' lang='grc' dir='ltr'>ἀϐλαϐῆ,</span> <span class='ocrx_word' id='word_1_158' title='bbox 2670 668 2718 718; x_wconf 77' lang='grc' dir='ltr'>εἰ</span> <span class='ocrx_word' id='word_1_159' title='bbox 2796 665 2871 736; x_wconf 84' lang='grc' dir='ltr'>μὴ</span> <span class='ocrx_word' id='word_1_160' title='bbox 2924 664 3080 734; x_wconf 80' lang='grc' dir='ltr'><strong>βάσιν</strong></span> <span class='ocrx_word' id='word_1_161' title='bbox 3133 665 3226 717; x_wconf 67' lang='grc' dir='ltr'><strong>καί⁵</strong></span> <span class='ocrx_word' id='word_1_162' title='bbox 3275 668 3504 736; x_wconf 80' lang='grc' dir='ltr'>κρηπῖδα</span> <span class='ocrx_word' id='word_1_163' title='bbox 3538 668 3621 742; x_wconf 73' lang='grc' dir='ltr'>εἶχε</span> 
     </span>
    </p>
   </div>
   <div class='ocr_carea' id='block_1_22' title="bbox 2098 755 3621 829">
    <p class='ocr_par' dir='ltr' id='par_1_22' title="bbox 2098 755 3621 829">
     <span class='ocr_line' id='line_1_22' title="bbox 2098 755 3621 829; baseline 0.003 -19"><span class='ocrx_word' id='word_1_164' title='bbox 2098 757 2188 811; x_wconf 75' lang='grc' dir='ltr'><strong>τὸν</strong></span> <span class='ocrx_word' id='word_1_165' title='bbox 2215 757 2599 829; x_wconf 83' lang='grc' dir='ltr'>δημιουργικὸν</span> <span class='ocrx_word' id='word_1_166' title='bbox 2640 756 2732 808; x_wconf 83' lang='grc' dir='ltr'>τὸν</span> <span class='ocrx_word' id='word_1_167' title='bbox 2773 755 2868 808; x_wconf 91' lang='grc' dir='ltr'><strong>τοῦ</strong></span> <span class='ocrx_word' id='word_1_168' title='bbox 2903 755 3036 809; x_wconf 86' lang='grc' dir='ltr'>Θεοῦ</span> <span class='ocrx_word' id='word_1_169' title='bbox 3074 756 3199 808; x_wconf 76' lang='grc' dir='ltr'>Υίὸν</span> <span class='ocrx_word' id='word_1_170' title='bbox 3231 758 3420 824; x_wconf 84' lang='grc' dir='ltr'>Λόγον,</span> <span class='ocrx_word' id='word_1_171' title='bbox 3461 760 3541 812; x_wconf 73' lang='grc' dir='ltr'>καὶ</span> <span class='ocrx_word' id='word_1_172' title='bbox 3564 764 3621 825; x_wconf 82' lang='grc' dir='ltr'><strong>εις</strong></span> 
     </span>
    </p>
   </div>
   <div class='ocr_carea' id='block_1_23' title="bbox 2099 843 3623 920">
    <p class='ocr_par' dir='ltr' id='par_1_23' title="bbox 2099 843 3623 920">
     <span class='ocr_line' id='line_1_23' title="bbox 2099 843 3623 920; baseline 0.001 -17"><span class='ocrx_word' id='word_1_173' title='bbox 2099 851 2261 903; x_wconf 79' lang='grc' dir='ltr'>αὐτὸν</span> <span class='ocrx_word' id='word_1_174' title='bbox 2305 850 2649 920; x_wconf 83' lang='grc' dir='ltr'>ἀπηρείδετο.</span> <span class='ocrx_word' id='word_1_175' title='bbox 2695 847 2788 900; x_wconf 81' lang='grc' dir='ltr'><strong>Διὸ</strong></span> <span class='ocrx_word' id='word_1_176' title='bbox 2826 849 2924 901; x_wconf 77' lang='grc' dir='ltr'>οὐκ</span> <span class='ocrx_word' id='word_1_177' title='bbox 2963 843 3135 910; x_wconf 81' lang='grc' dir='ltr'>εἶπεν,</span> <span class='ocrx_word' id='word_1_178' title='bbox 3181 847 3328 913; x_wconf 78' lang='grc' dir='ltr'>οὔτε,</span> <span class='ocrx_word' id='word_1_179' title='bbox 3372 853 3623 920; x_wconf 74' lang='grc' dir='ltr'>πρωτόκτι-</span> 
     </span>
    </p>
   </div>
   <div class='ocr_carea' id='block_1_24' title="bbox 2103 941 3622 1014">
    <p class='ocr_par' dir='ltr' id='par_1_24' title="bbox 2103 941 3622 1014">
     <span class='ocr_line' id='line_1_24' title="bbox 2103 941 3622 1014; baseline 0.001 -20"><span class='ocrx_word' id='word_1_180' title='bbox 2103 960 2244 1006; x_wconf 89' lang='grc' dir='ltr'>στος,</span> <span class='ocrx_word' id='word_1_181' title='bbox 2272 942 2424 1007; x_wconf 79' lang='grc' dir='ltr'>ἀλλὰ,</span> <span class='ocrx_word' id='word_1_182' title='bbox 2461 962 2479 994; x_wconf 83' lang='grc' dir='ltr'><strong>ι</strong></span> <span class='ocrx_word' id='word_1_183' title='bbox 2508 945 2905 1014; x_wconf 81' lang='grc' dir='ltr'>πρωτότοκος,›</span> <span class='ocrx_word' id='word_1_184' title='bbox 2944 941 3083 1003; x_wconf 76' lang='grc' dir='ltr'>οὐδὲ,</span> <span class='ocrx_word' id='word_1_185' title='bbox 3111 941 3284 1004; x_wconf 75' lang='grc' dir='ltr'>Αὐτὸς</span> <span class='ocrx_word' id='word_1_186' title='bbox 3323 942 3522 1009; x_wconf 75' lang='grc' dir='ltr'>ἐγένετο</span> <span class='ocrx_word' id='word_1_187' title='bbox 3544 947 3622 1014; x_wconf 78' lang='grc' dir='ltr'>πρὸ</span> 
     </span>
    </p>
   </div>
   <div class='ocr_carea' id='block_1_25' title="bbox 2102 1032 3621 1102">
    <p class='ocr_par' dir='ltr' id='par_1_25' title="bbox 2102 1032 3621 1102">
     <span class='ocr_line' id='line_1_25' title="bbox 2102 1032 3621 1102; baseline 0 -16"><span class='ocrx_word' id='word_1_188' title='bbox 2102 1035 2337 1094; x_wconf 77' lang='grc' dir='ltr'>πάντων,</span> <span class='ocrx_word' id='word_1_189' title='bbox 2391 1034 2530 1097; x_wconf 76' lang='grc' dir='ltr'>ἀλλ’,</span> <span class='ocrx_word' id='word_1_190' title='bbox 2577 1053 2594 1084; x_wconf 80' lang='grc' dir='ltr'><strong>ι</strong></span> <span class='ocrx_word' id='word_1_191' title='bbox 2625 1034 2797 1098; x_wconf 80' lang='grc' dir='ltr'>Αὐτὸς</span> <span class='ocrx_word' id='word_1_192' title='bbox 2854 1033 2968 1085; x_wconf 80' lang='grc' dir='ltr'>ἔστι</span> <span class='ocrx_word' id='word_1_193' title='bbox 3022 1032 3127 1102; x_wconf 77' lang='grc' dir='ltr'><strong>πρὸ</strong></span> <span class='ocrx_word' id='word_1_194' title='bbox 3193 1032 3428 1095; x_wconf 81' lang='grc' dir='ltr'>πάντων,</span> <span class='ocrx_word' id='word_1_195' title='bbox 3456 1051 3473 1083; x_wconf 74' lang='grc' dir='ltr'><strong>ι</strong></span> <span class='ocrx_word' id='word_1_196' title='bbox 3514 1034 3621 1086; x_wconf 81' lang='grc' dir='ltr'>τοῦτ’</span> 
     </span>
    </p>
   </div>
   <div class='ocr_carea' id='block_1_26' title="bbox 2103 1121 3624 1196">
    <p class='ocr_par' dir='ltr' id='par_1_26' title="bbox 2103 1121 3624 1196">
     <span class='ocr_line' id='line_1_26' title="bbox 2103 1121 3624 1196; baseline -0.001 -20"><span class='ocrx_word' id='word_1_197' title='bbox 2103 1125 2247 1177; x_wconf 77' lang='grc' dir='ltr'>ἔστιν</span> <span class='ocrx_word' id='word_1_198' title='bbox 2277 1125 2546 1196; x_wconf 83' lang='grc' dir='ltr'>ἀνάρχως.</span> <span class='ocrx_word' id='word_1_199' title='bbox 2588 1126 2710 1178; x_wconf 73' lang='grc' dir='ltr'>Ἐπὶ</span> <span class='ocrx_word' id='word_1_200' title='bbox 2745 1124 2852 1194; x_wconf 84' lang='grc' dir='ltr'>γὰρ</span> <span class='ocrx_word' id='word_1_201' title='bbox 2893 1124 2991 1192; x_wconf 78' lang='grc' dir='ltr'>τῆς</span> <span class='ocrx_word' id='word_1_202' title='bbox 3023 1125 3264 1193; x_wconf 72' lang='grc' dir='ltr'>ἀρρήτου</span> <span class='ocrx_word' id='word_1_203' title='bbox 3301 1121 3506 1189; x_wconf 79' lang='grc' dir='ltr'>φύσεως</span> <span class='ocrx_word' id='word_1_204' title='bbox 3545 1127 3624 1187; x_wconf 81' lang='grc' dir='ltr'>πᾶς</span> 
     </span>
    </p>
   </div>
   <div class='ocr_carea' id='block_1_27' title="bbox 2103 1213 3623 1287">
    <p class='ocr_par' dir='ltr' id='par_1_27' title="bbox 2103 1213 3623 1287">
     <span class='ocr_line' id='line_1_27' title="bbox 2103 1213 3623 1287; baseline -0.001 -19"><span class='ocrx_word' id='word_1_205' title='bbox 2103 1216 2288 1287; x_wconf 84' lang='grc' dir='ltr'><strong>χρόνος</strong></span> <span class='ocrx_word' id='word_1_206' title='bbox 2320 1215 2606 1287; x_wconf 81' lang='grc' dir='ltr'>ἐνέστηκεν</span> <span class='ocrx_word' id='word_1_207' title='bbox 2646 1217 2738 1268; x_wconf 75' lang='grc' dir='ltr'>καὶ</span> <span class='ocrx_word' id='word_1_208' title='bbox 2780 1217 2838 1268; x_wconf 85' lang='grc' dir='ltr'>ὲν</span> <span class='ocrx_word' id='word_1_209' title='bbox 2879 1214 2958 1285; x_wconf 78' lang='grc' dir='ltr'>τῷ</span> <span class='ocrx_word' id='word_1_210' title='bbox 2991 1213 3085 1266; x_wconf 90' lang='grc' dir='ltr'><strong>νῦν</strong></span> <span class='ocrx_word' id='word_1_211' title='bbox 3117 1213 3372 1284; x_wconf 74' lang='grc' dir='ltr'>πάρεστι,</span> <span class='ocrx_word' id='word_1_212' title='bbox 3411 1214 3496 1266; x_wconf 76' lang='grc' dir='ltr'>καὶ</span> <span class='ocrx_word' id='word_1_213' title='bbox 3531 1214 3623 1267; x_wconf 67' lang='grc' dir='ltr'>οὔτε</span> 
     </span>
    </p>
   </div>
   <div class='ocr_carea' id='block_1_28' title="bbox 2103 1307 3624 1383">
    <p class='ocr_par' dir='ltr' id='par_1_28' title="bbox 2103 1307 3624 1383">
     <span class='ocr_line' id='line_1_28' title="bbox 2103 1307 3624 1383; baseline -0.003 -19"><span class='ocrx_word' id='word_1_214' title='bbox 2103 1310 2376 1383; x_wconf 78' lang='grc' dir='ltr'>παρῆλθεν</span> <span class='ocrx_word' id='word_1_215' title='bbox 2422 1329 2474 1364; x_wconf 87' lang='grc' dir='ltr'><strong>τι</strong></span> <span class='ocrx_word' id='word_1_216' title='bbox 2509 1312 2566 1363; x_wconf 85' lang='grc' dir='ltr'>ὲν</span> <span class='ocrx_word' id='word_1_217' title='bbox 2599 1312 2760 1380; x_wconf 79' lang='grc' dir='ltr'>αὐτῇ,</span> <span class='ocrx_word' id='word_1_218' title='bbox 2807 1309 2930 1362; x_wconf 74' lang='grc' dir='ltr'>οὔτε</span> <span class='ocrx_word' id='word_1_219' title='bbox 2982 1309 3184 1379; x_wconf 78' lang='grc' dir='ltr'><strong>μέλλει,</strong></span> <span class='ocrx_word' id='word_1_220' title='bbox 3220 1307 3336 1360; x_wconf 83' lang='grc' dir='ltr'>ἀλλ’</span> <span class='ocrx_word' id='word_1_221' title='bbox 3376 1309 3431 1359; x_wconf 82' lang='grc' dir='ltr'>ὲν</span> <span class='ocrx_word' id='word_1_222' title='bbox 3473 1307 3539 1377; x_wconf 82' lang='grc' dir='ltr'>τῷ</span> <span class='ocrx_word' id='word_1_223' title='bbox 3566 1310 3624 1360; x_wconf 72' lang='grc' dir='ltr'><strong>ἑνὶ</strong></span> 
     </span>
    </p>
   </div>
   <div class='ocr_carea' id='block_1_29' title="bbox 2105 1398 3624 1475">
    <p class='ocr_par' dir='ltr' id='par_1_29' title="bbox 2105 1398 3624 1475">
     <span class='ocr_line' id='line_1_29' title="bbox 2105 1398 3624 1475; baseline -0.005 -19"><span class='ocrx_word' id='word_1_224' title='bbox 2105 1404 2279 1475; x_wconf 83' lang='grc' dir='ltr'>χρόνῳ</span> <span class='ocrx_word' id='word_1_225' title='bbox 2307 1402 2538 1455; x_wconf 86' lang='grc' dir='ltr'>διατελεῖ</span> <span class='ocrx_word' id='word_1_226' title='bbox 2567 1419 2682 1464; x_wconf 84' lang='grc' dir='ltr'><strong>πως</strong></span> <span class='ocrx_word' id='word_1_227' title='bbox 2711 1401 2876 1463; x_wconf 77' lang='grc' dir='ltr'>ἀΐδια,</span> <span class='ocrx_word' id='word_1_228' title='bbox 2910 1400 2986 1463; x_wconf 85' lang='grc' dir='ltr'>ὼς</span> <span class='ocrx_word' id='word_1_229' title='bbox 3017 1401 3241 1453; x_wconf 85' lang='grc' dir='ltr'><strong>Πλάτων</strong></span> <span class='ocrx_word' id='word_1_230' title='bbox 3277 1399 3335 1451; x_wconf 81' lang='grc' dir='ltr'>ὲν</span> <span class='ocrx_word' id='word_1_231' title='bbox 3359 1398 3431 1469; x_wconf 82' lang='grc' dir='ltr'>τῷ</span> <span class='ocrx_word' id='word_1_232' title='bbox 3461 1400 3624 1468; x_wconf 79' lang='grc' dir='ltr'><strong>Τιμαίῳ</strong></span> 
     </span>
    </p>
   </div>
   <div class='ocr_carea' id='block_1_30' title="bbox 2105 1493 3620 1566">
    <p class='ocr_par' dir='ltr' id='par_1_30' title="bbox 2105 1493 3620 1566">
     <span class='ocr_line' id='line_1_30' title="bbox 2105 1493 3620 1566; baseline -0.002 -18"><span class='ocrx_word' id='word_1_233' title='bbox 2105 1498 2296 1566; x_wconf 79' lang='grc' dir='ltr'>φησίν·</span> <span class='ocrx_word' id='word_1_234' title='bbox 2335 1516 2352 1547; x_wconf 78' lang='grc' dir='ltr'><strong>ι</strong></span> <span class='ocrx_word' id='word_1_235' title='bbox 2379 1496 2538 1548; x_wconf 84' lang='grc' dir='ltr'>Ὅθεν</span> <span class='ocrx_word' id='word_1_236' title='bbox 2582 1495 2646 1565; x_wconf 81' lang='grc' dir='ltr'>δὴ</span> <span class='ocrx_word' id='word_1_237' title='bbox 2681 1495 2802 1547; x_wconf 78' lang='grc' dir='ltr'>οὐδὲ</span> <span class='ocrx_word' id='word_1_238' title='bbox 2835 1493 3011 1565; x_wconf 79' lang='grc' dir='ltr'>ὀρθῶς</span> <span class='ocrx_word' id='word_1_239' title='bbox 3038 1493 3130 1546; x_wconf 73' lang='grc' dir='ltr'><strong>ἐπὶ</strong></span> <span class='ocrx_word' id='word_1_240' title='bbox 3163 1494 3264 1563; x_wconf 79' lang='grc' dir='ltr'>τῆς</span> <span class='ocrx_word' id='word_1_241' title='bbox 3299 1493 3519 1564; x_wconf 73' lang='grc' dir='ltr'>ἀρρήτου</span> <span class='ocrx_word' id='word_1_242' title='bbox 3545 1493 3620 1561; x_wconf 70' lang='grc' dir='ltr'><strong>φύ-</strong></span> 
     </span>
    </p>
   </div>
   <div class='ocr_carea' id='block_1_31' title="bbox 2107 1580 3625 1657">
    <p class='ocr_par' dir='ltr' id='par_1_31' title="bbox 2107 1580 3625 1657">
     <span class='ocr_line' id='line_1_31' title="bbox 2107 1580 3625 1657; baseline -0.002 -16"><span class='ocrx_word' id='word_1_243' title='bbox 2107 1607 2242 1652; x_wconf 87' lang='grc' dir='ltr'>σεως</span> <span class='ocrx_word' id='word_1_244' title='bbox 2279 1589 2635 1657; x_wconf 76' lang='grc' dir='ltr'><strong>ὀνομάζομεν.</strong></span> <span class='ocrx_word' id='word_1_245' title='bbox 2684 1586 2931 1656; x_wconf 86' lang='grc' dir='ltr'>Λέγομεν</span> <span class='ocrx_word' id='word_1_246' title='bbox 2974 1584 3084 1656; x_wconf 81' lang='grc' dir='ltr'><strong>γὰρ</strong></span> <span class='ocrx_word' id='word_1_247' title='bbox 3125 1585 3212 1654; x_wconf 81' lang='grc' dir='ltr'>δὴ,</span> <span class='ocrx_word' id='word_1_248' title='bbox 3259 1585 3338 1646; x_wconf 84' lang='grc' dir='ltr'>ὡς</span> <span class='ocrx_word' id='word_1_249' title='bbox 3361 1580 3455 1652; x_wconf 76' lang='grc' dir='ltr'><strong>ἦν,</strong></span> <span class='ocrx_word' id='word_1_250' title='bbox 3494 1585 3625 1638; x_wconf 76' lang='grc' dir='ltr'>ἐστιν</span> 
     </span>
    </p>
   </div>
   <div class='ocr_carea' id='block_1_32' title="bbox 2105 1675 3623 1749">
    <p class='ocr_par' dir='ltr' id='par_1_32' title="bbox 2105 1675 3623 1749">
     <span class='ocr_line' id='line_1_32' title="bbox 2105 1675 3623 1749; baseline -0.005 -15"><span class='ocrx_word' id='word_1_251' title='bbox 2105 1681 2200 1734; x_wconf 73' lang='grc' dir='ltr'>καὶ</span> <span class='ocrx_word' id='word_1_252' title='bbox 2239 1681 2438 1733; x_wconf 83' lang='grc' dir='ltr'>ἔσται·</span> <span class='ocrx_word' id='word_1_253' title='bbox 2483 1682 2548 1749; x_wconf 82' lang='grc' dir='ltr'><strong>τῇ</strong></span> <span class='ocrx_word' id='word_1_254' title='bbox 2609 1678 2666 1730; x_wconf 85' lang='grc' dir='ltr'>δὲ</span> <span class='ocrx_word' id='word_1_255' title='bbox 2713 1678 2773 1730; x_wconf 85' lang='grc' dir='ltr'>τὸ</span> <span class='ocrx_word' id='word_1_256' title='bbox 2803 1677 2935 1730; x_wconf 83' lang='grc' dir='ltr'>ἐστι</span> <span class='ocrx_word' id='word_1_257' title='bbox 2984 1677 3139 1748; x_wconf 84' lang='grc' dir='ltr'>μόνον</span> <span class='ocrx_word' id='word_1_258' title='bbox 3174 1675 3321 1728; x_wconf 79' lang='grc' dir='ltr'>κατὰ</span> <span class='ocrx_word' id='word_1_259' title='bbox 3363 1676 3451 1728; x_wconf 81' lang='grc' dir='ltr'>τὸν</span> <span class='ocrx_word' id='word_1_260' title='bbox 3490 1677 3623 1746; x_wconf 80' lang='grc' dir='ltr'><strong>ἀληῆ</strong></span> 
     </span>
    </p>
   </div>
   <div class='ocr_carea' id='block_1_33' title="bbox 433 1756 2005 1841">
    <p class='ocr_par' dir='ltr' id='par_1_33' title="bbox 433 1756 1995 1837">
     <span class='ocr_line' id='line_1_33' title="bbox 433 1756 1995 1837; baseline -0.008 -17"><span class='ocrx_word' id='word_1_261' title='bbox 433 1782 557 1837; x_wconf 73' lang='lat' dir='ltr'><strong>quae</strong></span> <span class='ocrx_word' id='word_1_262' title='bbox 587 1774 786 1819; x_wconf 61' lang='lat' dir='ltr'><strong>arterna</strong></span> <span class='ocrx_word' id='word_1_263' title='bbox 819 1771 979 1828; x_wconf 89' lang='lat' dir='ltr'><strong>sunt;</strong></span> <span class='ocrx_word' id='word_1_264' title='bbox 1034 1762 1174 1815; x_wconf 89' lang='lat' dir='ltr'><strong>sicut</strong></span> <span class='ocrx_word' id='word_1_265' title='bbox 1210 1760 1284 1812; x_wconf 89' lang='lat' dir='ltr'><strong>ait</strong></span> <span class='ocrx_word' id='word_1_266' title='bbox 1319 1758 1472 1812; x_wconf 90' lang='lat' dir='ltr'><strong>Plato</strong></span> <span class='ocrx_word' id='word_1_267' title='bbox 1503 1758 1555 1812; x_wconf 91' lang='lat' dir='ltr'><strong>in</strong></span> <span class='ocrx_word' id='word_1_268' title='bbox 1600 1756 1787 1811; x_wconf 73' lang='lat' dir='ltr'><strong>fimwo</strong></span> <span class='ocrx_word' id='word_1_269' title='bbox 1838 1756 1950 1828; x_wconf 90' lang='lat'><strong>(96)</strong></span> <span class='ocrx_word' id='word_1_270' title='bbox 1981 1772 1995 1808; x_wconf 91' lang='lat'><strong>:</strong></span> 
     </span>
    </p>
   </div>
   <div class='ocr_carea' id='block_1_34' title="bbox 2110 1756 3622 1841">
    <p class='ocr_par' dir='ltr' id='par_1_34' title="bbox 2110 1764 3622 1841">
     <span class='ocr_line' id='line_1_34' title="bbox 2110 1764 3622 1841; baseline -0.003 -19"><span class='ocrx_word' id='word_1_271' title='bbox 2110 1773 2259 1838; x_wconf 77' lang='grc' dir='ltr'>λόγον</span> <span class='ocrx_word' id='word_1_272' title='bbox 2307 1771 2602 1841; x_wconf 84' lang='grc' dir='ltr'>προσήκει·</span> <span class='ocrx_word' id='word_1_273' title='bbox 2638 1769 2698 1821; x_wconf 87' lang='grc' dir='ltr'>τὸ</span> <span class='ocrx_word' id='word_1_274' title='bbox 2745 1767 2803 1820; x_wconf 82' lang='grc' dir='ltr'>δὲ</span> <span class='ocrx_word' id='word_1_275' title='bbox 2852 1764 2932 1837; x_wconf 77' lang='grc' dir='ltr'><strong>ἦν</strong></span> <span class='ocrx_word' id='word_1_276' title='bbox 2963 1767 3024 1819; x_wconf 88' lang='grc' dir='ltr'><strong>τό</strong></span> <span class='ocrx_word' id='word_1_277' title='bbox 3074 1784 3134 1819; x_wconf 84' lang='grc' dir='ltr'><strong>τε</strong></span> <span class='ocrx_word' id='word_1_278' title='bbox 3176 1766 3372 1827; x_wconf 84' lang='grc' dir='ltr'>ἐσται,</span> <span class='ocrx_word' id='word_1_279' title='bbox 3399 1766 3523 1818; x_wconf 80' lang='grc' dir='ltr'>κατὰ</span> <span class='ocrx_word' id='word_1_280' title='bbox 3557 1767 3622 1818; x_wconf 77' lang='grc' dir='ltr'><strong>τὸν</strong></span> 
     </span>
    </p>
   </div>
   <div class='ocr_carea' id='block_1_35' title="bbox 441 1847 2000 1926">
    <p class='ocr_par' dir='ltr' id='par_1_35' title="bbox 441 1847 2000 1926">
     <span class='ocr_line' id='line_1_35' title="bbox 441 1847 2000 1926; baseline -0.006 -17"><span class='ocrx_word' id='word_1_281' title='bbox 441 1875 462 1909; x_wconf 77' lang='grc' dir='ltr'><strong>ι</strong></span> <span class='ocrx_word' id='word_1_282' title='bbox 502 1858 685 1926; x_wconf 89' lang='lat' dir='ltr'><strong>Itaque</strong></span> <span class='ocrx_word' id='word_1_283' title='bbox 717 1871 784 1910; x_wconf 91' lang='lat' dir='ltr'><strong>ne</strong></span> <span class='ocrx_word' id='word_1_284' title='bbox 814 1864 959 1908; x_wconf 91' lang='lat' dir='ltr'><strong>recte</strong></span> <span class='ocrx_word' id='word_1_285' title='bbox 987 1853 1224 1922; x_wconf 89' lang='lat' dir='ltr'><strong>quidem,</strong></span> <span class='ocrx_word' id='word_1_286' title='bbox 1263 1866 1388 1905; x_wconf 93' lang='lat' dir='ltr'><strong>cum</strong></span> <span class='ocrx_word' id='word_1_287' title='bbox 1429 1851 1493 1904; x_wconf 91' lang='lat' dir='ltr'><strong>de</strong></span> <span class='ocrx_word' id='word_1_288' title='bbox 1525 1847 1777 1903; x_wconf 79' lang='lat' dir='ltr'><strong>inell‘abili</strong></span> <span class='ocrx_word' id='word_1_289' title='bbox 1814 1859 2000 1902; x_wconf 90' lang='lat' dir='ltr'><strong>natura</strong></span> 
     </span>
    </p>
   </div>
   <div class='ocr_carea' id='block_1_36' title="bbox 434 1941 2000 2018">
    <p class='ocr_par' dir='ltr' id='par_1_36' title="bbox 434 1941 2000 2018">
     <span class='ocr_line' id='line_1_36' title="bbox 434 1941 2000 2018; baseline -0.008 -13"><span class='ocrx_word' id='word_1_290' title='bbox 434 1949 732 2018; x_wconf 87' lang='lat' dir='ltr'><strong>loquimur,</strong></span> <span class='ocrx_word' id='word_1_291' title='bbox 765 1957 974 2015; x_wconf 88' lang='lat' dir='ltr'><strong>tempus</strong></span> <span class='ocrx_word' id='word_1_292' title='bbox 1000 1945 1364 1998; x_wconf 88' lang='lat' dir='ltr'><strong>nominamus.</strong></span> <span class='ocrx_word' id='word_1_293' title='bbox 1389 1941 1630 1996; x_wconf 90' lang='lat' dir='ltr'><strong>Dicimus</strong></span> <span class='ocrx_word' id='word_1_294' title='bbox 1658 1942 1822 2006; x_wconf 90' lang='lat' dir='ltr'><strong>enim,</strong></span> <span class='ocrx_word' id='word_1_295' title='bbox 1851 1941 2000 2006; x_wconf 80' lang='lat' dir='ltr'><strong>Erat,</strong></span> 
     </span>
    </p>
   </div>
   <div class='ocr_carea' id='block_1_37' title="bbox 434 2035 2003 2105">
    <p class='ocr_par' dir='ltr' id='par_1_37' title="bbox 434 2035 2003 2105">
     <span class='ocr_line' id='line_1_37' title="bbox 434 2035 2003 2105; baseline -0.006 -9"><span class='ocrx_word' id='word_1_296' title='bbox 434 2051 531 2105; x_wconf 75' lang='lat' dir='ltr'><strong>est,</strong></span> <span class='ocrx_word' id='word_1_297' title='bbox 586 2051 639 2094; x_wconf 92' lang='lat' dir='ltr'><strong>et</strong></span> <span class='ocrx_word' id='word_1_298' title='bbox 669 2041 789 2094; x_wconf 86' lang='lat' dir='ltr'><strong>erit.</strong></span> <span class='ocrx_word' id='word_1_299' title='bbox 820 2040 888 2092; x_wconf 88' lang='lat' dir='ltr'><strong>At</strong></span> <span class='ocrx_word' id='word_1_300' title='bbox 915 2038 964 2093; x_wconf 92' lang='lat' dir='ltr'><strong>ei</strong></span> <span class='ocrx_word' id='word_1_301' title='bbox 992 2052 1178 2092; x_wconf 85' lang='lat' dir='ltr'><strong>revera</strong></span> <span class='ocrx_word' id='word_1_302' title='bbox 1202 2037 1452 2091; x_wconf 86' lang='lat' dir='ltr'><strong>convenit</strong></span> <span class='ocrx_word' id='word_1_303' title='bbox 1480 2035 1674 2100; x_wconf 92' lang='lat' dir='ltr'><strong>solum,</strong></span> <span class='ocrx_word' id='word_1_304' title='bbox 1699 2044 1811 2099; x_wconf 75' lang='lat' dir='ltr'><strong>est;</strong></span> <span class='ocrx_word' id='word_1_305' title='bbox 1840 2036 2003 2090; x_wconf 87' lang='lat' dir='ltr'><strong>verba</strong></span> 
     </span>
    </p>
   </div>
   <div class='ocr_carea' id='block_1_38' title="bbox 434 2125 1999 2199">
    <p class='ocr_par' dir='ltr' id='par_1_38' title="bbox 434 2125 1999 2199">
     <span class='ocr_line' id='line_1_38' title="bbox 434 2125 1999 2199; baseline 0.001 -21"><span class='ocrx_word' id='word_1_306' title='bbox 434 2144 563 2182; x_wconf 90' lang='lat' dir='ltr'><strong>vero</strong></span> <span class='ocrx_word' id='word_1_307' title='bbox 612 2128 719 2199; x_wconf 90' lang='lat'><strong>(97)</strong></span> <span class='ocrx_word' id='word_1_308' title='bbox 771 2137 906 2195; x_wconf 83' lang='lat' dir='ltr'><strong>erat,</strong></span> <span class='ocrx_word' id='word_1_309' title='bbox 952 2138 1007 2180; x_wconf 86' lang='lat' dir='ltr'><strong>et</strong></span> <span class='ocrx_word' id='word_1_310' title='bbox 1042 2128 1157 2191; x_wconf 84' lang='lat' dir='ltr'><strong>erit,</strong></span> <span class='ocrx_word' id='word_1_311' title='bbox 1207 2127 1274 2180; x_wconf 90' lang='lat' dir='ltr'><strong>ad</strong></span> <span class='ocrx_word' id='word_1_312' title='bbox 1319 2125 1704 2196; x_wconf 80' lang='lat' dir='ltr'><strong>designandum</strong></span> <span class='ocrx_word' id='word_1_313' title='bbox 1756 2133 1999 2195; x_wconf 85' lang='lat' dir='ltr'><strong>tempus,</strong></span> 
     </span>
    </p>
   </div>
   <div class='ocr_carea' id='block_1_39' title="bbox 435 2221 2000 2293">
    <p class='ocr_par' dir='ltr' id='par_1_39' title="bbox 435 2221 2000 2293">
     <span class='ocr_line' id='line_1_39' title="bbox 435 2221 2000 2293; baseline -0.001 -17"><span class='ocrx_word' id='word_1_314' title='bbox 435 2225 578 2293; x_wconf 90' lang='lat' dir='ltr'><strong>quod</strong></span> <span class='ocrx_word' id='word_1_315' title='bbox 637 2226 688 2278; x_wconf 95' lang='lat' dir='ltr'><strong>in</strong></span> <span class='ocrx_word' id='word_1_316' title='bbox 734 2233 922 2278; x_wconf 87' lang='lat' dir='ltr'><strong>natura</strong></span> <span class='ocrx_word' id='word_1_317' title='bbox 978 2232 1080 2287; x_wconf 83' lang='lat' dir='ltr'><strong>est,</strong></span> <span class='ocrx_word' id='word_1_318' title='bbox 1136 2221 1440 2276; x_wconf 88' lang='lat' dir='ltr'><strong>adhibenda</strong></span> <span class='ocrx_word' id='word_1_319' title='bbox 1500 2229 1659 2287; x_wconf 91' lang='lat' dir='ltr'><strong>sunt;</strong></span> <span class='ocrx_word' id='word_1_320' title='bbox 1727 2229 1809 2275; x_wconf 91' lang='lat' dir='ltr'><strong>est</strong></span> <span class='ocrx_word' id='word_1_321' title='bbox 1859 2222 2000 2275; x_wconf 92' lang='lat' dir='ltr'><strong>enim</strong></span> 
     </span>
    </p>
   </div>
   <div class='ocr_carea' id='block_1_40' title="bbox 437 2315 2005 2383">
    <p class='ocr_par' dir='ltr' id='par_1_40' title="bbox 437 2315 2005 2383">
     <span class='ocr_line' id='line_1_40' title="bbox 437 2315 2005 2383; baseline -0.001 -13"><span class='ocrx_word' id='word_1_322' title='bbox 437 2318 625 2370; x_wconf 78' lang='lat' dir='ltr'><strong>motio.</strong></span> <span class='ocrx_word' id='word_1_323' title='bbox 656 2317 807 2383; x_wconf 88' lang='lat' dir='ltr'><strong>Quod</strong></span> <span class='ocrx_word' id='word_1_324' title='bbox 837 2327 1013 2371; x_wconf 90' lang='lat' dir='ltr'><strong>autem</strong></span> <span class='ocrx_word' id='word_1_325' title='bbox 1063 2330 1276 2382; x_wconf 89' lang='lat' dir='ltr'><strong>semper</strong></span> <span class='ocrx_word' id='word_1_326' title='bbox 1307 2315 1495 2369; x_wconf 88' lang='lat' dir='ltr'><strong>eodem</strong></span> <span class='ocrx_word' id='word_1_327' title='bbox 1530 2316 1688 2370; x_wconf 91' lang='lat' dir='ltr'><strong>modo</strong></span> <span class='ocrx_word' id='word_1_328' title='bbox 1716 2315 2005 2371; x_wconf 89' lang='lat' dir='ltr'><strong>immobili-</strong></span> 
     </span>
    </p>
   </div>
   <div class='ocr_carea' id='block_1_41' title="bbox 435 2407 2004 2468">
    <p class='ocr_par' dir='ltr' id='par_1_41' title="bbox 435 2407 2004 2468">
     <span class='ocr_line' id='line_1_41' title="bbox 435 2407 2004 2468; baseline 0 -7"><span class='ocrx_word' id='word_1_329' title='bbox 435 2417 519 2463; x_wconf 91' lang='lat' dir='ltr'><strong>ter</strong></span> <span class='ocrx_word' id='word_1_330' title='bbox 544 2424 602 2463; x_wconf 90' lang='lat' dir='ltr'><strong>se</strong></span> <span class='ocrx_word' id='word_1_331' title='bbox 633 2409 812 2468; x_wconf 85' lang='lat' dir='ltr'><strong>habet,</strong></span> <span class='ocrx_word' id='word_1_332' title='bbox 862 2423 960 2462; x_wconf 91' lang='lat' dir='ltr'><strong>nec</strong></span> <span class='ocrx_word' id='word_1_333' title='bbox 985 2408 1270 2466; x_wconf 90' lang='lat' dir='ltr'><strong>vetustius.</strong></span> <span class='ocrx_word' id='word_1_334' title='bbox 1308 2420 1407 2461; x_wconf 88' lang='lat' dir='ltr'><strong>nec</strong></span> <span class='ocrx_word' id='word_1_335' title='bbox 1437 2407 1708 2461; x_wconf 88' lang='lat' dir='ltr'><strong>recentius</strong></span> <span class='ocrx_word' id='word_1_336' title='bbox 1749 2410 2004 2462; x_wconf 89' lang='lat' dir='ltr'><strong>convenit</strong></span> 
     </span>
    </p>
   </div>
   <div class='ocr_carea' id='block_1_42' title="bbox 2102 1854 3624 1928">
    <p class='ocr_par' dir='ltr' id='par_1_42' title="bbox 2102 1854 3624 1928">
     <span class='ocr_line' id='line_1_42' title="bbox 2102 1854 3624 1928; baseline -0.001 -19"><span class='ocrx_word' id='word_1_337' title='bbox 2102 1860 2160 1910; x_wconf 85' lang='grc' dir='ltr'>ὲν</span> <span class='ocrx_word' id='word_1_338' title='bbox 2213 1857 2372 1925; x_wconf 82' lang='grc' dir='ltr'>φύσει</span> <span class='ocrx_word' id='word_1_339' title='bbox 2437 1856 2625 1928; x_wconf 90' lang='grc' dir='ltr'>χρόνον</span> <span class='ocrx_word' id='word_1_340' title='bbox 2694 1855 2894 1926; x_wconf 78' lang='grc' dir='ltr'>πρέπει</span> <span class='ocrx_word' id='word_1_341' title='bbox 2949 1854 3242 1922; x_wconf 78' lang='grc' dir='ltr'>λέγεσθαι³</span> <span class='ocrx_word' id='word_1_342' title='bbox 3296 1856 3497 1926; x_wconf 84' lang='grc' dir='ltr'>κίνησις</span> <span class='ocrx_word' id='word_1_343' title='bbox 3544 1857 3624 1924; x_wconf 75' lang='grc' dir='ltr'>γάρ</span> 
     </span>
    </p>
   </div>
   <div class='ocr_carea' id='block_1_43' title="bbox 2103 1945 3624 2016">
    <p class='ocr_par' dir='ltr' id='par_1_43' title="bbox 2103 1945 3624 2016">
     <span class='ocr_line' id='line_1_43' title="bbox 2103 1945 3624 2016; baseline -0.002 -15"><span class='ocrx_word' id='word_1_344' title='bbox 2103 1951 2249 2001; x_wconf 78' lang='grc' dir='ltr'>ἐστιν</span> <span class='ocrx_word' id='word_1_345' title='bbox 2274 1965 2287 1978; x_wconf 88' lang='grc'><strong>·</strong></span> <span class='ocrx_word' id='word_1_346' title='bbox 2337 1948 2397 2000; x_wconf 84' lang='grc' dir='ltr'>τὸ</span> <span class='ocrx_word' id='word_1_347' title='bbox 2422 1948 2478 1999; x_wconf 83' lang='grc' dir='ltr'>δὲ</span> <span class='ocrx_word' id='word_1_348' title='bbox 2522 1948 2608 2001; x_wconf 60' lang='grc' dir='ltr'><strong>ἀει⁵</strong></span> <span class='ocrx_word' id='word_1_349' title='bbox 2649 1946 2790 1999; x_wconf 86' lang='grc' dir='ltr'>κατὰ</span> <span class='ocrx_word' id='word_1_350' title='bbox 2839 1946 3010 1999; x_wconf 77' lang='grc' dir='ltr'>ταῦτὰ</span> <span class='ocrx_word' id='word_1_351' title='bbox 3045 1945 3166 2016; x_wconf 73' lang='grc' dir='ltr'>ἕχον</span> <span class='ocrx_word' id='word_1_352' title='bbox 3208 1946 3496 2016; x_wconf 78' lang='grc' dir='ltr'>ἀκινήτως,</span> <span class='ocrx_word' id='word_1_353' title='bbox 3533 1946 3624 1998; x_wconf 75' lang='grc' dir='ltr'>οὔτε</span> 
     </span>
    </p>
   </div>
   <div class='ocr_carea' id='block_1_44' title="bbox 2105 2037 3624 2113">
    <p class='ocr_par' dir='ltr' id='par_1_44' title="bbox 2105 2037 3624 2113">
     <span class='ocr_line' id='line_1_44' title="bbox 2105 2037 3624 2113; baseline -0.002 -21"><span class='ocrx_word' id='word_1_354' title='bbox 2105 2040 2491 2113; x_wconf 76' lang='grc' dir='ltr'>πρεσϐύτερον,</span> <span class='ocrx_word' id='word_1_355' title='bbox 2522 2037 2646 2091; x_wconf 69' lang='grc' dir='ltr'>οὔτε</span> <span class='ocrx_word' id='word_1_356' title='bbox 2695 2037 2956 2110; x_wconf 86' lang='grc' dir='ltr'>νεώτερον</span> <span class='ocrx_word' id='word_1_357' title='bbox 2995 2040 3262 2108; x_wconf 82' lang='grc' dir='ltr'>προσήκει</span> <span class='ocrx_word' id='word_1_358' title='bbox 3312 2038 3532 2105; x_wconf 77' lang='grc' dir='ltr'>γίνεσθαι</span> <span class='ocrx_word' id='word_1_359' title='bbox 3561 2039 3624 2090; x_wconf 67' lang='grc' dir='ltr'><strong>διὰ</strong></span> 
     </span>
    </p>
   </div>
   <div class='ocr_carea' id='block_1_45' title="bbox 2105 2125 3621 2202">
    <p class='ocr_par' dir='ltr' id='par_1_45' title="bbox 2105 2125 3621 2202">
     <span class='ocr_line' id='line_1_45' title="bbox 2105 2125 3621 2202; baseline -0.003 -18"><span class='ocrx_word' id='word_1_360' title='bbox 2105 2133 2313 2202; x_wconf 89' lang='grc' dir='ltr'>χρόνον,</span> <span class='ocrx_word' id='word_1_361' title='bbox 2338 2130 2460 2184; x_wconf 79' lang='grc' dir='ltr'>οὔτε</span> <span class='ocrx_word' id='word_1_362' title='bbox 2483 2149 2500 2181; x_wconf 80' lang='grc' dir='ltr'><strong>ι</strong></span> <span class='ocrx_word' id='word_1_363' title='bbox 2523 2130 2801 2198; x_wconf 82' lang='grc' dir='ltr'>γεγονέναι</span> <span class='ocrx_word' id='word_1_364' title='bbox 2826 2149 2844 2181; x_wconf 76' lang='grc' dir='ltr'><strong>ι</strong></span> <span class='ocrx_word' id='word_1_365' title='bbox 2870 2129 2986 2193; x_wconf 91' lang='grc' dir='ltr'>νῦν,</span> <span class='ocrx_word' id='word_1_366' title='bbox 3015 2129 3135 2183; x_wconf 75' lang='grc' dir='ltr'>οὔτε</span> <span class='ocrx_word' id='word_1_367' title='bbox 3169 2125 3330 2192; x_wconf 80' lang='grc' dir='ltr'>αὖθις</span> <span class='ocrx_word' id='word_1_368' title='bbox 3359 2148 3377 2179; x_wconf 75' lang='grc' dir='ltr'><strong>ι</strong></span> <span class='ocrx_word' id='word_1_369' title='bbox 3396 2129 3621 2182; x_wconf 74' lang='grc' dir='ltr'>ἔσεσθαι.»</span> 
     </span>
    </p>
   </div>
   <div class='ocr_carea' id='block_1_46' title="bbox 2109 2224 3624 2296">
    <p class='ocr_par' dir='ltr' id='par_1_46' title="bbox 2109 2224 3624 2296">
     <span class='ocr_line' id='line_1_46' title="bbox 2109 2224 3624 2296; baseline -0.001 -18"><span class='ocrx_word' id='word_1_370' title='bbox 2109 2228 2228 2279; x_wconf 89' lang='grc' dir='ltr'>’Ότι</span> <span class='ocrx_word' id='word_1_371' title='bbox 2267 2227 2343 2290; x_wconf 80' lang='grc' dir='ltr'>δὲ,</span> <span class='ocrx_word' id='word_1_372' title='bbox 2371 2227 2446 2290; x_wconf 84' lang='grc' dir='ltr'>ὡς</span> <span class='ocrx_word' id='word_1_373' title='bbox 2495 2226 2727 2296; x_wconf 71' lang='grc' dir='ltr'>ἔφαμεν,</span> <span class='ocrx_word' id='word_1_374' title='bbox 2785 2228 2842 2279; x_wconf 84' lang='grc' dir='ltr'>ὲν</span> <span class='ocrx_word' id='word_1_375' title='bbox 2875 2225 2953 2296; x_wconf 80' lang='grc' dir='ltr'><strong>τῷ</strong></span> <span class='ocrx_word' id='word_1_376' title='bbox 2985 2224 3105 2295; x_wconf 84' lang='grc' dir='ltr'><strong>Θεῷ</strong></span> <span class='ocrx_word' id='word_1_377' title='bbox 3145 2225 3214 2278; x_wconf 83' lang='grc' dir='ltr'>τὰ</span> <span class='ocrx_word' id='word_1_378' title='bbox 3265 2226 3442 2278; x_wconf 79' lang='grc' dir='ltr'>πάντα</span> <span class='ocrx_word' id='word_1_379' title='bbox 3471 2227 3548 2278; x_wconf 77' lang='grc' dir='ltr'>καὶ</span> <span class='ocrx_word' id='word_1_380' title='bbox 3583 2227 3624 2289; x_wconf 78' lang='grc' dir='ltr'>ἐξ</span> 
     </span>
    </p>
   </div>
   <div class='ocr_carea' id='block_1_47' title="bbox 2106 2316 3628 2390">
    <p class='ocr_par' dir='ltr' id='par_1_47' title="bbox 2106 2316 3628 2390">
     <span class='ocr_line' id='line_1_47' title="bbox 2106 2316 3628 2390; baseline 0.001 -21"><span class='ocrx_word' id='word_1_381' title='bbox 2106 2317 2269 2370; x_wconf 82' lang='grc' dir='ltr'>αὑτοῦ</span> <span class='ocrx_word' id='word_1_382' title='bbox 2314 2319 2570 2388; x_wconf 82' lang='grc' dir='ltr'>πέφηνεν,</span> <span class='ocrx_word' id='word_1_383' title='bbox 2604 2317 2732 2390; x_wconf 77' lang='grc'><strong>[166</strong></span> <span class='ocrx_word' id='word_1_384' title='bbox 2765 2316 2817 2389; x_wconf 80' lang='lat' dir='ltr'><strong>b]</strong></span> <span class='ocrx_word' id='word_1_385' title='bbox 2847 2317 3254 2389; x_wconf 77' lang='grc' dir='ltr'>μαρτυροῦντες</span> <span class='ocrx_word' id='word_1_386' title='bbox 3304 2316 3397 2370; x_wconf 71' lang='grc' dir='ltr'><strong>καὶ</strong></span> <span class='ocrx_word' id='word_1_387' title='bbox 3422 2316 3628 2386; x_wconf 80' lang='grc' dir='ltr'>Ἕλληνες</span> 
     </span>
    </p>
   </div>
   <div class='ocr_carea' id='block_1_48' title="bbox 2107 2410 2584 2479">
    <p class='ocr_par' dir='ltr' id='par_1_48' title="bbox 2107 2410 2584 2479">
     <span class='ocr_line' id='line_1_48' title="bbox 2107 2410 2584 2479; baseline 0.004 -18"><span class='ocrx_word' id='word_1_388' title='bbox 2107 2410 2350 2479; x_wconf 70' lang='grc' dir='ltr'>ἔγραψαν</span> <span class='ocrx_word' id='word_1_389' title='bbox 2381 2410 2553 2463; x_wconf 88' lang='grc' dir='ltr'>ταῦτα</span> <span class='ocrx_word' id='word_1_390' title='bbox 2571 2426 2584 2438; x_wconf 79' lang='grc'><strong><em>⁸</em></strong></span> 
     </span>
    </p>
   </div>
   <div class='ocr_carea' id='block_1_49' title="bbox 439 2497 3626 2568">
    <p class='ocr_par' dir='ltr' id='par_1_49' title="bbox 439 2497 3626 2568">
     <span class='ocr_line' id='line_1_49' title="bbox 439 2497 3626 2568; baseline 0 -17"><span class='ocrx_word' id='word_1_391' title='bbox 439 2499 552 2552; x_wconf 82' lang='lat' dir='ltr'><strong>fieri</strong></span> <span class='ocrx_word' id='word_1_392' title='bbox 588 2510 800 2568; x_wconf 88' lang='lat' dir='ltr'><strong>propter</strong></span> <span class='ocrx_word' id='word_1_393' title='bbox 827 2509 1036 2566; x_wconf 87' lang='lat' dir='ltr'><strong>tempus</strong></span> <span class='ocrx_word' id='word_1_394' title='bbox 1062 2497 1200 2568; x_wconf 88' lang='lat'><strong>(98),</strong></span> <span class='ocrx_word' id='word_1_395' title='bbox 1230 2512 1328 2552; x_wconf 91' lang='lat' dir='ltr'><strong>nec</strong></span> <span class='ocrx_word' id='word_1_396' title='bbox 1357 2497 1522 2553; x_wconf 89' lang='lat' dir='ltr'><strong>fuisse</strong></span> <span class='ocrx_word' id='word_1_397' title='bbox 1551 2513 1712 2561; x_wconf 91' lang='lat' dir='ltr'><strong>nunc,</strong></span> <span class='ocrx_word' id='word_1_398' title='bbox 1745 2515 1846 2554; x_wconf 89' lang='lat' dir='ltr'><strong>nec</strong></span> <span class='ocrx_word' id='word_1_399' title='bbox 1877 2517 2062 2556; x_wconf 90' lang='lat' dir='ltr'><strong>rursus</strong></span> <span class='ocrx_word' id='word_1_400' title='bbox 2127 2505 2360 2554; x_wconf 85' lang='lat' dir='ltr'><strong>futurum</strong></span> <span class='ocrx_word' id='word_1_401' title='bbox 2413 2517 2551 2555; x_wconf 85' lang='lat' dir='ltr'><strong>esse.</strong></span> <span class='ocrx_word' id='word_1_402' title='bbox 2585 2520 2602 2552; x_wconf 76' lang='grc' dir='ltr'><strong>ι</strong></span> <span class='ocrx_word' id='word_1_403' title='bbox 2640 2499 2791 2567; x_wconf 84' lang='lat' dir='ltr'><strong>Quod</strong></span> <span class='ocrx_word' id='word_1_404' title='bbox 2816 2514 2943 2553; x_wconf 89' lang='lat' dir='ltr'><strong>vero</strong></span> <span class='ocrx_word' id='word_1_405' title='bbox 2982 2499 3183 2564; x_wconf 89' lang='lat' dir='ltr'><strong>omnia,</strong></span> <span class='ocrx_word' id='word_1_406' title='bbox 3237 2509 3302 2552; x_wconf 90' lang='lat' dir='ltr'><strong>ut</strong></span> <span class='ocrx_word' id='word_1_407' title='bbox 3338 2499 3559 2562; x_wconf 81' lang='lat' dir='ltr'><strong>diximus,</strong></span> <span class='ocrx_word' id='word_1_408' title='bbox 3588 2500 3626 2551; x_wconf 87' lang='lat' dir='ltr'><strong>in</strong></span> 
     </span>
    </p>
   </div>
   <div class='ocr_carea' id='block_1_50' title="bbox 436 2591 3630 2664">
    <p class='ocr_par' dir='ltr' id='par_1_50' title="bbox 436 2591 3630 2664">
     <span class='ocr_line' id='line_1_50' title="bbox 436 2591 3630 2664; baseline 0.001 -19"><span class='ocrx_word' id='word_1_409' title='bbox 436 2591 568 2658; x_wconf 91' lang='lat' dir='ltr'><strong>Deo,</strong></span> <span class='ocrx_word' id='word_1_410' title='bbox 635 2602 689 2647; x_wconf 87' lang='lat' dir='ltr'><strong>et</strong></span> <span class='ocrx_word' id='word_1_411' title='bbox 726 2607 791 2647; x_wconf 76' lang='lat' dir='ltr'><strong>ex</strong></span> <span class='ocrx_word' id='word_1_412' title='bbox 845 2591 954 2647; x_wconf 90' lang='lat' dir='ltr'><strong>Deo</strong></span> <span class='ocrx_word' id='word_1_413' title='bbox 986 2607 1084 2662; x_wconf 85' lang='lat' dir='ltr'><strong>per</strong></span> <span class='ocrx_word' id='word_1_414' title='bbox 1134 2593 1460 2648; x_wconf 86' lang='lat' dir='ltr'><strong>creationem</strong></span> <span class='ocrx_word' id='word_1_415' title='bbox 1507 2594 1841 2664; x_wconf 86' lang='lat' dir='ltr'><strong>prodierint,</strong></span> <span class='ocrx_word' id='word_1_416' title='bbox 1881 2597 2111 2651; x_wconf 87' lang='lat' dir='ltr'><strong>acveluti</strong></span> <span class='ocrx_word' id='word_1_417' title='bbox 2147 2599 2431 2660; x_wconf 72' lang='lat' dir='ltr'><strong>eluxerint,</strong></span> <span class='ocrx_word' id='word_1_418' title='bbox 2483 2605 2747 2651; x_wconf 85' lang='lat' dir='ltr'><strong>testantur</strong></span> <span class='ocrx_word' id='word_1_419' title='bbox 2769 2595 2932 2650; x_wconf 84' lang='lat' dir='ltr'><strong>etiam</strong></span> <span class='ocrx_word' id='word_1_420' title='bbox 2983 2593 3177 2658; x_wconf 66' lang='lat' dir='ltr'><strong>Graeci,</strong></span> <span class='ocrx_word' id='word_1_421' title='bbox 3231 2610 3359 2648; x_wconf 86' lang='lat' dir='ltr'><strong>cum</strong></span> <span class='ocrx_word' id='word_1_422' title='bbox 3399 2594 3500 2649; x_wconf 65' lang='lat' dir='ltr'><strong>hac</strong></span> <span class='ocrx_word' id='word_1_423' title='bbox 3531 2594 3630 2648; x_wconf 74' lang='lat' dir='ltr'><strong>scri-</strong></span> 
     </span>
    </p>
   </div>
   <div class='ocr_carea' id='block_1_51' title="bbox 436 2686 668 2744">
    <p class='ocr_par' dir='ltr' id='par_1_51' title="bbox 436 2686 668 2744">
     <span class='ocr_line' id='line_1_51' title="bbox 436 2686 668 2744; baseline 0.026 -6"><span class='ocrx_word' id='word_1_424' title='bbox 436 2686 668 2744; x_wconf 80' lang='lat' dir='ltr'><strong>buntz.</strong></span> 
     </span>
    </p>
   </div>
   <div class='ocr_carea' id='block_1_52' title="bbox 544 2774 2009 2898">
    <p class='ocr_par' dir='ltr' id='par_1_52' title="bbox 544 2774 2009 2898">
     <span class='ocr_line' id='line_1_52' title="bbox 544 2774 2009 2898; baseline -0.005 -65"><span class='ocrx_word' id='word_1_425' title='bbox 544 2778 669 2848; x_wconf 78' lang='lat' dir='ltr'><strong>Ipse</strong></span> <span class='ocrx_word' id='word_1_426' title='bbox 709 2779 933 2848; x_wconf 74' lang='lat' dir='ltr'><strong>seipsum</strong></span> <span class='ocrx_word' id='word_1_427' title='bbox 966 2779 1072 2849; x_wconf 87' lang='lat' dir='ltr'><strong>agit</strong></span> <span class='ocrx_word' id='word_1_428' title='bbox 1105 2777 1245 2834; x_wconf 77' lang='lat' dir='ltr'><strong>Deus</strong></span> <span class='ocrx_word' id='word_1_429' title='bbox 1275 2774 1591 2830; x_wconf 77' lang='lat' dir='ltr'><strong>immortalis</strong></span> <span class='ocrx_word' id='word_1_430' title='bbox 1626 2789 1645 2826; x_wconf 90' lang='lat'><strong><em>:</em></strong></span> <span class='ocrx_word' id='word_1_431' title='bbox 1682 2785 1808 2898; x_wconf 51' lang='lat' dir='ltr'><strong>squ;</strong></span> <span class='ocrx_word' id='word_1_432' title='bbox 1834 2783 2009 2856; x_wconf 75' lang='lat' dir='ltr'><strong>autem</strong></span> 
     </span>
     <span class='ocr_line' id='line_1_53' title="bbox 1748 2859 1955 2898; baseline -0.01 -2"><span class='ocrx_word' id='word_1_433' title='bbox 1748 2865 1774 2896; x_wconf 79' lang='grc' dir='ltr'>(ι</span> <span class='ocrx_word' id='word_1_434' title='bbox 1845 2859 1955 2898; x_wconf 76' lang='lat' dir='ltr'><strong>ipso</strong></span> 
     </span>
    </p>
   </div>
   <div class='ocr_carea' id='block_1_53' title="bbox 1748 2859 1955 2896">
    <p class='ocr_par' dir='ltr' id='par_1_53' title="bbox 1748 2859 1955 2896">
     <span class='ocr_line' id='line_1_54' title="bbox 1748 2859 1955 2896; baseline -0.005 0"><span class='ocrx_word' id='word_1_435' title='bbox 1748 2859 1808 2896; x_wconf 67' lang='grc' dir='ltr'><strong>(ευ</strong></span> <span class='ocrx_word' id='word_1_436' title='bbox 1845 2859 1955 2896; x_wconf 78' lang='grc' dir='ltr'>ιυιςο</span> 
     </span>
    </p>
   </div>
   <div class='ocr_carea' id='block_1_54' title="bbox 545 2846 1895 2987">
    <p class='ocr_par' dir='ltr' id='par_1_54' title="bbox 545 2846 1895 2987">
     <span class='ocr_line' id='line_1_55' title="bbox 1748 2861 1859 2896; baseline -0.009 0"><span class='ocrx_word' id='word_1_437' title='bbox 1748 2865 1774 2896; x_wconf 79' lang='grc' dir='ltr'>(ι</span> <span class='ocrx_word' id='word_1_438' title='bbox 1845 2861 1859 2895; x_wconf 81' lang='grc' dir='ltr'><strong>ι</strong></span> 
     </span>
     <span class='ocr_line' id='line_1_56' title="bbox 545 2846 1895 2987; baseline -0.005 -15"><span class='ocrx_word' id='word_1_439' title='bbox 545 2918 756 2980; x_wconf 78' lang='lat' dir='ltr'><strong>Omnia,</strong></span> <span class='ocrx_word' id='word_1_440' title='bbox 793 2928 837 2971; x_wconf 86' lang='lat' dir='ltr'><strong>et</strong></span> <span class='ocrx_word' id='word_1_441' title='bbox 880 2919 935 2971; x_wconf 88' lang='lat' dir='ltr'><strong>in</strong></span> <span class='ocrx_word' id='word_1_442' title='bbox 971 2920 1147 2987; x_wconf 84' lang='lat' dir='ltr'><strong>magni</strong></span> <span class='ocrx_word' id='word_1_443' title='bbox 1184 2917 1280 2971; x_wconf 85' lang='lat' dir='ltr'><strong>Dei</strong></span> <span class='ocrx_word' id='word_1_444' title='bbox 1334 2925 1502 2970; x_wconf 81' lang='lat' dir='ltr'><strong>mente</strong></span> <span class='ocrx_word' id='word_1_445' title='bbox 1545 2917 1686 2970; x_wconf 86' lang='lat' dir='ltr'><strong>edita</strong></span> <span class='ocrx_word' id='word_1_446' title='bbox 1723 2846 1895 2969; x_wconf 47' lang='lat' dir='ltr'><strong>iniit!)</strong></span> 
     </span>
    </p>
   </div>
   <div class='ocr_carea' id='block_1_55' title="bbox 516 3007 2004 3076">
    <p class='ocr_par' dir='ltr' id='par_1_55' title="bbox 516 3007 2004 3076">
     <span class='ocr_line' id='line_1_57' title="bbox 516 3007 2004 3076; baseline -0.003 -13"><span class='ocrx_word' id='word_1_447' title='bbox 516 3009 624 3063; x_wconf 79' lang='lat' dir='ltr'><strong>Nec.</strong></span> <span class='ocrx_word' id='word_1_448' title='bbox 652 3023 782 3063; x_wconf 85' lang='lat' dir='ltr'><strong>vero</strong></span> <span class='ocrx_word' id='word_1_449' title='bbox 808 3011 911 3063; x_wconf 90' lang='lat' dir='ltr'><strong>dici</strong></span> <span class='ocrx_word' id='word_1_450' title='bbox 955 3011 1175 3063; x_wconf 90' lang='lat' dir='ltr'><strong>omnino</strong></span> <span class='ocrx_word' id='word_1_451' title='bbox 1208 3011 1386 3073; x_wconf 86' lang='lat' dir='ltr'><strong>debet,</strong></span> <span class='ocrx_word' id='word_1_452' title='bbox 1419 3024 1540 3063; x_wconf 91' lang='lat' dir='ltr'><strong>eum</strong></span> <span class='ocrx_word' id='word_1_453' title='bbox 1581 3009 1671 3076; x_wconf 89' lang='lat' dir='ltr'><strong>qui</strong></span> <span class='ocrx_word' id='word_1_454' title='bbox 1704 3008 1772 3061; x_wconf 88' lang='lat' dir='ltr'><strong>sit</strong></span> <span class='ocrx_word' id='word_1_455' title='bbox 1804 3007 2004 3075; x_wconf 80' lang='lat' dir='ltr'><strong>primo—</strong></span> 
     </span>
    </p>
   </div>
   <div class='ocr_carea' id='block_1_56' title="bbox 2111 2758 3629 2870">
    <p class='ocr_par' dir='ltr' id='par_1_56' title="bbox 2111 2758 3629 2870">
     <span class='ocr_line' id='line_1_58' title="bbox 2111 2758 3629 2870; baseline 0.02 -45"><span class='ocrx_word' id='word_1_456' title='bbox 2111 2773 2304 2838; x_wconf 85' lang='grc' dir='ltr'>Αὐτὸς</span> <span class='ocrx_word' id='word_1_457' title='bbox 2347 2773 2566 2828; x_wconf 82' lang='grc' dir='ltr'><strong>ἑαυτὸν</strong></span> <span class='ocrx_word' id='word_1_458' title='bbox 2603 2774 2732 2846; x_wconf 75' lang='grc' dir='ltr'>ἄγει</span> <span class='ocrx_word' id='word_1_459' title='bbox 2773 2778 2918 2844; x_wconf 81' lang='grc' dir='ltr'>Θεὸς</span> <span class='ocrx_word' id='word_1_460' title='bbox 2956 2779 3246 2849; x_wconf 76' lang='grc' dir='ltr'>ἄμϐροτος</span> <span class='ocrx_word' id='word_1_461' title='bbox 3268 2797 3285 2811; x_wconf 88' lang='grc'><strong><em>⁸</em></strong></span> <span class='ocrx_word' id='word_1_462' title='bbox 3334 2780 3536 2870; x_wconf 51' lang='grc' dir='ltr'><strong>ἕσρβ</strong></span> 
     </span>
    </p>
   </div>
   <div class='ocr_carea' id='block_1_57' title="bbox 2107 2867 3626 2990">
    <p class='ocr_par' dir='ltr' id='par_1_57' title="bbox 2107 2867 3626 2990">
     <span class='ocr_line' id='line_1_59' title="bbox 2107 2867 3626 2990; baseline 0.005 -24"><span class='ocrx_word' id='word_1_463' title='bbox 2107 2913 2342 2979; x_wconf 83' lang='grc' dir='ltr'>Πάντα,</span> <span class='ocrx_word' id='word_1_464' title='bbox 2386 2916 2481 2969; x_wconf 79' lang='grc' dir='ltr'>καὶ</span> <span class='ocrx_word' id='word_1_465' title='bbox 2525 2917 2594 2970; x_wconf 81' lang='grc' dir='ltr'><strong>ἐν</strong></span> <span class='ocrx_word' id='word_1_466' title='bbox 2631 2917 2916 2988; x_wconf 75' lang='grc' dir='ltr'><strong>μεγάλοιο</strong></span> <span class='ocrx_word' id='word_1_467' title='bbox 2957 2919 3104 2974; x_wconf 82' lang='grc' dir='ltr'>Θεοῦ</span> <span class='ocrx_word' id='word_1_468' title='bbox 3162 2922 3287 2987; x_wconf 77' lang='grc' dir='ltr'><strong>νόῳ</strong></span> <span class='ocrx_word' id='word_1_469' title='bbox 3321 2867 3626 2990; x_wconf 46' lang='lat' dir='ltr'><strong>éEelgzat&#39;f-iiq.</strong></span> 
     </span>
    </p>
   </div>
   <div class='ocr_carea' id='block_1_58' title="bbox 2179 3006 3630 3083">
    <p class='ocr_par' dir='ltr' id='par_1_58' title="bbox 2179 3006 3630 3083">
     <span class='ocr_line' id='line_1_60' title="bbox 2179 3006 3630 3083; baseline 0.006 -25"><span class='ocrx_word' id='word_1_470' title='bbox 2179 3007 2254 3058; x_wconf 80' lang='grc' dir='ltr'><strong>Οὐ</strong></span> <span class='ocrx_word' id='word_1_471' title='bbox 2301 3006 2518 3072; x_wconf 85' lang='grc' dir='ltr'>πάντως</span> <span class='ocrx_word' id='word_1_472' title='bbox 2554 3009 2610 3062; x_wconf 78' lang='grc' dir='ltr'>δὲ</span> <span class='ocrx_word' id='word_1_473' title='bbox 2639 3012 2668 3063; x_wconf 87' lang='grc' dir='ltr'><strong>ό</strong></span> <span class='ocrx_word' id='word_1_474' title='bbox 2715 3011 3058 3082; x_wconf 75' lang='grc' dir='ltr'>πρωτότοκος</span> <span class='ocrx_word' id='word_1_475' title='bbox 3109 3013 3168 3064; x_wconf 74' lang='grc' dir='ltr'>οὐ</span> <span class='ocrx_word' id='word_1_476' title='bbox 3206 3015 3509 3083; x_wconf 76' lang='grc' dir='ltr'>μονογενὴς,</span> 
     </span>
    </p>
   </div>
   <div class='ocr_carea' id='block_1_59' title="bbox 446 3085 2005 3175">
    <p class='ocr_par' dir='ltr' id='par_1_59' title="bbox 446 3096 2005 3169">
     <span class='ocr_line' id='line_1_61' title="bbox 446 3096 2005 3169; baseline -0.003 -15"><span class='ocrx_word' id='word_1_477' title='bbox 446 3100 678 3169; x_wconf 76' lang='lat' dir='ltr'><strong>genitus,</strong></span> <span class='ocrx_word' id='word_1_478' title='bbox 715 3113 820 3153; x_wconf 92' lang='lat' dir='ltr'><strong>non</strong></span> <span class='ocrx_word' id='word_1_479' title='bbox 863 3112 984 3153; x_wconf 91' lang='lat' dir='ltr'><strong>esse</strong></span> <span class='ocrx_word' id='word_1_480' title='bbox 1018 3099 1370 3165; x_wconf 78' lang='lat' dir='ltr'><strong>unigenitum,</strong></span> <span class='ocrx_word' id='word_1_481' title='bbox 1408 3099 1501 3153; x_wconf 89' lang='lat' dir='ltr'><strong>sed</strong></span> <span class='ocrx_word' id='word_1_482' title='bbox 1539 3096 1823 3164; x_wconf 88' lang='lat' dir='ltr'><strong>aliquando</strong></span> <span class='ocrx_word' id='word_1_483' title='bbox 1871 3111 2005 3149; x_wconf 91' lang='lat' dir='ltr'><strong>unus</strong></span> 
     </span>
    </p>
   </div>
   <div class='ocr_carea' id='block_1_60' title="bbox 2110 3085 3630 3175">
    <p class='ocr_par' dir='ltr' id='par_1_60' title="bbox 2110 3099 3630 3175">
     <span class='ocr_line' id='line_1_62' title="bbox 2110 3099 3630 3175; baseline 0.005 -24"><span class='ocrx_word' id='word_1_484' title='bbox 2110 3099 2219 3152; x_wconf 78' lang='grc' dir='ltr'>ἐσθ’</span> <span class='ocrx_word' id='word_1_485' title='bbox 2247 3101 2332 3153; x_wconf 81' lang='grc' dir='ltr'>ὅτε</span> <span class='ocrx_word' id='word_1_486' title='bbox 2361 3101 2428 3153; x_wconf 76' lang='grc' dir='ltr'><strong>τὰ</strong></span> <span class='ocrx_word' id='word_1_487' title='bbox 2471 3102 2853 3173; x_wconf 80' lang='grc' dir='ltr'>συναμφότερα</span> <span class='ocrx_word' id='word_1_488' title='bbox 2877 3120 2891 3132; x_wconf 83' lang='grc'><strong>’</strong></span> <span class='ocrx_word' id='word_1_489' title='bbox 2929 3106 3025 3156; x_wconf 78' lang='grc' dir='ltr'>καὶ</span> <span class='ocrx_word' id='word_1_490' title='bbox 3055 3106 3082 3157; x_wconf 89' lang='grc' dir='ltr'><strong>ό</strong></span> <span class='ocrx_word' id='word_1_491' title='bbox 3115 3107 3414 3175; x_wconf 77' lang='grc' dir='ltr'>μονογενὴς</span> <span class='ocrx_word' id='word_1_492' title='bbox 3443 3105 3493 3157; x_wconf 79' lang='grc' dir='ltr'>δὲ</span> <span class='ocrx_word' id='word_1_493' title='bbox 3529 3107 3630 3159; x_wconf 77' lang='grc' dir='ltr'>πάν-</span> 
     </span>
    </p>
   </div>
   <div class='ocr_carea' id='block_1_61' title="bbox 441 3185 2002 3258">
    <p class='ocr_par' dir='ltr' id='par_1_61' title="bbox 441 3185 2002 3258">
     <span class='ocr_line' id='line_1_63' title="bbox 441 3185 2002 3258; baseline -0.001 -18"><span class='ocrx_word' id='word_1_494' title='bbox 441 3189 692 3256; x_wconf 83' lang='lat' dir='ltr'><strong>idemque</strong></span> <span class='ocrx_word' id='word_1_495' title='bbox 737 3197 791 3242; x_wconf 91' lang='lat' dir='ltr'><strong>et</strong></span> <span class='ocrx_word' id='word_1_496' title='bbox 853 3189 1238 3258; x_wconf 81' lang='lat' dir='ltr'><strong>primogenitns</strong></span> <span class='ocrx_word' id='word_1_497' title='bbox 1291 3188 1524 3249; x_wconf 91' lang='lat' dir='ltr'><strong>dicitur,</strong></span> <span class='ocrx_word' id='word_1_498' title='bbox 1574 3196 1628 3239; x_wconf 91' lang='lat' dir='ltr'><strong>et</strong></span> <span class='ocrx_word' id='word_1_499' title='bbox 1674 3185 2002 3252; x_wconf 82' lang='lat' dir='ltr'><strong>unigenitus.</strong></span> 
     </span>
    </p>
   </div>
   <div class='ocr_carea' id='block_1_62' title="bbox 441 3278 2008 3350">
    <p class='ocr_par' dir='ltr' id='par_1_62' title="bbox 441 3278 2008 3350">
     <span class='ocr_line' id='line_1_64' title="bbox 441 3278 2008 3350; baseline -0.002 -17"><span class='ocrx_word' id='word_1_500' title='bbox 441 3278 580 3343; x_wconf 84' lang='lat' dir='ltr'><strong>Quin</strong></span> <span class='ocrx_word' id='word_1_501' title='bbox 616 3281 660 3332; x_wconf 93' lang='lat' dir='ltr'><strong>is</strong></span> <span class='ocrx_word' id='word_1_502' title='bbox 691 3279 780 3348; x_wconf 80' lang='lat' dir='ltr'><strong>qui</strong></span> <span class='ocrx_word' id='word_1_503' title='bbox 846 3281 1154 3346; x_wconf 70' lang='lat' dir='ltr'><strong>unigenitus</strong></span> <span class='ocrx_word' id='word_1_504' title='bbox 1211 3289 1313 3345; x_wconf 81' lang='lat' dir='ltr'><strong>est,</strong></span> <span class='ocrx_word' id='word_1_505' title='bbox 1359 3279 1520 3350; x_wconf 78' lang='lat'><strong>352</strong></span> <span class='ocrx_word' id='word_1_506' title='bbox 1596 3279 1852 3333; x_wconf 92' lang='lat' dir='ltr'><strong>continuo</strong></span> <span class='ocrx_word' id='word_1_507' title='bbox 1924 3284 2008 3331; x_wconf 91' lang='lat' dir='ltr'><strong>est</strong></span> 
     </span>
    </p>
   </div>
   <div class='ocr_carea' id='block_1_63' title="bbox 449 3371 2008 3440">
    <p class='ocr_par' dir='ltr' id='par_1_63' title="bbox 449 3371 2008 3440">
     <span class='ocr_line' id='line_1_65' title="bbox 449 3371 2008 3440; baseline 0 -18"><span class='ocrx_word' id='word_1_508' title='bbox 449 3371 611 3424; x_wconf 79' lang='lat' dir='ltr'><strong>etiam</strong></span> <span class='ocrx_word' id='word_1_509' title='bbox 641 3372 1045 3439; x_wconf 83' lang='lat' dir='ltr'><strong>primogenitus,</strong></span> <span class='ocrx_word' id='word_1_510' title='bbox 1086 3373 1185 3426; x_wconf 87' lang='lat' dir='ltr'><strong>etsi</strong></span> <span class='ocrx_word' id='word_1_511' title='bbox 1219 3372 1420 3425; x_wconf 87' lang='lat' dir='ltr'><strong>nullmn</strong></span> <span class='ocrx_word' id='word_1_512' title='bbox 1461 3381 1579 3440; x_wconf 88' lang='lat' dir='ltr'><strong>post</strong></span> <span class='ocrx_word' id='word_1_513' title='bbox 1611 3385 1669 3425; x_wconf 90' lang='lat' dir='ltr'><strong>se</strong></span> <span class='ocrx_word' id='word_1_514' title='bbox 1700 3371 1894 3423; x_wconf 85' lang='lat' dir='ltr'><strong>haheat</strong></span> <span class='ocrx_word' id='word_1_515' title='bbox 1925 3383 2008 3422; x_wconf 87' lang='lat' dir='ltr'><strong>se-</strong></span> 
     </span>
    </p>
   </div>
   <div class='ocr_carea' id='block_1_64' title="bbox 441 3461 2008 3532">
    <p class='ocr_par' dir='ltr' id='par_1_64' title="bbox 441 3461 2008 3532">
     <span class='ocr_line' id='line_1_66' title="bbox 441 3461 2008 3532; baseline -0.002 -17"><span class='ocrx_word' id='word_1_516' title='bbox 441 3461 878 3530; x_wconf 82' lang='lat' dir='ltr'><strong>cundogenitum,</strong></span> <span class='ocrx_word' id='word_1_517' title='bbox 963 3474 1055 3516; x_wconf 88' lang='lat' dir='ltr'><strong>aut</strong></span> <span class='ocrx_word' id='word_1_518' title='bbox 1123 3462 1546 3532; x_wconf 82' lang='lat' dir='ltr'><strong>tertiogenitum,</strong></span> <span class='ocrx_word' id='word_1_519' title='bbox 1610 3470 1792 3528; x_wconf 92' lang='lat' dir='ltr'><strong>utpote</strong></span> <span class='ocrx_word' id='word_1_520' title='bbox 1862 3461 2008 3513; x_wconf 89' lang='lat' dir='ltr'><strong>solus</strong></span> 
     </span>
    </p>
   </div>
   <div class='ocr_carea' id='block_1_65' title="bbox 442 3547 2010 3618">
    <p class='ocr_par' dir='ltr' id='par_1_65' title="bbox 442 3547 2010 3618">
     <span class='ocr_line' id='line_1_67' title="bbox 442 3547 2010 3618; baseline -0.003 -14"><span class='ocrx_word' id='word_1_521' title='bbox 442 3549 672 3617; x_wconf 71' lang='lat' dir='ltr'><strong>genitus,</strong></span> <span class='ocrx_word' id='word_1_522' title='bbox 703 3560 755 3605; x_wconf 91' lang='lat' dir='ltr'><strong>et</strong></span> <span class='ocrx_word' id='word_1_523' title='bbox 783 3565 977 3604; x_wconf 91' lang='lat' dir='ltr'><strong>nomen</strong></span> <span class='ocrx_word' id='word_1_524' title='bbox 1020 3564 1084 3603; x_wconf 86' lang='lat' dir='ltr'><strong>ex</strong></span> <span class='ocrx_word' id='word_1_525' title='bbox 1115 3567 1172 3604; x_wconf 92' lang='lat' dir='ltr'><strong>re</strong></span> <span class='ocrx_word' id='word_1_526' title='bbox 1206 3551 1450 3618; x_wconf 88' lang='lat' dir='ltr'><strong>adeptus.</strong></span> <span class='ocrx_word' id='word_1_527' title='bbox 1483 3552 1561 3602; x_wconf 82' lang='lat' dir='ltr'><strong>Ac</strong></span> <span class='ocrx_word' id='word_1_528' title='bbox 1587 3563 1716 3602; x_wconf 88' lang='lat' dir='ltr'><strong>sane</strong></span> <span class='ocrx_word' id='word_1_529' title='bbox 1747 3547 2010 3602; x_wconf 82' lang='lat' dir='ltr'><strong>Jeremias</strong></span> 
     </span>
    </p>
   </div>
   <div class='ocr_carea' id='block_1_66' title="bbox 441 3635 2008 3708">
    <p class='ocr_par' dir='ltr' id='par_1_66' title="bbox 441 3635 2008 3708">
     <span class='ocr_line' id='line_1_68' title="bbox 441 3635 2008 3708; baseline -0.002 -18"><span class='ocrx_word' id='word_1_530' title='bbox 441 3651 655 3708; x_wconf 89' lang='lat' dir='ltr'><strong>quoque</strong></span> <span class='ocrx_word' id='word_1_531' title='bbox 696 3654 762 3693; x_wconf 84' lang='lat' dir='ltr'><strong>ex</strong></span> <span class='ocrx_word' id='word_1_532' title='bbox 815 3655 1042 3707; x_wconf 86' lang='lat' dir='ltr'><strong>persona</strong></span> <span class='ocrx_word' id='word_1_533' title='bbox 1097 3639 1426 3694; x_wconf 87' lang='lat' dir='ltr'><strong>sanctissimi</strong></span> <span class='ocrx_word' id='word_1_534' title='bbox 1470 3638 1705 3708; x_wconf 87' lang='lat' dir='ltr'><strong>Spiritus</strong></span> <span class='ocrx_word' id='word_1_535' title='bbox 1735 3639 1809 3690; x_wconf 88' lang='lat' dir='ltr'><strong>ait</strong></span> <span class='ocrx_word' id='word_1_536' title='bbox 1841 3655 1854 3691; x_wconf 89' lang='lat'><strong>:</strong></span> <span class='ocrx_word' id='word_1_537' title='bbox 1889 3655 1909 3689; x_wconf 74' lang='grc' dir='ltr'><strong>ι</strong></span> <span class='ocrx_word' id='word_1_538' title='bbox 1946 3635 2008 3688; x_wconf 84' lang='grc' dir='ltr'>Ει</span> 
     </span>
    </p>
   </div>
   <div class='ocr_carea' id='block_1_67' title="bbox 442 3730 2008 3803">
    <p class='ocr_par' dir='ltr' id='par_1_67' title="bbox 442 3730 2008 3803">
     <span class='ocr_line' id='line_1_69' title="bbox 442 3730 2008 3803; baseline -0.003 -18"><span class='ocrx_word' id='word_1_539' title='bbox 442 3730 696 3800; x_wconf 75' lang='lat' dir='ltr'><strong>Ephraim</strong></span> <span class='ocrx_word' id='word_1_540' title='bbox 722 3731 834 3801; x_wconf 87' lang='lat'>(99)</span> <span class='ocrx_word' id='word_1_541' title='bbox 867 3733 1252 3803; x_wconf 85' lang='lat' dir='ltr'><strong>primogenitus</strong></span> <span class='ocrx_word' id='word_1_542' title='bbox 1299 3747 1470 3786; x_wconf 89' lang='lat' dir='ltr'><strong>meus.</strong></span> <span class='ocrx_word' id='word_1_543' title='bbox 1508 3750 1526 3783; x_wconf 76' lang='grc' dir='ltr'><strong>ι</strong></span> <span class='ocrx_word' id='word_1_544' title='bbox 1564 3732 1635 3784; x_wconf 87' lang='lat' dir='ltr'><strong>At</strong></span> <span class='ocrx_word' id='word_1_545' title='bbox 1684 3746 1751 3783; x_wconf 92' lang='lat' dir='ltr'><strong>ne</strong></span> <span class='ocrx_word' id='word_1_546' title='bbox 1793 3732 2008 3799; x_wconf 88' lang='lat' dir='ltr'><strong>proprio</strong></span> 
     </span>
    </p>
   </div>
   <div class='ocr_carea' id='block_1_68' title="bbox 440 3819 2006 3889">
    <p class='ocr_par' dir='ltr' id='par_1_68' title="bbox 440 3819 2006 3889">
     <span class='ocr_line' id='line_1_70' title="bbox 440 3819 2006 3889; baseline -0.003 -15"><span class='ocrx_word' id='word_1_547' title='bbox 440 3821 656 3888; x_wconf 89' lang='lat' dir='ltr'><strong>quidem</strong></span> <span class='ocrx_word' id='word_1_548' title='bbox 726 3823 860 3889; x_wconf 90' lang='lat' dir='ltr'><strong>patri</strong></span> <span class='ocrx_word' id='word_1_549' title='bbox 926 3831 1042 3874; x_wconf 91' lang='lat' dir='ltr'><strong>erat</strong></span> <span class='ocrx_word' id='word_1_550' title='bbox 1091 3821 1342 3888; x_wconf 83' lang='lat' dir='ltr'><strong>Ephraim</strong></span> <span class='ocrx_word' id='word_1_551' title='bbox 1400 3819 1810 3888; x_wconf 83' lang='lat' dir='ltr'><strong>primogenitus.</strong></span> <span class='ocrx_word' id='word_1_552' title='bbox 1873 3819 2006 3872; x_wconf 79' lang='lat' dir='ltr'><strong>Cum</strong></span> 
     </span>
    </p>
   </div>
   <div class='ocr_carea' id='block_1_69' title="bbox 441 3911 2009 3980">
    <p class='ocr_par' dir='ltr' id='par_1_69' title="bbox 441 3911 2009 3980">
     <span class='ocr_line' id='line_1_71' title="bbox 441 3911 2009 3980; baseline 0 -16"><span class='ocrx_word' id='word_1_553' title='bbox 441 3927 571 3978; x_wconf 74' lang='lat' dir='ltr'><strong>ergo</strong></span> <span class='ocrx_word' id='word_1_554' title='bbox 605 3911 720 3980; x_wconf 87' lang='lat' dir='ltr'><strong>ipse</strong></span> <span class='ocrx_word' id='word_1_555' title='bbox 751 3913 949 3966; x_wconf 88' lang='lat' dir='ltr'><strong>veritas</strong></span> <span class='ocrx_word' id='word_1_556' title='bbox 981 3913 1072 3976; x_wconf 86' lang='lat' dir='ltr'><strong>sit,</strong></span> <span class='ocrx_word' id='word_1_557' title='bbox 1109 3923 1163 3966; x_wconf 92' lang='lat' dir='ltr'><strong>et</strong></span> <span class='ocrx_word' id='word_1_558' title='bbox 1210 3912 1464 3975; x_wconf 81' lang='lat' dir='ltr'><strong>creatrix,</strong></span> <span class='ocrx_word' id='word_1_559' title='bbox 1497 3927 1560 3965; x_wconf 84' lang='lat' dir='ltr'><strong>ac</strong></span> <span class='ocrx_word' id='word_1_560' title='bbox 1589 3926 1683 3979; x_wconf 89' lang='lat' dir='ltr'><strong>per</strong></span> <span class='ocrx_word' id='word_1_561' title='bbox 1712 3926 1770 3964; x_wconf 88' lang='lat' dir='ltr'><strong>se</strong></span> <span class='ocrx_word' id='word_1_562' title='bbox 1794 3912 2009 3977; x_wconf 88' lang='lat' dir='ltr'><strong>sapiens</strong></span> 
     </span>
    </p>
   </div>
   <div class='ocr_carea' id='block_1_70' title="bbox 444 4002 2005 4073">
    <p class='ocr_par' dir='ltr' id='par_1_70' title="bbox 444 4002 2005 4073">
     <span class='ocr_line' id='line_1_72' title="bbox 444 4002 2005 4073; baseline -0.002 -18"><span class='ocrx_word' id='word_1_563' title='bbox 444 4004 744 4070; x_wconf 86' lang='lat' dir='ltr'><strong>sapientia;</strong></span> <span class='ocrx_word' id='word_1_564' title='bbox 787 4019 906 4073; x_wconf 73' lang='lat' dir='ltr'><strong>qua:</strong></span> <span class='ocrx_word' id='word_1_565' title='bbox 936 4005 1002 4057; x_wconf 92' lang='lat' dir='ltr'><strong>de</strong></span> <span class='ocrx_word' id='word_1_566' title='bbox 1036 4003 1126 4058; x_wconf 88' lang='lat' dir='ltr'><strong>illo</strong></span> <span class='ocrx_word' id='word_1_567' title='bbox 1158 4004 1354 4072; x_wconf 86' lang='lat' dir='ltr'><strong>scripta</strong></span> <span class='ocrx_word' id='word_1_568' title='bbox 1399 4013 1547 4066; x_wconf 89' lang='lat' dir='ltr'><strong>sunt,</strong></span> <span class='ocrx_word' id='word_1_569' title='bbox 1595 4002 1746 4068; x_wconf 80' lang='lat' dir='ltr'><strong>juxta</strong></span> <span class='ocrx_word' id='word_1_570' title='bbox 1790 4016 2005 4057; x_wconf 84' lang='lat' dir='ltr'><strong>sensum</strong></span> 
     </span>
    </p>
   </div>
   <div class='ocr_carea' id='block_1_71' title="bbox 443 4092 2007 4162">
    <p class='ocr_par' dir='ltr' id='par_1_71' title="bbox 443 4092 2007 4162">
     <span class='ocr_line' id='line_1_73' title="bbox 443 4092 2007 4162; baseline 0.001 -17"><span class='ocrx_word' id='word_1_571' title='bbox 443 4093 552 4146; x_wconf 90' lang='lat' dir='ltr'><strong>Deo</strong></span> <span class='ocrx_word' id='word_1_572' title='bbox 583 4093 799 4161; x_wconf 84' lang='lat' dir='ltr'><strong>dignum</strong></span> <span class='ocrx_word' id='word_1_573' title='bbox 845 4108 1082 4162; x_wconf 88' lang='lat' dir='ltr'><strong>accepta,</strong></span> <span class='ocrx_word' id='word_1_574' title='bbox 1109 4094 1239 4147; x_wconf 89' lang='lat' dir='ltr'><strong>nihil</strong></span> <span class='ocrx_word' id='word_1_575' title='bbox 1278 4093 1396 4146; x_wconf 88' lang='lat' dir='ltr'><strong>falsi</strong></span> <span class='ocrx_word' id='word_1_576' title='bbox 1435 4095 1634 4147; x_wconf 84' lang='lat' dir='ltr'><strong>habere</strong></span> <span class='ocrx_word' id='word_1_577' title='bbox 1672 4094 1888 4146; x_wconf 88' lang='lat' dir='ltr'><strong>debent.</strong></span> <span class='ocrx_word' id='word_1_578' title='bbox 1923 4092 2007 4147; x_wconf 88' lang='lat' dir='ltr'><strong>Sit</strong></span> 
     </span>
    </p>
   </div>
   <div class='ocr_carea' id='block_1_72' title="bbox 449 4183 2007 4254">
    <p class='ocr_par' dir='ltr' id='par_1_72' title="bbox 449 4183 2007 4254">
     <span class='ocr_line' id='line_1_74' title="bbox 449 4183 2007 4254; baseline 0.003 -20"><span class='ocrx_word' id='word_1_579' title='bbox 449 4183 612 4252; x_wconf 76' lang='lat' dir='ltr'><strong>igitur</strong></span> <span class='ocrx_word' id='word_1_580' title='bbox 638 4195 691 4237; x_wconf 91' lang='lat' dir='ltr'><strong>et</strong></span> <span class='ocrx_word' id='word_1_581' title='bbox 725 4185 1135 4253; x_wconf 79' lang='lat' dir='ltr'><strong>primogenitus,</strong></span> <span class='ocrx_word' id='word_1_582' title='bbox 1163 4193 1218 4238; x_wconf 92' lang='lat' dir='ltr'><strong>et</strong></span> <span class='ocrx_word' id='word_1_583' title='bbox 1248 4185 1557 4254; x_wconf 86' lang='lat' dir='ltr'><strong>unigenitus</strong></span> <span class='ocrx_word' id='word_1_584' title='bbox 1598 4202 1611 4238; x_wconf 92' lang='lat'><strong>:</strong></span> <span class='ocrx_word' id='word_1_585' title='bbox 1645 4185 1739 4238; x_wconf 89' lang='lat' dir='ltr'><strong>sed</strong></span> <span class='ocrx_word' id='word_1_586' title='bbox 1771 4188 1940 4252; x_wconf 81' lang='lat' dir='ltr'><strong>magis</strong></span> <span class='ocrx_word' id='word_1_587' title='bbox 1959 4185 2007 4238; x_wconf 92' lang='lat' dir='ltr'><strong>ei</strong></span> 
     </span>
    </p>
   </div>
   <div class='ocr_carea' id='block_1_73' title="bbox 444 4275 2002 4345">
    <p class='ocr_par' dir='ltr' id='par_1_73' title="bbox 444 4275 2002 4345">
     <span class='ocr_line' id='line_1_75' title="bbox 444 4275 2002 4345; baseline 0.005 -22"><span class='ocrx_word' id='word_1_588' title='bbox 444 4275 693 4328; x_wconf 78' lang='lat' dir='ltr'><strong>convenit</strong></span> <span class='ocrx_word' id='word_1_589' title='bbox 741 4286 983 4345; x_wconf 91' lang='lat' dir='ltr'><strong>respectu</strong></span> <span class='ocrx_word' id='word_1_590' title='bbox 1029 4277 1422 4330; x_wconf 88' lang='lat' dir='ltr'><strong>Incarnationis</strong></span> <span class='ocrx_word' id='word_1_591' title='bbox 1453 4292 1551 4329; x_wconf 79' lang='lat' dir='ltr'><strong>vox</strong></span> <span class='ocrx_word' id='word_1_592' title='bbox 1593 4278 2002 4345; x_wconf 81' lang='lat' dir='ltr'><strong>pritnogenitns.</strong></span> 
     </span>
    </p>
   </div>
   <div class='ocr_carea' id='block_1_74' title="bbox 443 4361 2009 4435">
    <p class='ocr_par' dir='ltr' id='par_1_74' title="bbox 443 4361 2009 4435">
     <span class='ocr_line' id='line_1_76' title="bbox 443 4361 2009 4435; baseline 0.002 -19"><span class='ocrx_word' id='word_1_593' title='bbox 443 4361 558 4416; x_wconf 85' lang='lat' dir='ltr'><strong>Nisi</strong></span> <span class='ocrx_word' id='word_1_594' title='bbox 592 4365 736 4417; x_wconf 90' lang='lat' dir='ltr'><strong>enim</strong></span> <span class='ocrx_word' id='word_1_595' title='bbox 773 4366 843 4419; x_wconf 89' lang='lat' dir='ltr'><strong>ob</strong></span> <span class='ocrx_word' id='word_1_596' title='bbox 884 4365 1208 4420; x_wconf 72' lang='lat' dir='ltr'><strong>ineffabilem</strong></span> <span class='ocrx_word' id='word_1_597' title='bbox 1252 4382 1374 4433; x_wconf 80' lang='lat' dir='ltr'><strong>erga</strong></span> <span class='ocrx_word' id='word_1_598' title='bbox 1426 4367 1673 4420; x_wconf 90' lang='lat' dir='ltr'><strong>homines</strong></span> <span class='ocrx_word' id='word_1_599' title='bbox 1709 4367 2009 4435; x_wconf 85' lang='lat' dir='ltr'><strong>benignita-</strong></span> 
     </span>
    </p>
   </div>
   <div class='ocr_carea' id='block_1_75' title="bbox 2107 3195 3631 3266">
    <p class='ocr_par' dir='ltr' id='par_1_75' title="bbox 2107 3195 3631 3266">
     <span class='ocr_line' id='line_1_77' title="bbox 2107 3195 3631 3266; baseline 0.002 -21"><span class='ocrx_word' id='word_1_600' title='bbox 2107 3210 2215 3256; x_wconf 87' lang='grc' dir='ltr'><strong>τως</strong></span> <span class='ocrx_word' id='word_1_601' title='bbox 2243 3195 2337 3246; x_wconf 77' lang='grc' dir='ltr'>καὶ</span> <span class='ocrx_word' id='word_1_602' title='bbox 2386 3195 2728 3264; x_wconf 85' lang='grc' dir='ltr'>πρωτότοκος</span> <span class='ocrx_word' id='word_1_603' title='bbox 2770 3195 3082 3266; x_wconf 78' lang='grc' dir='ltr'>εὑρίσκεται</span> <span class='ocrx_word' id='word_1_604' title='bbox 3132 3195 3230 3249; x_wconf 74' lang='grc' dir='ltr'>οὐκ</span> <span class='ocrx_word' id='word_1_605' title='bbox 3268 3197 3408 3266; x_wconf 76' lang='grc' dir='ltr'>ἔχων</span> <span class='ocrx_word' id='word_1_606' title='bbox 3436 3197 3631 3266; x_wconf 66' lang='grc' dir='ltr'>δευτερός</span> 
     </span>
    </p>
   </div>
   <div class='ocr_carea' id='block_1_76' title="bbox 2107 3282 3632 3358">
    <p class='ocr_par' dir='ltr' id='par_1_76' title="bbox 2107 3282 3632 3358">
     <span class='ocr_line' id='line_1_78' title="bbox 2107 3282 3632 3358; baseline 0.002 -25"><span class='ocrx_word' id='word_1_607' title='bbox 2107 3282 2348 3354; x_wconf 81' lang='grc' dir='ltr'>τοκον,ἣ</span> <span class='ocrx_word' id='word_1_608' title='bbox 2399 3282 2738 3353; x_wconf 87' lang='grc' dir='ltr'>τριτότοκον,</span> <span class='ocrx_word' id='word_1_609' title='bbox 2785 3285 2860 3346; x_wconf 88' lang='grc' dir='ltr'>ὡς</span> <span class='ocrx_word' id='word_1_610' title='bbox 2922 3284 3082 3354; x_wconf 86' lang='grc' dir='ltr'>μόνος</span> <span class='ocrx_word' id='word_1_611' title='bbox 3139 3287 3424 3358; x_wconf 73' lang='grc' dir='ltr'>γεννηθεὶς</span> <span class='ocrx_word' id='word_1_612' title='bbox 3477 3287 3556 3339; x_wconf 80' lang='grc' dir='ltr'><strong>καὶ</strong></span> <span class='ocrx_word' id='word_1_613' title='bbox 3589 3287 3632 3337; x_wconf 71' lang='grc' dir='ltr'>τὸ</span> 
     </span>
    </p>
   </div>
   <div class='ocr_carea' id='block_1_77' title="bbox 2106 3372 3633 3447">
    <p class='ocr_par' dir='ltr' id='par_1_77' title="bbox 2106 3372 3633 3447">
     <span class='ocr_line' id='line_1_79' title="bbox 2106 3372 3633 3447; baseline 0.001 -23"><span class='ocrx_word' id='word_1_614' title='bbox 2106 3372 2273 3443; x_wconf 78' lang='grc' dir='ltr'>ὄνομα</span> <span class='ocrx_word' id='word_1_615' title='bbox 2325 3373 2389 3426; x_wconf 83' lang='grc' dir='ltr'>ὲκ</span> <span class='ocrx_word' id='word_1_616' title='bbox 2432 3374 2524 3426; x_wconf 91' lang='grc' dir='ltr'><strong>τοῦ</strong></span> <span class='ocrx_word' id='word_1_617' title='bbox 2566 3375 2890 3446; x_wconf 81' lang='grc' dir='ltr'>πράγματος</span> <span class='ocrx_word' id='word_1_618' title='bbox 2945 3375 3317 3447; x_wconf 82' lang='grc' dir='ltr'>κτησάμενος.</span> <span class='ocrx_word' id='word_1_619' title='bbox 3368 3377 3558 3447; x_wconf 83' lang='grc' dir='ltr'>Ἀμέλει</span> <span class='ocrx_word' id='word_1_620' title='bbox 3575 3394 3633 3427; x_wconf 78' lang='grc' dir='ltr'><strong>τοι</strong></span> 
     </span>
    </p>
   </div>
   <div class='ocr_carea' id='block_1_78' title="bbox 2108 3463 3634 3537">
    <p class='ocr_par' dir='ltr' id='par_1_78' title="bbox 2108 3463 3634 3537">
     <span class='ocr_line' id='line_1_80' title="bbox 2108 3463 3634 3537; baseline 0.006 -21"><span class='ocrx_word' id='word_1_621' title='bbox 2108 3463 2202 3517; x_wconf 71' lang='grc' dir='ltr'>καὶ</span> <span class='ocrx_word' id='word_1_622' title='bbox 2249 3466 2307 3516; x_wconf 85' lang='grc' dir='ltr'>ὲν</span> <span class='ocrx_word' id='word_1_623' title='bbox 2363 3465 2439 3535; x_wconf 79' lang='grc' dir='ltr'>τῷ</span> <span class='ocrx_word' id='word_1_624' title='bbox 2473 3466 2713 3536; x_wconf 81' lang='grc' dir='ltr'>Ἱερεμίᾳ</span> <span class='ocrx_word' id='word_1_625' title='bbox 2747 3466 2854 3520; x_wconf 86' lang='grc' dir='ltr'><strong>ἀπὸ</strong></span> <span class='ocrx_word' id='word_1_626' title='bbox 2899 3466 2992 3519; x_wconf 86' lang='grc' dir='ltr'><strong>τοῦ</strong></span> <span class='ocrx_word' id='word_1_627' title='bbox 3047 3466 3318 3534; x_wconf 80' lang='grc' dir='ltr'>παναγίου</span> <span class='ocrx_word' id='word_1_628' title='bbox 3374 3466 3634 3537; x_wconf 73' lang='grc' dir='ltr'>Πνεῦματός</span> 
     </span>
    </p>
   </div>
   <div class='ocr_carea' id='block_1_79' title="bbox 2108 3553 3634 3631">
    <p class='ocr_par' dir='ltr' id='par_1_79' title="bbox 2108 3553 3634 3631">
     <span class='ocr_line' id='line_1_81' title="bbox 2108 3553 3634 3631; baseline 0.001 -24"><span class='ocrx_word' id='word_1_629' title='bbox 2108 3573 2303 3628; x_wconf 79' lang='grc' dir='ltr'>φησιν·</span> <span class='ocrx_word' id='word_1_630' title='bbox 2344 3575 2362 3606; x_wconf 74' lang='grc' dir='ltr'><strong>ι</strong></span> <span class='ocrx_word' id='word_1_631' title='bbox 2393 3557 2505 3610; x_wconf 72' lang='grc' dir='ltr'><strong>Καὶ</strong></span> <span class='ocrx_word' id='word_1_632' title='bbox 2541 3557 2779 3631; x_wconf 69' lang='grc' dir='ltr'>Ἐφραῒμ</span> <span class='ocrx_word' id='word_1_633' title='bbox 2813 3559 3153 3630; x_wconf 75' lang='grc' dir='ltr'>πρωτότοκός</span> <span class='ocrx_word' id='word_1_634' title='bbox 3187 3558 3296 3631; x_wconf 78' lang='grc' dir='ltr'>μού</span> <span class='ocrx_word' id='word_1_635' title='bbox 3331 3561 3486 3613; x_wconf 74' lang='grc' dir='ltr'>ἐστιν.</span> <span class='ocrx_word' id='word_1_636' title='bbox 3515 3577 3531 3610; x_wconf 77' lang='grc' dir='ltr'><strong>ι</strong></span> <span class='ocrx_word' id='word_1_637' title='bbox 3553 3553 3634 3609; x_wconf 73' lang='grc' dir='ltr'>Ἦν</span> 
     </span>
    </p>
   </div>
   <div class='ocr_carea' id='block_1_80' title="bbox 2106 3646 3636 3723">
    <p class='ocr_par' dir='ltr' id='par_1_80' title="bbox 2106 3646 3636 3723">
     <span class='ocr_line' id='line_1_82' title="bbox 2106 3646 3636 3723; baseline 0.001 -24"><span class='ocrx_word' id='word_1_638' title='bbox 2106 3646 2162 3699; x_wconf 86' lang='grc' dir='ltr'>δὲ</span> <span class='ocrx_word' id='word_1_639' title='bbox 2191 3647 2310 3700; x_wconf 74' lang='grc' dir='ltr'>οὐδὲ</span> <span class='ocrx_word' id='word_1_640' title='bbox 2339 3647 2416 3719; x_wconf 78' lang='grc' dir='ltr'>τῷ</span> <span class='ocrx_word' id='word_1_641' title='bbox 2445 3648 2639 3702; x_wconf 79' lang='grc' dir='ltr'>ἑαυτοῦ</span> <span class='ocrx_word' id='word_1_642' title='bbox 2665 3651 2838 3722; x_wconf 79' lang='grc' dir='ltr'>Πατρὶ</span> <span class='ocrx_word' id='word_1_643' title='bbox 2868 3651 3210 3720; x_wconf 83' lang='grc' dir='ltr'>πρωτότοκος</span> <span class='ocrx_word' id='word_1_644' title='bbox 3243 3653 3495 3723; x_wconf 80' lang='grc' dir='ltr'>Ἐφραϊμ.</span> <span class='ocrx_word' id='word_1_645' title='bbox 3522 3652 3636 3703; x_wconf 72' lang='grc' dir='ltr'>Ἐπεὶ</span> 
     </span>
    </p>
   </div>
   <div class='ocr_carea' id='block_1_81' title="bbox 2105 3735 3635 3815">
    <p class='ocr_par' dir='ltr' id='par_1_81' title="bbox 2105 3735 3635 3815">
     <span class='ocr_line' id='line_1_83' title="bbox 2105 3735 3635 3815; baseline 0.002 -25"><span class='ocrx_word' id='word_1_646' title='bbox 2105 3735 2197 3792; x_wconf 86' lang='grc' dir='ltr'><strong>οῦν</strong></span> <span class='ocrx_word' id='word_1_647' title='bbox 2232 3740 2392 3802; x_wconf 81' lang='grc' dir='ltr'>αὐτὸς</span> <span class='ocrx_word' id='word_1_648' title='bbox 2423 3740 2455 3810; x_wconf 84' lang='grc' dir='ltr'><strong>ἠ</strong></span> <span class='ocrx_word' id='word_1_649' title='bbox 2492 3740 2736 3812; x_wconf 76' lang='grc' dir='ltr'>ἀλήθεια,</span> <span class='ocrx_word' id='word_1_650' title='bbox 2788 3742 2882 3796; x_wconf 77' lang='grc' dir='ltr'>καὶ</span> <span class='ocrx_word' id='word_1_651' title='bbox 2935 3743 2968 3813; x_wconf 76' lang='grc' dir='ltr'><strong>ἡ</strong></span> <span class='ocrx_word' id='word_1_652' title='bbox 3000 3742 3375 3815; x_wconf 81' lang='grc' dir='ltr'>δημιουργὸς,</span> <span class='ocrx_word' id='word_1_653' title='bbox 3417 3745 3502 3796; x_wconf 75' lang='grc' dir='ltr'><strong>καὶ</strong></span> <span class='ocrx_word' id='word_1_654' title='bbox 3548 3743 3635 3795; x_wconf 65' lang='lat' dir='ltr'><strong>dii-</strong></span> 
     </span>
    </p>
   </div>
   <div class='ocr_carea' id='block_1_82' title="bbox 2106 3828 3636 3905">
    <p class='ocr_par' dir='ltr' id='par_1_82' title="bbox 2106 3828 3636 3905">
     <span class='ocr_line' id='line_1_84' title="bbox 2106 3828 3636 3905; baseline 0.001 -23"><span class='ocrx_word' id='word_1_655' title='bbox 2106 3828 2299 3892; x_wconf 83' lang='grc' dir='ltr'>δακτος</span> <span class='ocrx_word' id='word_1_656' title='bbox 2327 3830 2509 3900; x_wconf 72' lang='grc' dir='ltr'>σοφία,</span> <span class='ocrx_word' id='word_1_657' title='bbox 2539 3831 2737 3902; x_wconf 86' lang='grc' dir='ltr'>πρέπει</span> <span class='ocrx_word' id='word_1_658' title='bbox 2776 3835 2889 3895; x_wconf 85' lang='grc' dir='ltr'>τοῖς</span> <span class='ocrx_word' id='word_1_659' title='bbox 2914 3832 3045 3904; x_wconf 79' lang='grc' dir='ltr'>περὶ</span> <span class='ocrx_word' id='word_1_660' title='bbox 3078 3833 3243 3886; x_wconf 83' lang='grc' dir='ltr'>αὑτοῦ</span> <span class='ocrx_word' id='word_1_661' title='bbox 3279 3834 3636 3905; x_wconf 69' lang='grc' dir='ltr'>γεγραμμένοις</span> 
     </span>
    </p>
   </div>
   <div class='ocr_carea' id='block_1_83' title="bbox 2107 3920 3638 3995">
    <p class='ocr_par' dir='ltr' id='par_1_83' title="bbox 2107 3920 3638 3995">
     <span class='ocr_line' id='line_1_85' title="bbox 2107 3920 3638 3995; baseline 0.002 -23"><span class='ocrx_word' id='word_1_662' title='bbox 2107 3921 2246 3974; x_wconf 80' lang='grc' dir='ltr'>κατὰ</span> <span class='ocrx_word' id='word_1_663' title='bbox 2280 3920 2554 3993; x_wconf 82' lang='grc' dir='ltr'>θεοπρεπῆ</span> <span class='ocrx_word' id='word_1_664' title='bbox 2585 3924 2768 3994; x_wconf 82' lang='grc' dir='ltr'>νόησιν</span> <span class='ocrx_word' id='word_1_665' title='bbox 2799 3924 2943 3994; x_wconf 75' lang='grc' dir='ltr'>ἔχειν</span> <span class='ocrx_word' id='word_1_666' title='bbox 2974 3924 3036 3977; x_wconf 76' lang='grc' dir='ltr'><strong>τὸ</strong></span> <span class='ocrx_word' id='word_1_667' title='bbox 3079 3925 3333 3995; x_wconf 72' lang='grc' dir='ltr'>ἀψευδές.</span> <span class='ocrx_word' id='word_1_668' title='bbox 3359 3928 3524 3980; x_wconf 83' lang='grc' dir='ltr'>Ἔστω</span> <span class='ocrx_word' id='word_1_669' title='bbox 3556 3926 3638 3977; x_wconf 82' lang='grc' dir='ltr'>τοί-</span> 
     </span>
    </p>
   </div>
   <div class='ocr_carea' id='block_1_84' title="bbox 2107 4014 3636 4091">
    <p class='ocr_par' dir='ltr' id='par_1_84' title="bbox 2107 4014 3636 4091">
     <span class='ocr_line' id='line_1_86' title="bbox 2107 4014 3636 4091; baseline 0.001 -26"><span class='ocrx_word' id='word_1_670' title='bbox 2107 4030 2212 4090; x_wconf 28' lang='grc' dir='ltr'>νυν,</span> <span class='ocrx_word' id='word_1_671' title='bbox 2262 4014 2356 4066; x_wconf 75' lang='grc' dir='ltr'>καὶ</span> <span class='ocrx_word' id='word_1_672' title='bbox 2411 4015 2701 4086; x_wconf 82' lang='grc' dir='ltr'>μονογενὴς</span> <span class='ocrx_word' id='word_1_673' title='bbox 2770 4019 2862 4069; x_wconf 68' lang='grc' dir='ltr'><strong>κα)⁵</strong></span> <span class='ocrx_word' id='word_1_674' title='bbox 2914 4020 3296 4088; x_wconf 77' lang='grc' dir='ltr'>πρωτότοκοςο</span> <span class='ocrx_word' id='word_1_675' title='bbox 3352 4020 3558 4091; x_wconf 80' lang='grc' dir='ltr'>ἁρμόζει</span> <span class='ocrx_word' id='word_1_676' title='bbox 3594 4017 3636 4067; x_wconf 70' lang='grc' dir='ltr'>δὲ</span> 
     </span>
    </p>
   </div>
   <div class='ocr_carea' id='block_1_85' title="bbox 2110 4102 3637 4180">
    <p class='ocr_par' dir='ltr' id='par_1_85' title="bbox 2110 4102 3637 4180">
     <span class='ocr_line' id='line_1_87' title="bbox 2110 4102 3637 4180; baseline 0.003 -25"><span class='ocrx_word' id='word_1_677' title='bbox 2110 4102 2306 4173; x_wconf 79' lang='grc' dir='ltr'>μᾶλλον</span> <span class='ocrx_word' id='word_1_678' title='bbox 2339 4105 2486 4175; x_wconf 77' lang='grc' dir='ltr'>αὐτῷ</span> <span class='ocrx_word' id='word_1_679' title='bbox 2529 4105 2664 4176; x_wconf 83' lang='grc' dir='ltr'>πρὸς</span> <span class='ocrx_word' id='word_1_680' title='bbox 2715 4106 2812 4176; x_wconf 79' lang='grc' dir='ltr'>τὴν</span> <span class='ocrx_word' id='word_1_681' title='bbox 2860 4109 3169 4178; x_wconf 81' lang='grc' dir='ltr'>οἰκονομίαν</span> <span class='ocrx_word' id='word_1_682' title='bbox 3207 4112 3240 4179; x_wconf 84' lang='grc' dir='ltr'>ἡ</span> <span class='ocrx_word' id='word_1_683' title='bbox 3287 4110 3380 4163; x_wconf 85' lang='grc' dir='ltr'><strong>τοῦ</strong></span> <span class='ocrx_word' id='word_1_684' title='bbox 3424 4131 3441 4162; x_wconf 79' lang='grc' dir='ltr'><strong>ι</strong></span> <span class='ocrx_word' id='word_1_685' title='bbox 3471 4108 3637 4180; x_wconf 74' lang='grc' dir='ltr'>πρωτό-</span> 
     </span>
    </p>
   </div>
   <div class='ocr_carea' id='block_1_86' title="bbox 2105 4195 3634 4270">
    <p class='ocr_par' dir='ltr' id='par_1_86' title="bbox 2105 4195 3634 4270">
     <span class='ocr_line' id='line_1_88' title="bbox 2105 4195 3634 4270; baseline 0.007 -24"><span class='ocrx_word' id='word_1_686' title='bbox 2105 4211 2262 4258; x_wconf 87' lang='grc' dir='ltr'>τοκος</span> <span class='ocrx_word' id='word_1_687' title='bbox 2287 4214 2304 4247; x_wconf 75' lang='grc' dir='ltr'><strong>ι</strong></span> <span class='ocrx_word' id='word_1_688' title='bbox 2339 4195 2500 4258; x_wconf 77' lang='grc' dir='ltr'>λέξις.</span> <span class='ocrx_word' id='word_1_689' title='bbox 2531 4197 2594 4249; x_wconf 80' lang='lat' dir='ltr'><strong>Ei</strong></span> <span class='ocrx_word' id='word_1_690' title='bbox 2628 4198 2702 4267; x_wconf 79' lang='grc' dir='ltr'>μὴ</span> <span class='ocrx_word' id='word_1_691' title='bbox 2739 4197 2847 4268; x_wconf 84' lang='grc' dir='ltr'><strong>γὰρ</strong></span> <span class='ocrx_word' id='word_1_692' title='bbox 2882 4197 2971 4250; x_wconf 80' lang='grc' dir='ltr'><strong>διὰ</strong></span> <span class='ocrx_word' id='word_1_693' title='bbox 3000 4198 3410 4270; x_wconf 81' lang='grc' dir='ltr'>φιλανθρωπίαν</span> <span class='ocrx_word' id='word_1_694' title='bbox 3453 4201 3634 4269; x_wconf 50' lang='lat' dir='ltr'><strong>dacto»</strong></span> 
     </span>
    </p>
   </div>
   <div class='ocr_carea' id='block_1_87' title="bbox 2104 4287 3635 4363">
    <p class='ocr_par' dir='ltr' id='par_1_87' title="bbox 2104 4287 3635 4363">
     <span class='ocr_line' id='line_1_89' title="bbox 2104 4287 3635 4363; baseline 0.004 -24"><span class='ocrx_word' id='word_1_695' title='bbox 2104 4287 2165 4339; x_wconf 82' lang='grc' dir='ltr'>τὸ</span> <span class='ocrx_word' id='word_1_696' title='bbox 2208 4287 2304 4357; x_wconf 79' lang='grc' dir='ltr'>μὲν</span> <span class='ocrx_word' id='word_1_697' title='bbox 2339 4289 2490 4356; x_wconf 75' lang='grc' dir='ltr'>ἅγιον</span> <span class='ocrx_word' id='word_1_698' title='bbox 2523 4289 2748 4360; x_wconf 82' lang='grc' dir='ltr'>Πνεῦμα</span> <span class='ocrx_word' id='word_1_699' title='bbox 2793 4293 3147 4362; x_wconf 76' lang='grc' dir='ltr'>ἀνεγέννησεν</span> <span class='ocrx_word' id='word_1_700' title='bbox 3190 4295 3360 4363; x_wconf 79' lang='grc' dir='ltr'>ἡμᾶς,</span> <span class='ocrx_word' id='word_1_701' title='bbox 3392 4295 3420 4346; x_wconf 84' lang='grc' dir='ltr'>ὁ</span> <span class='ocrx_word' id='word_1_702' title='bbox 3451 4294 3500 4346; x_wconf 77' lang='grc' dir='ltr'>δὲ</span> <span class='ocrx_word' id='word_1_703' title='bbox 3536 4293 3635 4355; x_wconf 71' lang='grc' dir='ltr'>θεὶς</span> 
     </span>
    </p>
   </div>
   <div class='ocr_carea' id='block_1_88' title="bbox 2111 4367 3636 4455">
    <p class='ocr_par' dir='ltr' id='par_1_88' title="bbox 2111 4367 3636 4455">
     <span class='ocr_line' id='line_1_90' title="bbox 2111 4367 3636 4455; baseline 0.003 -24"><span class='ocrx_word' id='word_1_704' title='bbox 2111 4380 2206 4432; x_wconf 79' lang='grc' dir='ltr'>καὶ</span> <span class='ocrx_word' id='word_1_705' title='bbox 2247 4381 2435 4450; x_wconf 83' lang='grc' dir='ltr'>Πατὴρ</span> <span class='ocrx_word' id='word_1_706' title='bbox 2465 4383 2615 4444; x_wconf 83' lang='grc' dir='ltr'>υἱοὺς</span> <span class='ocrx_word' id='word_1_707' title='bbox 2644 4383 2997 4453; x_wconf 79' lang='grc' dir='ltr'>προσέλαϐεν,</span> <span class='ocrx_word' id='word_1_708' title='bbox 3040 4367 3155 4437; x_wconf 33' lang='grc' dir='ltr'>δ’δὲ</span> <span class='ocrx_word' id='word_1_709' title='bbox 3189 4388 3320 4455; x_wconf 77' lang='grc' dir='ltr'>περὶ</span> <span class='ocrx_word' id='word_1_710' title='bbox 3358 4381 3416 4439; x_wconf 78' lang='grc' dir='ltr'><strong>οῦ</strong></span> <span class='ocrx_word' id='word_1_711' title='bbox 3455 4388 3482 4439; x_wconf 90' lang='grc' dir='ltr'><strong>ό</strong></span> <span class='ocrx_word' id='word_1_712' title='bbox 3518 4385 3636 4451; x_wconf 75' lang='grc' dir='ltr'>λόγος</span> 
     </span>
    </p>
   </div>
   <div class='ocr_carea' id='block_1_89' title="bbox 445 4435 2005 4546">
    <p class='ocr_par' dir='ltr' id='par_1_89' title="bbox 445 4455 2005 4526">
     <span class='ocr_line' id='line_1_91' title="bbox 445 4455 2005 4526; baseline 0.004 -20"><span class='ocrx_word' id='word_1_713' title='bbox 445 4462 554 4507; x_wconf 91' lang='lat' dir='ltr'><strong>tem</strong></span> <span class='ocrx_word' id='word_1_714' title='bbox 585 4455 822 4524; x_wconf 88' lang='lat' dir='ltr'><strong>Spiritus</strong></span> <span class='ocrx_word' id='word_1_715' title='bbox 851 4466 1070 4511; x_wconf 85' lang='lat' dir='ltr'><strong>sanctus</strong></span> <span class='ocrx_word' id='word_1_716' title='bbox 1102 4473 1198 4512; x_wconf 89' lang='lat' dir='ltr'><strong>nos</strong></span> <span class='ocrx_word' id='word_1_717' title='bbox 1250 4467 1641 4526; x_wconf 73' lang='lat' dir='ltr'><strong>regenerasset,</strong></span> <span class='ocrx_word' id='word_1_718' title='bbox 1672 4468 1726 4512; x_wconf 89' lang='lat' dir='ltr'><strong>et</strong></span> <span class='ocrx_word' id='word_1_719' title='bbox 1766 4459 1903 4512; x_wconf 91' lang='lat' dir='ltr'><strong>Dens</strong></span> <span class='ocrx_word' id='word_1_720' title='bbox 1945 4473 2005 4512; x_wconf 88' lang='lat' dir='ltr'><strong>ac</strong></span> 
     </span>
    </p>
   </div>
   <div class='ocr_carea' id='block_1_90' title="bbox 2110 4435 3636 4546">
    <p class='ocr_par' dir='ltr' id='par_1_90' title="bbox 2116 4469 3636 4546">
     <span class='ocr_line' id='line_1_92' title="bbox 2116 4469 3636 4546; baseline 0.003 -26"><span class='ocrx_word' id='word_1_721' title='bbox 2116 4469 2404 4539; x_wconf 84' lang='grc' dir='ltr'>μονογενὴς</span> <span class='ocrx_word' id='word_1_722' title='bbox 2435 4470 2567 4534; x_wconf 82' lang='grc' dir='ltr'>Θεὸς</span> <span class='ocrx_word' id='word_1_723' title='bbox 2601 4471 2888 4542; x_wconf 82' lang='grc' dir='ltr'>ἀτρέπτως</span> <span class='ocrx_word' id='word_1_724' title='bbox 2925 4475 3019 4526; x_wconf 73' lang='grc' dir='ltr'>καὶ</span> <span class='ocrx_word' id='word_1_725' title='bbox 3085 4475 3402 4546; x_wconf 80' lang='grc' dir='ltr'>ἁρῤεύστως</span> <span class='ocrx_word' id='word_1_726' title='bbox 3444 4477 3636 4544; x_wconf 77' lang='grc' dir='ltr'>ἐγένετο,</span> 
     </span>
    </p>
   </div>
   <div class='ocr_carea' id='block_1_91' title="bbox 443 4545 2007 4619">
    <p class='ocr_par' dir='ltr' id='par_1_91' title="bbox 443 4545 2007 4619">
     <span class='ocr_line' id='line_1_93' title="bbox 443 4545 2007 4619; baseline 0.003 -20"><span class='ocrx_word' id='word_1_727' title='bbox 443 4545 602 4600; x_wconf 85' lang='lat' dir='ltr'><strong>Pater</strong></span> <span class='ocrx_word' id='word_1_728' title='bbox 638 4547 688 4600; x_wconf 91' lang='lat' dir='ltr'><strong>in</strong></span> <span class='ocrx_word' id='word_1_729' title='bbox 725 4548 862 4602; x_wconf 89' lang='lat' dir='ltr'><strong>filios</strong></span> <span class='ocrx_word' id='word_1_730' title='bbox 918 4550 1316 4617; x_wconf 83' lang='lat' dir='ltr'><strong>assumpsisset,</strong></span> <span class='ocrx_word' id='word_1_731' title='bbox 1358 4559 1410 4603; x_wconf 91' lang='lat' dir='ltr'><strong>et</strong></span> <span class='ocrx_word' id='word_1_732' title='bbox 1455 4550 1518 4614; x_wconf 91' lang='lat' dir='ltr'><strong>is,</strong></span> <span class='ocrx_word' id='word_1_733' title='bbox 1553 4551 1616 4603; x_wconf 90' lang='lat' dir='ltr'><strong>de</strong></span> <span class='ocrx_word' id='word_1_734' title='bbox 1658 4565 1764 4619; x_wconf 94' lang='lat' dir='ltr'><strong>quo</strong></span> <span class='ocrx_word' id='word_1_735' title='bbox 1827 4565 2007 4604; x_wconf 89' lang='lat' dir='ltr'><strong>sermo</strong></span> 
     </span>
    </p>
   </div>
   <div class='ocr_carea' id='block_1_92' title="bbox 442 4639 1999 4708">
    <p class='ocr_par' dir='ltr' id='par_1_92' title="bbox 442 4639 1999 4708">
     <span class='ocr_line' id='line_1_94' title="bbox 442 4639 1999 4708; baseline 0.003 -18"><span class='ocrx_word' id='word_1_736' title='bbox 442 4647 543 4702; x_wconf 89' lang='lat' dir='ltr'><strong>est,</strong></span> <span class='ocrx_word' id='word_1_737' title='bbox 564 4639 875 4708; x_wconf 81' lang='lat' dir='ltr'><strong>unigenitus</strong></span> <span class='ocrx_word' id='word_1_738' title='bbox 903 4640 1040 4694; x_wconf 89' lang='lat' dir='ltr'><strong>Deus</strong></span> <span class='ocrx_word' id='word_1_739' title='bbox 1061 4642 1194 4694; x_wconf 90' lang='lat' dir='ltr'><strong>citra</strong></span> <span class='ocrx_word' id='word_1_740' title='bbox 1216 4642 1592 4707; x_wconf 77' lang='lat' dir='ltr'><strong>minutionem,</strong></span> <span class='ocrx_word' id='word_1_741' title='bbox 1613 4653 1664 4694; x_wconf 91' lang='lat' dir='ltr'><strong>et</strong></span> <span class='ocrx_word' id='word_1_742' title='bbox 1688 4644 1805 4697; x_wconf 90' lang='lat' dir='ltr'><strong>sine</strong></span> <span class='ocrx_word' id='word_1_743' title='bbox 1833 4640 1999 4707; x_wconf 84' lang='lat' dir='ltr'><strong>fluxu,</strong></span> 
     </span>
    </p>
   </div>
   <div class='ocr_carea' id='block_1_93' title="bbox 441 4730 2007 4799">
    <p class='ocr_par' dir='ltr' id='par_1_93' title="bbox 441 4730 2007 4799">
     <span class='ocr_line' id='line_1_95' title="bbox 441 4730 2007 4799; baseline 0.004 -17"><span class='ocrx_word' id='word_1_744' title='bbox 441 4730 514 4782; x_wconf 81' lang='lat' dir='ltr'><strong>ita</strong></span> <span class='ocrx_word' id='word_1_745' title='bbox 543 4739 600 4782; x_wconf 90' lang='lat' dir='ltr'><strong>ut</strong></span> <span class='ocrx_word' id='word_1_746' title='bbox 645 4730 763 4797; x_wconf 88' lang='lat' dir='ltr'><strong>ipse</strong></span> <span class='ocrx_word' id='word_1_747' title='bbox 795 4731 966 4795; x_wconf 91' lang='lat' dir='ltr'><strong>novit,</strong></span> <span class='ocrx_word' id='word_1_748' title='bbox 996 4740 1213 4799; x_wconf 88' lang='lat' dir='ltr'><strong>propter</strong></span> <span class='ocrx_word' id='word_1_749' title='bbox 1248 4733 1523 4786; x_wconf 90' lang='lat' dir='ltr'><strong>hominum</strong></span> <span class='ocrx_word' id='word_1_750' title='bbox 1557 4734 1783 4787; x_wconf 87' lang='lat' dir='ltr'><strong>salutem</strong></span> <span class='ocrx_word' id='word_1_751' title='bbox 1839 4735 2007 4794; x_wconf 89' lang='lat' dir='ltr'><strong>Filius</strong></span> 
     </span>
    </p>
   </div>
   <div class='ocr_carea' id='block_1_94' title="bbox 441 4821 2003 4893">
    <p class='ocr_par' dir='ltr' id='par_1_94' title="bbox 441 4821 2003 4893">
     <span class='ocr_line' id='line_1_96' title="bbox 441 4821 2003 4893; baseline 0.006 -21"><span class='ocrx_word' id='word_1_752' title='bbox 441 4821 673 4874; x_wconf 86' lang='lat' dir='ltr'><strong>hominis</strong></span> <span class='ocrx_word' id='word_1_753' title='bbox 700 4821 874 4875; x_wconf 90' lang='lat' dir='ltr'><strong>factus</strong></span> <span class='ocrx_word' id='word_1_754' title='bbox 907 4831 1084 4888; x_wconf 81' lang='lat' dir='ltr'><strong>esset;</strong></span> <span class='ocrx_word' id='word_1_755' title='bbox 1119 4823 1359 4889; x_wconf 88' lang='lat' dir='ltr'><strong>profecto</strong></span> <span class='ocrx_word' id='word_1_756' title='bbox 1388 4839 1486 4877; x_wconf 89' lang='lat' dir='ltr'><strong>nec</strong></span> <span class='ocrx_word' id='word_1_757' title='bbox 1518 4823 1631 4893; x_wconf 89' lang='lat' dir='ltr'><strong>ipse</strong></span> <span class='ocrx_word' id='word_1_758' title='bbox 1666 4827 1840 4880; x_wconf 89' lang='lat' dir='ltr'><strong>dictus</strong></span> <span class='ocrx_word' id='word_1_759' title='bbox 1870 4827 2003 4882; x_wconf 86' lang='lat' dir='ltr'><strong>fuis-</strong></span> 
     </span>
    </p>
   </div>
   <div class='ocr_carea' id='block_1_95' title="bbox 440 4911 2005 4988">
    <p class='ocr_par' dir='ltr' id='par_1_95' title="bbox 440 4911 2005 4988">
     <span class='ocr_line' id='line_1_97' title="bbox 440 4911 2005 4988; baseline 0.006 -24"><span class='ocrx_word' id='word_1_760' title='bbox 440 4922 521 4964; x_wconf 89' lang='lat' dir='ltr'><strong>set</strong></span> <span class='ocrx_word' id='word_1_761' title='bbox 569 4931 588 4963; x_wconf 81' lang='grc' dir='ltr'><strong>ι</strong></span> <span class='ocrx_word' id='word_1_762' title='bbox 623 4911 1019 4984; x_wconf 77' lang='lat' dir='ltr'><strong>Primogenitus</strong></span> <span class='ocrx_word' id='word_1_763' title='bbox 1061 4914 1137 4985; x_wconf 90' lang='grc' dir='ltr'><strong>(ι)</strong></span> <span class='ocrx_word' id='word_1_764' title='bbox 1177 4916 1226 4968; x_wconf 93' lang='lat' dir='ltr'><strong>in</strong></span> <span class='ocrx_word' id='word_1_765' title='bbox 1257 4915 1438 4970; x_wconf 91' lang='lat' dir='ltr'><strong>multis</strong></span> <span class='ocrx_word' id='word_1_766' title='bbox 1465 4916 1743 4984; x_wconf 83' lang='lat' dir='ltr'><strong>fratribus,</strong></span> <span class='ocrx_word' id='word_1_767' title='bbox 1780 4938 1798 4968; x_wconf 72' lang='grc' dir='ltr'><strong>ι</strong></span> <span class='ocrx_word' id='word_1_768' title='bbox 1833 4934 2005 4988; x_wconf 89' lang='lat' dir='ltr'><strong>neque</strong></span> 
     </span>
    </p>
   </div>
   <div class='ocr_carea' id='block_1_96' title="bbox 437 5003 2001 5072">
    <p class='ocr_par' dir='ltr' id='par_1_96' title="bbox 437 5003 2001 5072">
     <span class='ocr_line' id='line_1_98' title="bbox 437 5003 2001 5072; baseline 0.004 -15"><span class='ocrx_word' id='word_1_769' title='bbox 437 5019 538 5058; x_wconf 86' lang='lat' dir='ltr'><strong>nos</strong></span> <span class='ocrx_word' id='word_1_770' title='bbox 572 5004 662 5072; x_wconf 88' lang='lat' dir='ltr'><strong>qui</strong></span> <span class='ocrx_word' id='word_1_771' title='bbox 697 5003 792 5058; x_wconf 84' lang='lat' dir='ltr'><strong>ﬁlii</strong></span> <span class='ocrx_word' id='word_1_772' title='bbox 822 5006 1101 5059; x_wconf 89' lang='lat' dir='ltr'><strong>hominum</strong></span> <span class='ocrx_word' id='word_1_773' title='bbox 1155 5021 1364 5070; x_wconf 89' lang='lat' dir='ltr'><strong>sumus,</strong></span> <span class='ocrx_word' id='word_1_774' title='bbox 1403 5009 1575 5062; x_wconf 85' lang='lat' dir='ltr'><strong>vocati</strong></span> <span class='ocrx_word' id='word_1_775' title='bbox 1625 5023 1870 5064; x_wconf 84' lang='lat' dir='ltr'><strong>essemus</strong></span> <span class='ocrx_word' id='word_1_776' title='bbox 1902 5011 2001 5072; x_wconf 89' lang='lat' dir='ltr'><strong>dii,</strong></span> 
     </span>
    </p>
   </div>
   <div class='ocr_carea' id='block_1_97' title="bbox 511 5157 1687 5232">
    <p class='ocr_par' dir='ltr' id='par_1_97' title="bbox 511 5157 1687 5232">
     <span class='ocr_line' id='line_1_99' title="bbox 511 5157 1687 5232; baseline 0.005 -20"><span class='ocrx_word' id='word_1_777' title='bbox 511 5157 622 5232; x_wconf 76' lang='lat'>(95)</span> <span class='ocrx_word' id='word_1_778' title='bbox 667 5158 873 5232; x_wconf 76' lang='lat' dir='ltr'><strong>_Bas_em.</strong></span> <span class='ocrx_word' id='word_1_779' title='bbox 901 5159 1102 5232; x_wconf 70' lang='lat' dir='ltr'><strong>Codex,</strong></span> <span class='ocrx_word' id='word_1_780' title='bbox 1139 5159 1314 5230; x_wconf 78' lang='grc' dir='ltr'>βᾶσιν.</span> <span class='ocrx_word' id='word_1_781' title='bbox 1347 5159 1487 5231; x_wconf 84' lang='lat' dir='ltr'><strong>Lego</strong></span> <span class='ocrx_word' id='word_1_782' title='bbox 1516 5162 1687 5232; x_wconf 83' lang='grc' dir='ltr'>βάσιν.</span> 
     </span>
    </p>
   </div>
   <div class='ocr_carea' id='block_1_98' title="bbox 511 5228 2003 5302">
    <p class='ocr_par' dir='ltr' id='par_1_98' title="bbox 511 5228 2003 5302">
     <span class='ocr_line' id='line_1_100' title="bbox 511 5228 2003 5302; baseline 0.005 -21"><span class='ocrx_word' id='word_1_783' title='bbox 511 5228 624 5299; x_wconf 81' lang='lat'>(96)</span> <span class='ocrx_word' id='word_1_784' title='bbox 649 5228 973 5302; x_wconf 74' lang='lat' dir='ltr'><strong>_|n_&#39;l&#39;imwo.</strong></span> <span class='ocrx_word' id='word_1_785' title='bbox 1005 5228 1180 5302; x_wconf 82' lang='lat' dir='ltr'><strong>_&#39;I‘omo</strong></span> <span class='ocrx_word' id='word_1_786' title='bbox 1222 5232 1284 5283; x_wconf 92' lang='lat' dir='ltr'><strong>IlI</strong></span> <span class='ocrx_word' id='word_1_787' title='bbox 1323 5228 1581 5297; x_wconf 38' lang='lat' dir='ltr'><strong>Ope‘ruin.</strong></span> <span class='ocrx_word' id='word_1_788' title='bbox 1617 5251 1736 5302; x_wconf 79' lang='lat' dir='ltr'><strong>pag.</strong></span> <span class='ocrx_word' id='word_1_789' title='bbox 1768 5236 1834 5288; x_wconf 83' lang='grc'><strong>57</strong></span> <span class='ocrx_word' id='word_1_790' title='bbox 1873 5236 2003 5289; x_wconf 88' lang='lat' dir='ltr'><strong>edit.</strong></span> 
     </span>
    </p>
   </div>
   <div class='ocr_carea' id='block_1_99' title="bbox 443 5297 2006 5377">
    <p class='ocr_par' dir='ltr' id='par_1_99' title="bbox 443 5297 2006 5377">
     <span class='ocr_line' id='line_1_101' title="bbox 443 5297 2006 5377; baseline 0.006 -27"><span class='ocrx_word' id='word_1_791' title='bbox 443 5297 686 5377; x_wconf 71' lang='lat' dir='ltr'><strong>§crrani.</strong></span> <span class='ocrx_word' id='word_1_792' title='bbox 732 5297 836 5377; x_wconf 52' lang='lat' dir='ltr'><strong>sed</strong></span> <span class='ocrx_word' id='word_1_793' title='bbox 897 5298 1088 5377; x_wconf 42' lang='lat' dir='ltr'><strong>paulo.</strong></span> <span class='ocrx_word' id='word_1_794' title='bbox 1113 5301 1317 5377; x_wconf 43' lang='lat' dir='ltr'><strong>aliter:</strong></span> <span class='ocrx_word' id='word_1_795' title='bbox 1362 5304 1471 5377; x_wconf 73' lang='grc' dir='ltr'><strong>καὶ</strong></span> <span class='ocrx_word' id='word_1_796' title='bbox 1507 5303 1569 5356; x_wconf 74' lang='grc' dir='ltr'><strong>τό</strong></span> <span class='ocrx_word' id='word_1_797' title='bbox 1607 5297 1653 5355; x_wconf 83' lang='grc' dir='ltr'>τ’</span> <span class='ocrx_word' id='word_1_798' title='bbox 1680 5297 1791 5377; x_wconf 50' lang='grc' dir='ltr'>ἶῆν,</span> <span class='ocrx_word' id='word_1_799' title='bbox 1829 5305 1906 5377; x_wconf 7' lang='grc' dir='ltr'><strong>,τό</strong></span> <span class='ocrx_word' id='word_1_800' title='bbox 1959 5307 2006 5359; x_wconf 82' lang='grc' dir='ltr'>τ’</span> 
     </span>
    </p>
   </div>
   <div class='ocr_carea' id='block_1_100' title="bbox 439 5367 2007 5445">
    <p class='ocr_par' dir='ltr' id='par_1_100' title="bbox 439 5367 2007 5445">
     <span class='ocr_line' id='line_1_102' title="bbox 439 5367 2007 5445; baseline 0.008 -28"><span class='ocrx_word' id='word_1_801' title='bbox 439 5367 631 5445; x_wconf 62' lang='grc' dir='ltr'>ξέσςταε,</span> <span class='ocrx_word' id='word_1_802' title='bbox 671 5367 861 5445; x_wconf 70' lang='grc' dir='ltr'>χρόνον</span> <span class='ocrx_word' id='word_1_803' title='bbox 900 5368 1181 5445; x_wconf 42' lang='lat' dir='ltr'><strong>“refovete;</strong></span> <span class='ocrx_word' id='word_1_804' title='bbox 1207 5371 1347 5445; x_wconf 75' lang='grc' dir='ltr'>εἴδη,</span> <span class='ocrx_word' id='word_1_805' title='bbox 1373 5372 1636 5445; x_wconf 55' lang='grc' dir='ltr'>φέροντες</span> <span class='ocrx_word' id='word_1_806' title='bbox 1678 5367 2007 5445; x_wconf 74' lang='grc' dir='ltr'>λανθάνομεν</span> 
     </span>
    </p>
   </div>
   <div class='ocr_carea' id='block_1_101' title="bbox 437 5435 2002 5517">
    <p class='ocr_par' dir='ltr' id='par_1_101' title="bbox 437 5435 2002 5517">
     <span class='ocr_line' id='line_1_103' title="bbox 437 5435 2002 5517; baseline 0.01 -31"><span class='ocrx_word' id='word_1_807' title='bbox 437 5437 530 5517; x_wconf 53' lang='grc' dir='ltr'>επὶ</span> <span class='ocrx_word' id='word_1_808' title='bbox 566 5435 858 5517; x_wconf 35' lang='grc' dir='ltr'>τὴνςᾶῒδιον</span> <span class='ocrx_word' id='word_1_809' title='bbox 886 5435 1114 5517; x_wconf 52' lang='grc' dir='ltr'>οὺσίανς-</span> <span class='ocrx_word' id='word_1_810' title='bbox 1129 5441 1228 5493; x_wconf 83' lang='grc' dir='ltr'>οὐκ</span> <span class='ocrx_word' id='word_1_811' title='bbox 1261 5435 1464 5511; x_wconf 66' lang='grc' dir='ltr'>όρθῶςῖ</span> <span class='ocrx_word' id='word_1_812' title='bbox 1491 5435 1722 5515; x_wconf 80' lang='grc' dir='ltr'>λέγομεν</span> <span class='ocrx_word' id='word_1_813' title='bbox 1746 5447 1875 5517; x_wconf 80' lang='grc' dir='ltr'>γάρ,</span> <span class='ocrx_word' id='word_1_814' title='bbox 1899 5435 2002 5500; x_wconf 72' lang='lat' dir='ltr'><strong>etc.</strong></span> 
     </span>
    </p>
   </div>
   <div class='ocr_carea' id='block_1_102' title="bbox 439 5506 2005 5582">
    <p class='ocr_par' dir='ltr' id='par_1_102' title="bbox 439 5506 2005 5582">
     <span class='ocr_line' id='line_1_104' title="bbox 439 5506 2005 5582; baseline 0.009 -26"><span class='ocrx_word' id='word_1_815' title='bbox 439 5506 569 5570; x_wconf 65' lang='lat' dir='ltr'><strong>Qum</strong></span> <span class='ocrx_word' id='word_1_816' title='bbox 629 5508 707 5582; x_wconf 81' lang='lat' dir='ltr'><strong>sic</strong></span> <span class='ocrx_word' id='word_1_817' title='bbox 759 5519 956 5582; x_wconf 34' lang='lat' dir='ltr'><strong>vertoA:</strong></span> <span class='ocrx_word' id='word_1_818' title='bbox 1016 5525 1035 5557; x_wconf 79' lang='grc' dir='ltr'><strong>ι</strong></span> <span class='ocrx_word' id='word_1_819' title='bbox 1075 5509 1140 5562; x_wconf 85' lang='grc' dir='ltr'>Ει</span> <span class='ocrx_word' id='word_1_820' title='bbox 1201 5506 1363 5582; x_wconf 74' lang='lat' dir='ltr'><strong>verba</strong></span> <span class='ocrx_word' id='word_1_821' title='bbox 1413 5506 1575 5576; x_wconf 39' lang='lat' dir='ltr'><strong>emt,-</strong></span> <span class='ocrx_word' id='word_1_822' title='bbox 1604 5506 1668 5570; x_wconf 77' lang='lat' dir='ltr'><strong>ac</strong></span> <span class='ocrx_word' id='word_1_823' title='bbox 1710 5506 2005 5582; x_wconf 25' lang='lat' dir='ltr'><strong>erili—quae</strong></span> 
     </span>
    </p>
   </div>
   <div class='ocr_carea' id='block_1_103' title="bbox 441 5577 2007 5644">
    <p class='ocr_par' dir='ltr' id='par_1_103' title="bbox 441 5577 2007 5644">
     <span class='ocr_line' id='line_1_105' title="bbox 441 5577 2007 5644; baseline 0.005 -14"><span class='ocrx_word' id='word_1_824' title='bbox 441 5579 697 5644; x_wconf 88' lang='lat' dir='ltr'><strong>temporis</strong></span> <span class='ocrx_word' id='word_1_825' title='bbox 743 5587 865 5630; x_wconf 89' lang='lat' dir='ltr'><strong>sunt</strong></span> <span class='ocrx_word' id='word_1_826' title='bbox 914 5577 1119 5640; x_wconf 73' lang='lat' dir='ltr'><strong>forma=,</strong></span> <span class='ocrx_word' id='word_1_827' title='bbox 1157 5579 1222 5632; x_wconf 90' lang='lat' dir='ltr'><strong>ad</strong></span> <span class='ocrx_word' id='word_1_828' title='bbox 1267 5592 1520 5635; x_wconf 54' lang='grc' dir='ltr'>αξιοι-ηοω</span> <span class='ocrx_word' id='word_1_829' title='bbox 1570 5577 1855 5640; x_wconf 87' lang='lat' dir='ltr'><strong>essentiam</strong></span> <span class='ocrx_word' id='word_1_830' title='bbox 1905 5577 2007 5638; x_wconf 88' lang='lat' dir='ltr'><strong>im-</strong></span> 
     </span>
    </p>
   </div>
   <div class='ocr_carea' id='block_1_104' title="bbox 445 5647 2002 5726">
    <p class='ocr_par' dir='ltr' id='par_1_104' title="bbox 445 5647 2002 5726">
     <span class='ocr_line' id='line_1_106' title="bbox 445 5647 2002 5726; baseline 0.008 -28"><span class='ocrx_word' id='word_1_831' title='bbox 445 5647 730 5726; x_wconf 83' lang='lat' dir='ltr'><strong>prudentes</strong></span> <span class='ocrx_word' id='word_1_832' title='bbox 780 5647 1151 5703; x_wconf 85' lang='lat' dir='ltr'><strong>transferimus</strong></span> <span class='ocrx_word' id='word_1_833' title='bbox 1188 5665 1205 5702; x_wconf 89' lang='lat'><strong>:</strong></span> <span class='ocrx_word' id='word_1_834' title='bbox 1248 5652 1340 5705; x_wconf 86' lang='lat' dir='ltr'><strong>sed</strong></span> <span class='ocrx_word' id='word_1_835' title='bbox 1388 5667 1494 5706; x_wconf 93' lang='lat' dir='ltr'><strong>non</strong></span> <span class='ocrx_word' id='word_1_836' title='bbox 1549 5666 1712 5711; x_wconf 87' lang='lat' dir='ltr'><strong>recte.</strong></span> <span class='ocrx_word' id='word_1_837' title='bbox 1767 5655 2002 5711; x_wconf 86' lang='lat' dir='ltr'><strong>Dicimus</strong></span> 
     </span>
    </p>
   </div>
   <div class='ocr_carea' id='block_1_105' title="bbox 445 5727 784 5782">
    <p class='ocr_par' dir='ltr' id='par_1_105' title="bbox 445 5727 784 5782">
     <span class='ocr_line' id='line_1_107' title="bbox 445 5727 784 5782; baseline 0 -12"><span class='ocrx_word' id='word_1_838' title='bbox 445 5731 609 5782; x_wconf 85' lang='lat' dir='ltr'><strong>enim,</strong></span> <span class='ocrx_word' id='word_1_839' title='bbox 632 5735 651 5768; x_wconf 72' lang='grc' dir='ltr'><strong>ι</strong></span> <span class='ocrx_word' id='word_1_840' title='bbox 679 5727 784 5772; x_wconf 91' lang='lat' dir='ltr'><strong>etc.</strong></span> 
     </span>
    </p>
   </div>
   <div class='ocr_carea' id='block_1_106' title="bbox 2111 4556 3636 4637">
    <p class='ocr_par' dir='ltr' id='par_1_106' title="bbox 2111 4556 3636 4637">
     <span class='ocr_line' id='line_1_108' title="bbox 2111 4556 3636 4637; baseline 0.004 -29"><span class='ocrx_word' id='word_1_841' title='bbox 2111 4557 2185 4620; x_wconf 83' lang='grc' dir='ltr'>ὡς</span> <span class='ocrx_word' id='word_1_842' title='bbox 2212 4556 2368 4620; x_wconf 77' lang='grc' dir='ltr'>οἶδεν,</span> <span class='ocrx_word' id='word_1_843' title='bbox 2412 4558 2500 4611; x_wconf 81' lang='grc' dir='ltr'>διὰ</span> <span class='ocrx_word' id='word_1_844' title='bbox 2529 4561 2803 4630; x_wconf 87' lang='grc' dir='ltr'>σωτηρίαν</span> <span class='ocrx_word' id='word_1_845' title='bbox 2850 4561 3152 4633; x_wconf 81' lang='grc' dir='ltr'>ἀνθρώπων</span> <span class='ocrx_word' id='word_1_846' title='bbox 3198 4566 3312 4628; x_wconf 70' lang='grc' dir='ltr'>υίὸς</span> <span class='ocrx_word' id='word_1_847' title='bbox 3363 4565 3636 4637; x_wconf 75' lang='grc' dir='ltr'>ἀνθρώπου·</span> 
     </span>
    </p>
   </div>
   <div class='ocr_carea' id='block_1_107' title="bbox 2111 4649 3639 4726">
    <p class='ocr_par' dir='ltr' id='par_1_107' title="bbox 2111 4649 3639 4726">
     <span class='ocr_line' id='line_1_109' title="bbox 2111 4649 3639 4726; baseline 0.003 -25"><span class='ocrx_word' id='word_1_848' title='bbox 2111 4649 2210 4702; x_wconf 83' lang='grc' dir='ltr'>οὐκ</span> <span class='ocrx_word' id='word_1_849' title='bbox 2250 4650 2316 4702; x_wconf 82' lang='grc' dir='ltr'>ἂν</span> <span class='ocrx_word' id='word_1_850' title='bbox 2344 4649 2454 4702; x_wconf 74' lang='grc' dir='ltr'>οὔτ’</span> <span class='ocrx_word' id='word_1_851' title='bbox 2481 4651 2642 4712; x_wconf 82' lang='grc' dir='ltr'>αὐτὸς</span> <span class='ocrx_word' id='word_1_852' title='bbox 2661 4652 2948 4722; x_wconf 78' lang='grc' dir='ltr'>ὠνόμαστο</span> <span class='ocrx_word' id='word_1_853' title='bbox 2981 4672 2998 4704; x_wconf 77' lang='grc' dir='ltr'><strong>ι</strong></span> <span class='ocrx_word' id='word_1_854' title='bbox 3022 4656 3378 4726; x_wconf 81' lang='grc' dir='ltr'>Πρωτότοκος</span> <span class='ocrx_word' id='word_1_855' title='bbox 3401 4659 3454 4708; x_wconf 78' lang='grc' dir='ltr'>ἐν</span> <span class='ocrx_word' id='word_1_856' title='bbox 3480 4655 3639 4726; x_wconf 68' lang='grc' dir='ltr'><strong>[167οξ</strong></span> 
     </span>
    </p>
   </div>
   <div class='ocr_carea' id='block_1_108' title="bbox 2111 4739 3640 4819">
    <p class='ocr_par' dir='ltr' id='par_1_108' title="bbox 2111 4739 3640 4819">
     <span class='ocr_line' id='line_1_110' title="bbox 2111 4739 3640 4819; baseline 0.003 -28"><span class='ocrx_word' id='word_1_857' title='bbox 2111 4739 2324 4802; x_wconf 78' lang='grc' dir='ltr'>πολλοῖς</span> <span class='ocrx_word' id='word_1_858' title='bbox 2354 4742 2620 4810; x_wconf 77' lang='grc' dir='ltr'>ἀδελφοῖς,</span> <span class='ocrx_word' id='word_1_859' title='bbox 2647 4763 2664 4793; x_wconf 77' lang='grc' dir='ltr'><strong>ι</strong></span> <span class='ocrx_word' id='word_1_860' title='bbox 2699 4743 2821 4797; x_wconf 81' lang='grc' dir='ltr'>οῦτε</span> <span class='ocrx_word' id='word_1_861' title='bbox 2850 4748 2897 4798; x_wconf 88' lang='grc' dir='ltr'><strong>οί</strong></span> <span class='ocrx_word' id='word_1_862' title='bbox 2926 4747 3033 4798; x_wconf 77' lang='grc' dir='ltr'><strong>υἱοὶ</strong></span> <span class='ocrx_word' id='word_1_863' title='bbox 3071 4747 3180 4799; x_wconf 83' lang='grc' dir='ltr'><strong>τῶν</strong></span> <span class='ocrx_word' id='word_1_864' title='bbox 3207 4749 3500 4819; x_wconf 83' lang='grc' dir='ltr'>ἀνθρώπων</span> <span class='ocrx_word' id='word_1_865' title='bbox 3523 4748 3640 4812; x_wconf 71' lang='grc' dir='ltr'>ἐκλῄ-</span> 
     </span>
    </p>
   </div>
   <div class='ocr_carea' id='block_1_109' title="bbox 2109 4831 3640 4911">
    <p class='ocr_par' dir='ltr' id='par_1_109' title="bbox 2109 4831 3640 4911">
     <span class='ocr_line' id='line_1_111' title="bbox 2109 4831 3640 4911; baseline 0.003 -27"><span class='ocrx_word' id='word_1_866' title='bbox 2109 4831 2283 4903; x_wconf 83' lang='grc' dir='ltr'>θημεν</span> <span class='ocrx_word' id='word_1_867' title='bbox 2330 4833 2396 4886; x_wconf 84' lang='grc' dir='ltr'>ἂν</span> <span class='ocrx_word' id='word_1_868' title='bbox 2453 4833 2563 4887; x_wconf 77' lang='grc' dir='ltr'>θεοὶ</span> <span class='ocrx_word' id='word_1_869' title='bbox 2613 4836 2706 4889; x_wconf 83' lang='grc' dir='ltr'><strong>καὶ</strong></span> <span class='ocrx_word' id='word_1_870' title='bbox 2761 4838 2866 4889; x_wconf 79' lang='grc' dir='ltr'>υἱοὶ</span> <span class='ocrx_word' id='word_1_871' title='bbox 2927 4837 3098 4890; x_wconf 78' lang='grc' dir='ltr'>Θεοῦ·</span> <span class='ocrx_word' id='word_1_872' title='bbox 3134 4840 3307 4903; x_wconf 74' lang='grc' dir='ltr'>οὐδεὶς</span> <span class='ocrx_word' id='word_1_873' title='bbox 3355 4842 3461 4911; x_wconf 78' lang='grc' dir='ltr'><strong>γὰρ</strong></span> <span class='ocrx_word' id='word_1_874' title='bbox 3514 4839 3640 4906; x_wconf 66' lang='grc' dir='ltr'>φύσει</span> 
     </span>
    </p>
   </div>
   <div class='ocr_carea' id='block_1_110' title="bbox 2108 4924 3640 5002">
    <p class='ocr_par' dir='ltr' id='par_1_110' title="bbox 2108 4924 3640 5002">
     <span class='ocr_line' id='line_1_112' title="bbox 2108 4924 3640 5002; baseline 0.004 -27"><span class='ocrx_word' id='word_1_875' title='bbox 2108 4924 2334 4992; x_wconf 86' lang='grc' dir='ltr'>ἁδελφός</span> <span class='ocrx_word' id='word_1_876' title='bbox 2383 4928 2531 4977; x_wconf 80' lang='grc' dir='ltr'>ἐστιν</span> <span class='ocrx_word' id='word_1_877' title='bbox 2585 4927 2702 4980; x_wconf 72' lang='grc' dir='ltr'>υἱοῦ</span> <span class='ocrx_word' id='word_1_878' title='bbox 2741 4929 3102 4998; x_wconf 83' lang='grc' dir='ltr'>μονογενοῦς·</span> <span class='ocrx_word' id='word_1_879' title='bbox 3133 4932 3161 4983; x_wconf 89' lang='grc' dir='ltr'><strong>ό</strong></span> <span class='ocrx_word' id='word_1_880' title='bbox 3210 4931 3265 4984; x_wconf 83' lang='grc' dir='ltr'>δὲ</span> <span class='ocrx_word' id='word_1_881' title='bbox 3307 4934 3530 5002; x_wconf 71' lang='grc' dir='ltr'>Ποιητής</span> <span class='ocrx_word' id='word_1_882' title='bbox 3570 4934 3640 4982; x_wconf 72' lang='grc' dir='ltr'>καὶ</span> 
     </span>
    </p>
   </div>
   <div class='ocr_carea' id='block_1_111' title="bbox 2105 5017 3640 5094">
    <p class='ocr_par' dir='ltr' id='par_1_111' title="bbox 2105 5017 3640 5094">
     <span class='ocr_line' id='line_1_113' title="bbox 2105 5017 3640 5094; baseline 0.01 -28"><span class='ocrx_word' id='word_1_883' title='bbox 2105 5017 2385 5087; x_wconf 78' lang='grc' dir='ltr'>οἰκονόμος</span> <span class='ocrx_word' id='word_1_884' title='bbox 2429 5017 2644 5072; x_wconf 81' lang='grc' dir='ltr'>πάντων</span> <span class='ocrx_word' id='word_1_885' title='bbox 2675 5019 2771 5073; x_wconf 76' lang='grc' dir='ltr'>καὶ</span> <span class='ocrx_word' id='word_1_886' title='bbox 2807 5020 2964 5090; x_wconf 82' lang='grc' dir='ltr'>μόνος</span> <span class='ocrx_word' id='word_1_887' title='bbox 3009 5021 3412 5094; x_wconf 76' lang='grc' dir='ltr'>εὖσπλαγχνος,</span> <span class='ocrx_word' id='word_1_888' title='bbox 3458 5022 3640 5090; x_wconf 64' lang='grc' dir='ltr'>ἀδελςάς</span> 
     </span>
    </p>
   </div>
   <div class='ocr_carea' id='block_1_112' title="bbox 2186 5169 3636 5252">
    <p class='ocr_par' dir='ltr' id='par_1_112' title="bbox 2186 5169 3636 5252">
     <span class='ocr_line' id='line_1_114' title="bbox 2186 5169 3636 5252; baseline 0.004 -28"><span class='ocrx_word' id='word_1_889' title='bbox 2186 5170 2320 5252; x_wconf 43' lang='grc' dir='ltr'><strong>(ῼἸ).</strong></span> <span class='ocrx_word' id='word_1_890' title='bbox 2343 5171 2512 5252; x_wconf 65' lang='lat' dir='ltr'><strong>Verba</strong></span> <span class='ocrx_word' id='word_1_891' title='bbox 2551 5190 2692 5252; x_wconf 69' lang='lat' dir='ltr'><strong>vero.</strong></span> <span class='ocrx_word' id='word_1_892' title='bbox 2726 5175 2917 5252; x_wconf 59' lang='lat' dir='ltr'><strong>Plato:</strong></span> <span class='ocrx_word' id='word_1_893' title='bbox 2950 5176 3023 5252; x_wconf 58' lang='lat' dir='ltr'><strong>fro</strong></span> <span class='ocrx_word' id='word_1_894' title='bbox 3065 5177 3122 5232; x_wconf 80' lang='grc' dir='ltr'>δὲ</span> <span class='ocrx_word' id='word_1_895' title='bbox 3151 5169 3250 5250; x_wconf 78' lang='grc' dir='ltr'><strong>ἦν,</strong></span> <span class='ocrx_word' id='word_1_896' title='bbox 3296 5181 3359 5234; x_wconf 87' lang='grc' dir='ltr'><strong>τό</strong></span> <span class='ocrx_word' id='word_1_897' title='bbox 3399 5182 3446 5234; x_wconf 78' lang='grc' dir='ltr'>τ’</span> <span class='ocrx_word' id='word_1_898' title='bbox 3481 5180 3636 5252; x_wconf 61' lang='grc' dir='ltr'>ἔσται,</span> 
     </span>
    </p>
   </div>
   <div class='ocr_carea' id='block_1_113' title="bbox 2116 5239 3636 5332">
    <p class='ocr_par' dir='ltr' id='par_1_113' title="bbox 2116 5239 3636 5332">
     <span class='ocr_line' id='line_1_115' title="bbox 2116 5239 3636 5332; baseline 0.006 -39"><span class='ocrx_word' id='word_1_899' title='bbox 2271 5244 2369 5313; x_wconf 83' lang='grc' dir='ltr'>τὴν</span> <span class='ocrx_word' id='word_1_900' title='bbox 2397 5246 2456 5332; x_wconf 70' lang='grc' dir='ltr'>ὲν</span> <span class='ocrx_word' id='word_1_901' title='bbox 2498 5245 2674 5332; x_wconf 78' lang='grc' dir='ltr'>χρόνῳ</span> <span class='ocrx_word' id='word_1_902' title='bbox 2704 5246 2916 5332; x_wconf 61' lang='grc' dir='ltr'>γένεσιν</span> <span class='ocrx_word' id='word_1_903' title='bbox 2948 5247 3130 5332; x_wconf 66' lang='grc' dir='ltr'>ἰοῦσαν</span> <span class='ocrx_word' id='word_1_904' title='bbox 3164 5239 3362 5322; x_wconf 72' lang='grc' dir='ltr'>πρέπει</span> <span class='ocrx_word' id='word_1_905' title='bbox 3391 5249 3636 5329; x_wconf 78' lang='grc' dir='ltr'>λέγεσθαι·</span> 
     </span>
    </p>
   </div>
   <div class='ocr_carea' id='block_1_114' title="bbox 2115 5317 3641 5466">
    <p class='ocr_par' dir='ltr' id='par_1_114' title="bbox 2115 5317 3641 5466">
     <span class='ocr_line' id='line_1_116' title="bbox 2115 5317 3640 5386; baseline 0.009 -24"><span class='ocrx_word' id='word_1_906' title='bbox 2115 5317 2356 5381; x_wconf 85' lang='grc' dir='ltr'>κινήσεις</span> <span class='ocrx_word' id='word_1_907' title='bbox 2394 5317 2499 5386; x_wconf 83' lang='grc' dir='ltr'><strong>γάρ</strong></span> <span class='ocrx_word' id='word_1_908' title='bbox 2525 5319 2700 5381; x_wconf 80' lang='grc' dir='ltr'>ἐστον,</span> <span class='ocrx_word' id='word_1_909' title='bbox 2723 5319 2774 5369; x_wconf 89' lang='lat' dir='ltr'><strong>id</strong></span> <span class='ocrx_word' id='word_1_910' title='bbox 2807 5329 2887 5370; x_wconf 86' lang='lat' dir='ltr'><strong>est</strong></span> <span class='ocrx_word' id='word_1_911' title='bbox 2921 5335 2938 5367; x_wconf 77' lang='grc' dir='ltr'><strong>ι</strong></span> <span class='ocrx_word' id='word_1_912' title='bbox 2963 5321 3122 5374; x_wconf 84' lang='lat' dir='ltr'><strong>verba</strong></span> <span class='ocrx_word' id='word_1_913' title='bbox 3157 5317 3278 5374; x_wconf 77' lang='lat' dir='ltr'><strong>vero</strong></span> <span class='ocrx_word' id='word_1_914' title='bbox 3307 5317 3524 5384; x_wconf 50' lang='grc' dir='ltr'>ρωποι</span> <span class='ocrx_word' id='word_1_915' title='bbox 3546 5322 3640 5376; x_wconf 73' lang='lat' dir='ltr'><strong>erit.</strong></span> 
     </span>
     <span class='ocr_line' id='line_1_117' title="bbox 2115 5382 3641 5466; baseline 0.004 -34"><span class='ocrx_word' id='word_1_916' title='bbox 2115 5382 2198 5462; x_wconf 79' lang='lat' dir='ltr'><strong>de_</strong></span> <span class='ocrx_word' id='word_1_917' title='bbox 2215 5399 2288 5447; x_wconf 89' lang='lat' dir='ltr'><strong>re,</strong></span> <span class='ocrx_word' id='word_1_918' title='bbox 2315 5399 2434 5466; x_wconf 63' lang='lat' dir='ltr'><strong>qua;</strong></span> <span class='ocrx_word' id='word_1_919' title='bbox 2471 5393 2521 5438; x_wconf 86' lang='lat' dir='ltr'><strong>in</strong></span> <span class='ocrx_word' id='word_1_920' title='bbox 2561 5397 2796 5455; x_wconf 89' lang='lat' dir='ltr'><strong>tempore</strong></span> <span class='ocrx_word' id='word_1_921' title='bbox 2837 5389 3060 5452; x_wconf 83' lang='lat' dir='ltr'><strong>oriatur,</strong></span> <span class='ocrx_word' id='word_1_922' title='bbox 3094 5390 3198 5444; x_wconf 93' lang='lat' dir='ltr'><strong>dici</strong></span> <span class='ocrx_word' id='word_1_923' title='bbox 3233 5391 3481 5445; x_wconf 87' lang='lat' dir='ltr'><strong>convenit</strong></span> <span class='ocrx_word' id='word_1_924' title='bbox 3505 5405 3517 5441; x_wconf 92' lang='lat'>:</span> <span class='ocrx_word' id='word_1_925' title='bbox 3541 5400 3641 5441; x_wconf 84' lang='lat' dir='ltr'><strong>sunt</strong></span> 
     </span>
    </p>
   </div>
   <div class='ocr_carea' id='block_1_115' title="bbox 2115 5464 2624 5509">
    <p class='ocr_par' dir='ltr' id='par_1_115' title="bbox 2115 5464 2624 5509">
     <span class='ocr_line' id='line_1_118' title="bbox 2115 5464 2624 5509; baseline 0.01 -5"><span class='ocrx_word' id='word_1_926' title='bbox 2115 5464 2256 5504; x_wconf 84' lang='lat' dir='ltr'><strong>enim</strong></span> <span class='ocrx_word' id='word_1_927' title='bbox 2295 5464 2580 5509; x_wconf 83' lang='lat' dir='ltr'><strong>motiones.</strong></span> <span class='ocrx_word' id='word_1_928' title='bbox 2604 5475 2624 5508; x_wconf 78' lang='grc' dir='ltr'><strong>ι</strong></span> 
     </span>
    </p>
   </div>
   <div class='ocr_carea' id='block_1_116' title="bbox 2187 5522 3641 5606">
    <p class='ocr_par' dir='ltr' id='par_1_116' title="bbox 2187 5522 3641 5606">
     <span class='ocr_line' id='line_1_119' title="bbox 2187 5522 3641 5606; baseline 0.003 -31"><span class='ocrx_word' id='word_1_929' title='bbox 2187 5522 2307 5606; x_wconf 41' lang='lat'>(9&#39;8).</span> <span class='ocrx_word' id='word_1_930' title='bbox 2333 5523 2564 5606; x_wconf 72' lang='lat' dir='ltr'><strong>_Propter</strong></span> <span class='ocrx_word' id='word_1_931' title='bbox 2594 5535 2814 5595; x_wconf 81' lang='lat' dir='ltr'><strong>tempus.</strong></span> <span class='ocrx_word' id='word_1_932' title='bbox 2850 5529 2953 5584; x_wconf 86' lang='lat' dir='ltr'><strong>Pro</strong></span> <span class='ocrx_word' id='word_1_933' title='bbox 2979 5529 3064 5582; x_wconf 76' lang='grc' dir='ltr'><strong>διὰ</strong></span> <span class='ocrx_word' id='word_1_934' title='bbox 3097 5529 3282 5600; x_wconf 88' lang='grc' dir='ltr'>χρόνον</span> <span class='ocrx_word' id='word_1_935' title='bbox 3337 5529 3487 5584; x_wconf 84' lang='lat' dir='ltr'><strong>Plato</strong></span> <span class='ocrx_word' id='word_1_936' title='bbox 3509 5530 3641 5583; x_wconf 81' lang='lat' dir='ltr'><strong>habet</strong></span> 
     </span>
    </p>
   </div>
   <div class='ocr_carea' id='block_1_117' title="bbox 2115 5595 2842 5663">
    <p class='ocr_par' dir='ltr' id='par_1_117' title="bbox 2115 5595 2842 5663">
     <span class='ocr_line' id='line_1_120' title="bbox 2115 5595 2842 5663; baseline 0.011 -21"><span class='ocrx_word' id='word_1_937' title='bbox 2115 5595 2264 5663; x_wconf 78' lang='grc' dir='ltr'>ποτέ,</span> <span class='ocrx_word' id='word_1_938' title='bbox 2298 5595 2356 5663; x_wconf 86' lang='lat' dir='ltr'><strong>id</strong></span> <span class='ocrx_word' id='word_1_939' title='bbox 2380 5607 2460 5648; x_wconf 88' lang='lat' dir='ltr'><strong>est</strong></span> <span class='ocrx_word' id='word_1_940' title='bbox 2499 5614 2516 5645; x_wconf 80' lang='grc' dir='ltr'><strong>ι</strong></span> <span class='ocrx_word' id='word_1_941' title='bbox 2542 5612 2796 5663; x_wconf 80' lang='lat' dir='ltr'><strong>unquam.</strong></span> <span class='ocrx_word' id='word_1_942' title='bbox 2825 5619 2842 5650; x_wconf 75' lang='grc' dir='ltr'><strong>ι</strong></span> 
     </span>
    </p>
   </div>
   <div class='ocr_carea' id='block_1_118' title="bbox 2183 5662 3121 5732">
    <p class='ocr_par' dir='ltr' id='par_1_118' title="bbox 2183 5662 3121 5732">
     <span class='ocr_line' id='line_1_121' title="bbox 2183 5662 3121 5732; baseline -0.003 -15"><span class='ocrx_word' id='word_1_943' title='bbox 2336 5662 2400 5714; x_wconf 75' lang='lat' dir='ltr'><strong>Et</strong></span> <span class='ocrx_word' id='word_1_944' title='bbox 2434 5662 2709 5732; x_wconf 79' lang='lat' dir='ltr'><strong>Ep/iraint.</strong></span> <span class='ocrx_word' id='word_1_945' title='bbox 2741 5665 2852 5722; x_wconf 77' lang='lat' dir='ltr'><strong>Jer.</strong></span> <span class='ocrx_word' id='word_1_946' title='bbox 2884 5685 3034 5730; x_wconf 69' lang='lat' dir='ltr'><strong>xxxi,</strong></span> <span class='ocrx_word' id='word_1_947' title='bbox 3070 5669 3121 5722; x_wconf 86' lang='lat'>9.</span> 
     </span>
    </p>
   </div>
   <div class='ocr_carea' id='block_1_119' title="bbox 2182 5730 3162 5805">
    <p class='ocr_par' dir='ltr' id='par_1_119' title="bbox 2182 5730 3162 5805">
     <span class='ocr_line' id='line_1_122' title="bbox 2182 5730 3162 5805; baseline 0.008 -22"><span class='ocrx_word' id='word_1_948' title='bbox 2182 5730 2704 5805; x_wconf 52' lang='lat' dir='ltr'><strong>(I)&#39;Printogenitue.</strong></span> <span class='ocrx_word' id='word_1_949' title='bbox 2738 5737 2894 5795; x_wconf 71' lang='lat' dir='ltr'><strong>Iiom.</strong></span> <span class='ocrx_word' id='word_1_950' title='bbox 2928 5755 3022 5793; x_wconf 83' lang='lat' dir='ltr'><strong>vui</strong></span> <span class='ocrx_word' id='word_1_951' title='bbox 3077 5738 3162 5792; x_wconf 69' lang='lat'><strong>29.</strong></span> 
     </span>
    </p>
   </div>
  </div>
