3716 6306
75 308 147 366 331
1068 294 1155 349 DE
1194 290 1566 348 TRINITATE
1604 293 1807 349 LIBER
1846 294 2163 351 TERTIUS.

3112 298 3218 354 858

73 438 113 473 τε
133 414 278 488 ἡμῶν,
304 405 629 479 πρωτότοκός
662 422 720 458 τε
758 404 1091 476 ἀριθμεῖται.
1122 404 1290 467 Αὐτὸς
1322 402 1418 473 μὲν
1448 402 1540 473 γὰρ

1751 404 1845 459 ﬁlii
1890 404 2006 459 Dei.
2046 403 2216 459 Nemo
2251 402 2392 458 enim
2427 410 2620 457 natura
2660 402 2829 460 frater
2853 413 2937 461 est
2967 406 3059 461 ﬁlii
3091 414 3218 463 uni-

71 513 111 575 ἐξ
146 508 332 575 ἀπείρου
380 499 537 568 ὕψους
581 497 770 549 ἑαυτὸν
814 494 904 548 διὰ
952 496 1077 558 τοὺς
1128 494 1291 557 ἰδίους
1338 493 1555 557 δούλους

70 597 270 656 κενώσας,
300 590 382 643 καὶ
412 588 760 649 ἀνακαινίσας
792 586 989 650 πάντα,
1021 586 1115 639 καὶ
1161 584 1334 656 ἀρχὴν
1372 585 1555 656 κρείτ-

68 704 178 748 τονος
206 684 301 752 βίου
338 683 397 749 τῇ
450 676 639 730 ἑαυτοῦ
689 677 953 748 ἐπιδημίᾳ
992 677 1425 747 παρασχόμενος,
1466 677 1558 729 καὶ

69 781 131 831 διὰ
149 776 277 827 τοῦτο
308 770 638 841 πρωτότοκος
672 769 914 838 κληθεὶς,
962 768 1021 821 οὖ
1054 769 1107 821 τί
1148 786 1248 821 που
1284 768 1381 839 τὴν
1409 767 1558 821 θείαν

70 863 319 937 παρεδλάόη
349 860 498 925 δόξαν
518 876 532 890 ⁶
565 861 687 913 οὐδὲ
728 860 835 932 γὰρ
880 858 1309 931 μειονεκτεῖσθαί
1355 876 1493 925 πως,
1522 860 1554 931 ἢ

69 963 123 1021 εἰς
140 955 274 1009 τὺτοῦ
303 956 467 1024 χεῖρον
489 952 697 1021 ἔχοντος
727 954 921 1024 μέτρον
942 948 1341 1022 καταφέρεσθαι
1372 953 1558 1022 ἀνέχε-

67 1068 128 1102 ται
159 1048 400 1115 δυνάμεως
445 1043 661 1109 λέξεων,
713 1045 770 1096 ὲν
813 1046 880 1114 τῇ
936 1044 1280 1115 καταχρήσει
1330 1042 1419 1095 διὰ
1462 1043 1557 1115 τὴν

68 1140 300 1209 ἀξθεγκτον
336 1136 640 1206 οἰκονομίαν
689 1136 1150 1206 ὲξενηνεγμένων·
1199 1137 1360 1204 ἡμεῖς
1391 1134 1448 1187 δὲ
1494 1137 1557 1187 ἐκ

67 1232 212 1301 πολλῆς
234 1228 591 1292 ταπεινώσεως
621 1228 715 1282 καὶ
765 1229 988 1291 σκότους
1019 1229 1097 1291 εἰς
1122 1226 1279 1291 δόξαν
1309 1227 1406 1279 καὶ
1434 1225 1550 1295 φῶς

66 1322 310 1392 ἀνήχθημεν
370 1320 610 1391 ἄπειρον,
658 1319 757 1391 τὴν
803 1322 883 1383 είς
945 1320 1107 1372 αὐτὸν
1165 1317 1557 1388 είσδεδεγμένοι

67 1415 211 1466 πίστιν.
238 1412 482 1464 Ἐκαστον
515 1411 643 1483 γὰρ,
677 1411 805 1482 παρ’
835 1411 863 1463 ὃ
899 1410 998 1481 τὴν
1048 1410 1208 1480 φύσιν
1252 1410 1423 1475 ἐστὶν,
1471 1409 1557 1463 λέ-

68 1505 159 1567 iam;
194 1503 397 1573 δγκῳ,ἢ
444 1503 835 1574 χθαμαλότητι,
877 1503 990 1557 οὔτ’
1030 1503 1401 1576 ἀναθρώσκειν
1440 1522 1556 1567 πως

67 1600 129 1649 καὶ
158 1594 445 1666 ἐξαίρεσθαι,
474 1592 597 1647 οὗτε
643 1594 747 1667 μὴν
772 1596 966 1650 ἑαυτοῦ
995 1597 1157 1650 οἱονεὶ
1189 1596 1429 1649 κατιέναι
1462 1596 1556 1649 καὶ

67 1686 276 1754 ὑοιζάνειν
304 1686 539 1741 δύναται.

1660 497 1825 566 geniti
1858 516 1871 552 :
1923 498 2014 567 qui
2048 512 2177 552 vero
2205 496 2442 551 omnium
2483 496 2749 562 conditor,
2781 506 2835 551 et
2867 498 3219 554 administra-

1660 598 1745 644 tor
1783 599 1887 655 est,
1920 604 1983 643 ac
2016 590 2161 644 solus
2190 589 2520 653 misericors,
2552 588 2601 643 is
2624 596 2679 643 et
2717 589 2887 643 frater
2927 603 3131 656 neSter,
3164 599 3220 645 et.

1658 681 2047 749 primogenitus
2072 681 2397 733 nominatur.
2443 679 2577 733 Nam
2616 681 2727 750 ipse
2755 682 2972 751 quidem
3004 687 3219 751 quando

1656 788 1721 828 ex
1753 774 1957 829 inﬁnita
1988 773 2268 827 altitudine
2303 787 2422 828 sese
2470 784 2685 842 propter
2732 784 2858 829 su'os
2908 791 3092 829 servos
3124 792 3213 831 ex-

1658 864 1900 928 inanivit,
1944 870 1999 917 et
2039 864 2215 917 omnia
2248 865 2552 929 renovavit,
2578 876 2630 918 et
2674 864 2913 919 melioris
2954 867 3076 920 vita:
3111 868 3217 919 ini-

1657 955 1790 1009 tium
1816 970 1912 1010 suo
1945 955 2177 1010 adventu
2214 956 2368 1009 nobis
2409 957 2656 1025 przebuit,
2688 958 2911 1025 ideoque
2950 961 3217 1027 primoge—

1658 1049 1803 1103 nitus
1856 1057 2078 1101 vocatus
2122 1056 2236 1113 est;
2282 1047 2484 1101 nullmn
2537 1050 2713 1118 quoad
2773 1051 3007 1103 divinam
3066 1067 3217 1104 suam

1657 1139 1878 1209 gloriam
1901 1139 2279 1193 detrimentum
2310 1140 2451 1207 cepit
2477 1156 2491 1192 :
2515 1155 2613 1193 nec
2627 1140 2767 1194 enim
2789 1140 2935 1195 illum
2966 1145 3217 1209 quodam-

1658 1232 1816 1286 modo
1893 1232 2230 1297 imminuere,
2305 1240 2397 1284 aut
2454 1232 2521 1284 ad
2578 1231 2898 1285 deteriorem
2956 1233 3219 1287 conditiov

1656 1338 1778 1377 nem
1810 1324 2113 1393 deprimere
2145 1332 2315 1390 potest
2343 1338 2525 1377 eorum
2556 1324 2935 1378 vocabulorum
2968 1326 3067 1388 vis,
3098 1340 3219 1392 quae

1658 1415 1722 1468 de
1754 1414 1869 1481 ipso
1918 1414 1985 1467 ob
2044 1412 2367 1467 ineffabilem
2418 1414 2842 1468 Iucarnationem
2922 1415 3221 1484 improprie

1656 1514 1710 1559 et
1747 1504 1965 1558 abusive
2009 1503 2346 1573 pronuntiata
2383 1514 2526 1557 sunt.
2572 1502 2678 1559 Nos
2726 1520 2851 1559 Vero
2900 1522 2964 1560 ex
3025 1521 3218 1574 magna

1656 1595 1955 1663 abjectione
2004 1604 2059 1649 et
2089 1595 2315 1663 caligine
2360 1595 2411 1648 in
2454 1595 2713 1648 inﬁnitam
2745 1597 2970 1664 gloriam
3029 1612 3092 1650 ac
3134 1599 3220 1650 Iu-

1658 1700 1776 1741 cem
1828 1685 1998 1740 evecti
2038 1700 2244 1748 sumus,
2279 1700 2399 1739 cum
2451 1684 2606 1738 ﬁdem
2650 1690 2967 1754 recepimus,
3006 1701 3109 1754 qua
3157 1687 3215 1741 in

68 1797 152 1834 eum
177 1782 453 1837 credimus:
491 1782 636 1837 nulla
670 1782 812 1837 enim
850 1798 937 1839 res
965 1792 1141 1854 potest
1169 1788 1547 1843 vocabulorum
1588 1782 1935 1847 sublimitate,
1998 1790 2091 1834 aut
2122 1780 2325 1834 vilitate
2391 1795 2489 1835 nec
2527 1794 2689 1849 supra
2730 1780 2802 1845 id,
2840 1780 2980 1849 quod
3022 1794 3087 1834 ex
3119 1794 3223 1832 na-v

68 1884 145 1923 tura
177 1887 255 1923 sua
281 1880 375 1937 est,
408 1871 616 1933 extolli,
646 1887 745 1926 nec
779 1872 917 1926 infra
962 1890 1021 1928 se
1052 1875 1222 1943 ipsam
1262 1878 1426 1932 veluti
1464 1877 1803 1935 descendere,
1832 1887 1893 1925 ac
1916 1872 2211 1925 subsidere.

112 1965 164 2016 θὺ
193 1965 342 2034 μικρὰ
368 1964 422 2016 δὲ
451 1966 884 2019 συνενδείκνυται
911 1971 1023 2031 τοῖς
1052 1970 1141 2037 ὑφ’
1175 1971 1330 2042 ἡμῶν
1362 1973 1550 2043 διηγη-

1750 1968 1836 2021 Ion
1891 1982 2055 2036 pauca
2122 1983 2282 2036 porro
2330 1976 2477 2031 sunt,
2532 1968 2727 2037 quibus
2774 1970 3079 2023 conﬁrmari
3123 1986 3217 2025 va-

68 2059 201 2122 ϐεἰσιν,
225 2058 345 2109 ἀλλὰ
371 2059 462 2110 καὶ
501 2057 663 2127 μόνον
705 2060 1016 2130 ἐπικουρεῖν
1063 2060 1235 2131 ἰσχύει
1274 2065 1368 2115 καὶ
1400 2064 1461 2115 τὸ
1491 2065 1548 2115 ὲν

68 2156 127 2218 πῆ
158 2147 322 2218 ψαλμῷ
355 2148 443 2202 τὸν
490 2150 848 2220 ἀπερινόητον
882 2150 1012 2203 Θεὸν
1060 2152 1291 2218 ἀξιῶσαι
1340 2156 1547 2206 εἰπεῖν’

71 2232 230 2307 «Εὗρον
261 2238 409 2292 Δαυῒδ
439 2240 528 2293 τὸν
560 2241 742 2293 δοῦλόν
785 2258 885 2311 μου
906 2258 919 2271 ο
954 2243 1012 2295 ἐν
1056 2244 1219 2315 ἐλαίῳ
1273 2263 1372 2316 μου
1414 2245 1553 2315 ἁγίῳ

70 2330 200 2400 ἔχοισα
234 2332 397 2385 αὐτόν.
436 2331 548 2383 Καὶ
588 2332 696 2402 γὰρ
729 2332 761 2401 ἡ
797 2332 914 2402 χείρ
964 2349 1064 2402 μου
1111 2335 1553 2405 συναντιλήψεται

68 2422 183 2491 αὐτῷ,
211 2424 234 2473 ὁ
261 2422 485 2492 βραχίων
529 2440 633 2493 μου
674 2423 989 2492 κατισχύσει
1035 2425 1229 2479 αὐτόν’
1264 2427 1364 2478 οὑκ
1413 2427 1553 2495 ὠφε-

69 2514 173 2583 λήπι
196 2514 359 2585 ἐχθρὸς
396 2517 451 2567 ὲν
489 2515 662 2586 αὐτῷ,
705 2516 799 2569 καὶ
850 2514 966 2580 υίὸς
1008 2517 1235 2587 ἀνομίας
1276 2518 1338 2569 οὐ
1388 2534 1554 2588 προσ-

70 2607 173 2675 θήσει
195 2605 271 2659 τοῦ
304 2607 543 2661 κακῶσαι
576 2608 760 2661 αὐτόν.
808 2610 917 2661 Καὶ
951 2611 1203 2679 συγκόψει)
1238 2611 1345 2663 ἀπὸ
1381 2627 1553 2681 προσ-

70 2696 170 2747 ὡτου
202 2698 341 2750 αὐτοῦ
383 2700 506 2762 τοὺς
542 2700 771 2771 ἐχθροὺς
814 2700 1002 2763 αὑτοῦ,
1047 2700 1170 2772 [167
1200 2700 1251 2772 b]
1299 2702 1393 2753 καὶ
1424 2703 1549 2764 τοὺς

73 2789 286 2857 μισοῦντας
329 2792 482 2843 αὐτὸν
528 2790 907 2861 τροπώσομαι.
953 2792 1062 2844 Καὶ
1096 2794 1127 2862 ή
1164 2791 1393 2861 ἀλήθειὰ
1448 2809 1551 2861 μου

72 2883 130 2930 xz".
152 2881 196 2931 τὸ
217 2880 342 2944 ἔλεός
380 2900 477 2952 μου
518 2886 636 2952 μετ’
663 2881 852 2946 αὑτοῦ,
882 2884 975 2935 καὶ
1006 2884 1063 2934 ἐν
1091 2882 1167 2952 τῷ
1196 2882 1415 2953 ὀνόματί
1451 2900 1551 2953 μου

71 2971 329 3038 ὑιᾴωθήσεται
371 2974 430 3026 τὸ
474 2974 645 3045 κέρας
692 2974 876 3026 αὑτοῦ.
923 2974 1032 3027 Καὶ
1074 2973 1309 3045 θήσομαι
1353 2978 1410 3028 ὲν
1460 2976 1553 3028 θα-

70 3060 188 3133 λάττῃ
224 3067 359 3133 χεῖρα
381 3065 565 3127 αὐτοῦ,
617 3066 711 3118 κα).
744 3067 802 3118 ἐν
836 3068 1098 3135 ποταμοῖς
1130 3066 1309 3131 δεξιὰν
1365 3065 1549 3120 αὐτοῦ.

72 3153 186 3215 Αὐτὸς
217 3154 264 3207 δὲ
295 3156 670 3209 ἐπικαλέσεταί
704 3173 799 3227 με’
830 3158 1018 3228 Πατήρ
1050 3174 1150 3226 μου
1174 3153 1223 3209 εἴ
1249 3159 1334 3219 σὺ,
1362 3160 1390 3211 ό
1423 3158 1552 3221 Θεῷ

73 3244 252 3308 μου,καὶ
288 3244 627 3317 ἀντιλήπτωρ
673 3246 772 3315 τῆς
815 3249 1085 3316 σωτηρίας
1138 3262 1257 3315 μου·
1301 3247 1408 3298 Καὶ
1441 3244 1552 3313 ἐγὼ

72 3334 327 3402 πρωτότοκον
362 3337 596 3408 θήσομαι
627 3337 787 3390 αὑτὸν
826 3336 1027 3408 ὑψηλὸν
1067 3337 1217 3407 παρὰ
1256 3339 1367 3399 τοῖς
1400 3336 1550 3406 βασι-

72 3422 171 3476 λεῦτι
194 3427 272 3495 τῆς
299 3428 412 3497 γῆς.
436 3446 452 3478 ι
491 3428 611 3481 Κᾶν
642 3443 701 3479 τε
731 3426 841 3497 γὰρ
870 3425 1107 3496 περὶτοῦ
1150 3427 1550 3493 συνυφεστῶτος

140 3520 328 3587 πατρικῇ
374 3517 496 3586 δόξῃ
545 3515 999 3585 ἁπαυγάσματος,
1048 3515 1143 3566 καὶ
1190 3515 1276 3565 ἐπ’
1310 3514 1550 3583 ἐσχάτων

75 3605 115 3654 ἐκ
139 3608 252 3676 ῥίζης
284 3610 468 3661 Ἰεσσαὶ
495 3608 851 3678 ἀνθήσαντος,
888 3607 989 3659 κᾶν
1019 3622 1078 3657 τε
1112 3608 1238 3675 περὶ
1265 3605 1360 3657 τοῦ
1391 3606 1552 3657 Δαυῒδ

76 3694 177 3746 τοῦτο
214 3698 595 3770 διαγορεύεσθαι
640 3698 881 3768 δοίημεν,
928 3697 1026 3748 οὑκ
1067 3695 1133 3748 ἂν
1172 3698 1237 3765 τῇ
1283 3696 1381 3765 τῆς
1426 3713 1552 3747 συν-

74 3783 199 3847 ηθείας
233 3788 433 3858 ὑπονοίᾳ
473 3790 502 3839 ό
544 3787 888 3858 πρωτότοκος
940 3784 1177 3855 νοηθείη.
1212 3783 1333 3847 Πῶς
1378 3784 1487 3855 γὰρ
1519 3784 1550 3853 ἦ

76 3873 132 3922 τὸν
160 3874 235 3944 ᾔδη
285 3876 398 3928 ὄντα
437 3876 726 3947 ἄνθρωπον
787 3874 967 3943 (λέγει
1016 3874 1153 3944 γὰρ,
1201 3874 1281 3925 ὅτι
1336 3894 1353 3925 ι
1382 3868 1553 3943 Εὗρον

76 3966 183 4017 Ast-.26
204 3968 278 4020 τὸν
295 3969 466 4025 δοῦλόν
503 3969 692 4040 pou»),
719 3968 752 4037 ἢ
786 3967 877 4019 τὸν
910 3966 1312 4037 πρεσϐυτέρους
1355 3964 1551 4017 ἑαυτοῦ

76 4054 205 4121 ἔχοντα
248 4060 505 4127 ἀδελφοὺς,
553 4058 894 4129 πρωτότοκον
943 4059 1261 4126 ποιήσεται;
1320 4056 1445 4108 ’Ότι
1497 4054 1553 4107 δέ

77 4162 159 4197 ποτε
180 4150 367 4220 σύνηθες
386 4155 448 4221 τῇ
468 4152 660 4222 Γριφῇ
691 4152 813 4211 τοὺς
838 4149 991 4211 ὄντας
1019 4150 1118 4219 ἤδη
1151 4147 1269 4201 καθ’
1299 4146 1550 4217 ὓπαρξιν.

78 4240 246 4299 Ὶὶνετθαί
285 4260 389 4305 πως
434 4243 462 4294 ὃ
510 4244 613 4295 οὐκ
668 4238 807 4312 ἦσαν
858 4240 1223 4307 ἐξαγγέλλειν,
1276 4238 1485 4300 Παῦλος
1526 4238 1555 4288 ό

76 4327 240 4392 Χριπῡῦ
272 4336 438 4404 γέμων
466 4335 561 4387 καὶ
597 4334 751 4400 ἁγίου
793 4332 1104 4401 Πνεύματος
1134 4331 1382 4401 ἔμπλεως
1415 4330 1554 4382 οὕτω

78 4432 143 4467 που
178 4423 361 4487 φάσκει·
403 4443 420 4474 ι
450 4424 566 4476 Οὐκ
609 4423 689 4474 ἔτι
736 4418 786 4474 εἴ
832 4421 1034 4485 δοῦλος,
1082 4420 1214 4473 ἀλλὰ
1257 4420 1389 4482 υἱός.
1416 4438 1434 4471 ι
1482 4420 1555 4472 Τὸ

79 4508 161 4578 γὰρ,
187 4534 200 4561 ι
229 4515 311 4565 οὐκ
336 4515 427 4573 ἔτι.
456 4535 473 4565 ι
511 4518 625 4575 τοῖς
658 4514 756 4582 ἤδη
788 4513 1146 4582 ὑφεστηκόσιν
1176 4512 1273 4581 τὴν
1311 4512 1403 4563 ἐπὶ
1428 4510 1555 4563 ἄλλο

79 4615 109 4646 τι
146 4602 214 4652 τοῦ
254 4604 420 4657 λοιποῦ
468 4606 803 4657 κατάστασιν
872 4603 1142 4672 σημαίνει.
1198 4603 1307 4653 Καὶ
1359 4601 1551 4654 πάλιν·

83 4689 186 4755 «Οὓς
214 4695 433 4763 πῳέγνω
475 4694 571 4747 καὶ
604 4692 910 4763 προώρισεν
948 4691 1301 4761 συμμόρφους
1340 4692 1436 4761 τῆς
1477 4691 1554 4741 εί-

80 4781 181 4844 I’a‘vo;
212 4785 286 4836 τοῦ
311 4788 426 4839 Υἱοῦ
474 4784 660 4847 αὑτοῦ,
697 4787 772 4847 είς
817 4785 878 4837 τὸ
909 4779 1047 4837 εἶναι
1076 4784 1235 4837 αὑτὸν
1280 4784 1551 4853 πρωτότο-

80 4888 140 4923 xw
161 4875 202 4926 ἐν
234 4878 422 4943 πολλοῖς
452 4880 703 4949 ἀδελφοῖς
722 4895 735 4908 ·
765 4898 782 4929 ι
820 4878 940 4930 ἀντὶ
984 4874 1100 4941 τοῦ,
1138 4879 1166 4928 ό
1193 4875 1323 4937 Θεὸς
1352 4875 1380 4926 ὁ
1422 4891 1555 4943 ’προ-ι

81 4968 186 5026 Τοὺς
222 4969 527 5037 ἀπογόνους,
581 4971 675 5022 καὶ
725 4969 901 5022 πάντα
953 4967 1021 5020 τὰ
1076 4965 1412 5035 παρελθόντα
1466 4966 1559 5019 καὶ

82 5055 249 5122 ἐπεόντα,
272 5061 336 5125 ὡς
367 5061 651 5132 ὑφεστῶτα
672 5061 766 5114 καὶ
799 5059 1040 5130 παρόντα
1076 5056 1236 5127 ὁρῶν,
1269 5057 1399 5127 παρ’
1425 5050 1468 5124 ᾧ
1500 5058 1557 5109 ἓν

82 5163 112 5195 τι
140 5151 284 5220 μέτρον
308 5155 353 5204 οἱ
387 5154 582 5216 αἰῶνες
614 5151 851 5214 ἅπαντές
894 5152 1021 5216 εισι,
1052 5151 1149 5203 καὶ
1191 5148 1339 5201 οὐδὲν
1381 5166 1551 5219 μεμε-

84 5242 276 5309 ριτμὲνον,
301 5245 367 5309 ὡς
398 5245 502 5316 πρὸ
534 5245 763 5315 βραχέος
805 5242 1021 5312 ἐλέχθη,
1054 5241 1269 5312 προῖδεν
1307 5242 1554 5294 καιὲπι-

83 5330 204 5393 WG);
240 5336 475 5407 ὑπέσχετο
512 5337 643 5408 [168
665 5336 742 5408 α],
786 5337 909 5398 τοὺς
940 5332 1255 5405 ἀνθρώπους
1310 5334 1555 5404 συμμόρ-

84 5434 171 5482 9’”;
198 5422 376 5481 ἔσεσθαι
406 5431 497 5482 τοῦ
540 5429 691 5491 ὄντος
727 5427 911 5489 ἁῖδίως
951 5426 1010 5477 ὲν
1044 5428 1222 5495 μορφῇ
1262 5424 1422 5477 αὐτοῦ
1458 5443 1551 5494 μο-

84 5574 183 5693 ﬁli)
196 5579 733 5701 ν(ςζιιιεοιιιρηείιεηεἱίνὶιὶις.
765 5582 969 5645 Codex,
1001 5579 1381 5653 ἀπεριὸόητος.
1405 5580 1548 5650 Lch

110 5660 194 5701 τίοι
262 5670 363 5701 ,τοςΔ

417 5724 553 5780 Psal.
582 5739 841 5787 uxxvut,
873 5737 901 5775 τι
934 5736 1071 5776 vers.
1098 5721 1167 5773 ‘20
1210 5720 1273 5774 ad
1321 5718 1411 5774 '27.
1446 5720 1545 5774 Lc-

1655 2062 1802 2116 leant
1834 2076 1952 2130 qua:
1984 2059 2404 2123 edisseruimus;
2456 2062 2548 2115 sed
2600 2062 2725 2114 illud
2774 2060 2857 2113 vel
2907 2078 3002 2130 per
3035 2079 3093 2116 se
3123 2079 3213 2116 so-

1655 2154 1763 2208 lum
1810 2169 2057 2222 magnam
2096 2154 2199 2205 vim
2243 2153 2424 2217 habet,
2462 2154 2601 2221 quod
2637 2154 2687 2206 in
2738 2167 2976 2206 Lxxxvm
3009 2154 3219 2220 psalmo

1654 2243 1732 2296 sic
1781 2242 2031 2309 loquatur
2058 2242 2615 2310 incomprehensibilis
2646 2242 2722 2311 (9.)
2749 2241 2888 2297 Deus
2921 2260 2935 2295 :
2979 2260 2997 2291 ι
3032 2242 3213 2297 Inveni

1654 2333 1729 2403 (5)
1761 2332 1925 2385 David
1958 2347 2170 2384 servum
2214 2348 2415 2395 meum,
2462 2332 2514 2385 in
2544 2334 2661 2385 oleo
2697 2348 2817 2387 meo
2868 2344 3053 2387 sancto
3086 2336 3213 2386 unxi

1654 2438 1822 2478 cum:
1867 2422 2065 2476 etenim
2125 2437 2313 2475 manus
2356 2438 2472 2475 mea
2528 2422 2687 2492 353
2739 2423 3083 2477 auxiliabitur
3126 2424 3211 2488 ei;

1653 2513 1932 2569 brachium
1979 2527 2156 2566 meum
2216 2512 2652 2567 roborabitemu.
2682 2512 2797 2566 Non
2829 2515 3070 2581 proﬁciet
3110 2516 3214 2568 iui-

1655 2606 1827 2659 micus
1862 2604 1914 2657 in
1954 2618 2038 2667 eo,
2075 2613 2128 2657 et
2174 2603 2314 2658 ﬁlius
2354 2604 2651 2671 iniquitatis
2699 2620 2802 2657 non
2837 2616 3067 2673 apponet
3119 2620 3217 2658 no-

1653 2710 1777 2750 cere
1801 2696 1849 2749 ei
1882 2713 1897 2750 :
1933 2694 1996 2748 Et
2016 2694 2293 2748 concidam
2335 2709 2364 2747 a
2398 2694 2532 2747 facie
2579 2695 2693 2764 ejus
2722 2694 2966 2749 inimicos
2995 2695 3130 2763 ejus,
3160 2707 3215 2749 et

1653 2787 1900 2841 odientcs
1951 2802 2070 2841 eum
2128 2785 2179 2837 in
2247 2784 2423 2855 fugam
2486 2795 2818 2839 convertam.
2888 2786 2953 2840 Et
3019 2789 3219 2841 veritas

1654 2891 1793 2939 mea,
1826 2884 1878 2931 et
1927 2876 2294 2930 misericordia
2353 2890 2467 2928 mea
2498 2892 2617 2929 cum
2650 2877 2785 2943 ipso,
2827 2886 2880 2930 et
2915 2877 2965 2929 in
2999 2881 3215 2934 nomine

1654 2982 1773 3021 meo
1826 2968 2149 3020 exaltabitur
2184 2984 2350 3021 cornu
2412 2967 2573 3036 ejus:
2611 2968 2675 3022 Et
2728 2983 2919 3037 ponam
2970 2970 3024 3022 itt
3079 2972 3211 3022 mari

1654 3074 1870 3112 manum
1906 3060 2039 3127 ejus,
2080 3069 2131 3113 et
2170 3061 2220 3112 in
2258 3059 2561 3113 ﬂuminibus
2597 3062 2874 3115 dexteram
2911 3063 3045 3128 ejus.
3090 3061 3211 3130 Ipse

1653 3156 1829 3203 autem
1860 3150 2130 3203 invocabit
2161 3167 2243 3204 me
2273 3168 2287 3203 :
2315 3151 2643 3206 Patertueus
2671 3168 2730 3206 es
2761 3163 2837 3217 tu,
2868 3151 3006 3207 Deus
3039 3170 3209 3216 meus,

1652 3252 1707 3295 et
1748 3252 2025 3309 susceptor
2070 3242 2258 3295 salutis
2316 3259 2466 3297 meae.
2529 3242 2594 3296 Et
2649 3259 2748 3314 ego
2796 3246 3208 3314 primogenitum

1655 3347 1845 3400 ponam
1887 3332 2053 3397 illum,
2093 3333 2358 3386 excelsum
2402 3334 2541 3402 apud
2575 3349 2731 3403 reges
2774 3345 2949 3388 terrm.
2988 3354 3007 3387 ι
3074 3335 3205 3389 Nam

1652 3425 1765 3476 sive
1807 3423 1871 3475 de
1898 3437 1981 3487 eo,
2011 3423 2101 3490 qui
2139 3424 2392 3490 splendor
2438 3434 2521 3477 est
2564 3430 2894 3479 coexsistens
2937 3440 3057 3479 cum
3106 3425 3215 3479 Pa-

1654 3524 1806 3567 terna
1840 3514 2029 3581 gloria,
2064 3516 2259 3583 quique
2307 3515 2617 3569 novissimis
2652 3517 2979 3585 temporibus
3009 3533 3075 3571 ex
3128 3534 3215 3571 ra-

1654 3605 1768 3658 dice
1827 3604 1977 3659 Jesse
2018 3605 2269 3669 eﬁloruit,
2325 3608 2439 3659 sive
2490 3608 2554 3661 de
2608 3607 2809 3661 Davide
2865 3608 2965 3663 hoc
3012 3609 3210 3662 dictum

1652 3712 1771 3750 esse
1800 3698 2177 3764 concedamus,
2225 3697 2487 3766 suspicari
2547 3713 2704 3751 nemo
2760 3707 2955 3768 potest,
3012 3716 3209 3754 nomen

1656 3788 1995 3858 primogeniti
2056 3788 2424 3858 accipiendum
2460 3788 2549 3841 hic
2594 3803 2719 3842 esse
2743 3791 2808 3844 de
2846 3806 2930 3856 eo,
2969 3792 3059 3860 qui
3118 3807 3217 3856 per

1654 3880 1850 3931 coitum
1886 3880 2058 3947 primo
2087 3880 2156 3933 sit
2183 3880 2414 3947 genitus.
2463 3877 2596 3933 Nam
2626 3882 2894 3949 quomodo
2926 3892 3019 3935 aut
3063 3898 3210 3943 eum,

1654 3972 1745 4041 qui
1771 3971 1883 4041 jam
1931 3982 2047 4024 erat
2083 3971 2240 4025 homo
2272 3971 2370 4040 (ait
2396 3971 2537 4024 enim
2588 3970 2729 4025 Deus
2764 3989 2778 4025 :
2818 3991 2837 4023 ι
2872 3973 3048 4025 Inveni
3112 3972 3215 4025 Da-

1655 4063 1742 4117 vid
1798 4078 2011 4117 servum
2078 4062 2337 4134 menum)
2387 4073 2478 4116 aut
2530 4065 2697 4126 illum,
2735 4064 2825 4134 qui
2866 4066 3107 4120 seniores
3155 4082 3216 4119 se

1655 4154 1771 4223 ipso
1834 4154 2029 4207 fratres
2081 4154 2331 4218 habebat,
2386 4156 2799 4224 primogenitum
2852 4156 3050 4210 faceret
3101 4159 3215 4225 ipse

1656 4241 1835 4296 Deus?
1891 4241 2041 4305 Quod
2108 4253 2286 4295 autem
2345 4243 2523 4298 dicere
2589 4246 2877 4313 aliquando
2936 4245 3212 4315 Scriptura

1656 4334 2019 4398 consueverit,
2054 4347 2146 4387 eos
2190 4333 2277 4400 qui
2315 4332 2428 4401 jam
2479 4342 2603 4386 sunt
2631 4335 2920 4387 secundum
2952 4338 3216 4388 exsistet:-

1659 4424 1806 4485 tiam,
1864 4420 1980 4475 ﬁeri
2025 4423 2416 4490 quodammodo
2469 4423 2748 4491 quodnon
2803 4434 2977 4491 erant,
3020 4426 3215 4480 Paulus

1656 4516 1871 4568 Christo
1910 4515 2118 4583 plenus,
2147 4524 2199 4566 et
2238 4514 2438 4580 Spiritu
2476 4525 2661 4568 sancto
2697 4514 2929 4582 repletus
2983 4516 3061 4568 sic
3112 4517 3223 4569 ali-

1658 4603 1778 4656 cubi
1819 4614 2086 4657 testatur:
2145 4621 2164 4653 ‹
2205 4601 2317 4656 Non
2373 4602 2598 4672 amplius
2655 4603 2730 4674 (4)
2759 4620 2817 4658 es
2872 4620 3080 4668 servus,
3121 4606 3215 4659 sed

1662 4695 1819 4748 ﬁlius.
1862 4714 1880 4746 ι
1927 4694 2060 4747 Nam
2118 4694 2268 4757 illud,
2312 4712 2330 4744 ι
2372 4710 2477 4747 non
2527 4695 2774 4762 amplius,
2824 4713 2842 4745 ι
2878 4710 3085 4759 eorum,
3124 4697 3215 4764 qui

1654 4778 1765 4846 jam
1796 4780 2181 4843 subsistebant,
2208 4778 2366 4831 aliam
2405 4780 2687 4848 quamdam
2719 4779 2832 4832 fore
2862 4779 2913 4832 in
2942 4790 3217 4848 posterum

1655 4872 2058 4935 conditionem,
2114 4884 2176 4922 ac
2232 4878 2430 4922 statum
2493 4869 2791 4937 signiﬁcat;
2853 4880 2909 4923 et
2960 4884 3143 4922 rursus
3200 4888 3215 4923 :

1660 4966 1833 5031 «Quos
1857 4963 2119 5031 prwscivit
2136 4962 2234 5030 (5),
2254 4972 2306 5013 et
2328 4961 2725 5030 praedestinatit
2752 4960 3055 5014 conformes
3083 4962 3220 5014 ima-

1657 5058 1798 5124 ginis
1826 5055 1948 5109 Filii
1983 5054 2092 5116 sui,
2125 5064 2178 5105 ut
2209 5054 2279 5107 sit
2328 5055 2439 5120 ipse
2497 5052 2883 5121 printogenitus
2929 5053 2982 5106 in
3036 5056 3220 5107 multis

1657 5146 1916 5201 fratribus
1944 5165 1955 5198 :
1990 5144 2101 5198 I-Ioe
2126 5151 2207 5198 est
2238 5161 2252 5196 :
2288 5162 2307 5193 ι
2342 5141 2500 5206 Deus,
2530 5144 2617 5211 qui
2654 5153 2897 5210 nepotes,
2941 5159 3004 5197 ac
3037 5154 3223 5213 poste-

1659 5255 1749 5293 ros
1802 5237 2185 5307 prmcognovit,
2248 5236 2444 5304 quique
2500 5237 2678 5291 omnia
2740 5251 2861 5290 cum
2922 5238 3222 5306 praeterita,

1659 5341 1773 5383 tum
1815 5330 1990 5383 futura
2025 5338 2081 5383 ut
2125 5328 2234 5396 jam
2287 5328 2657 5393 subsistentia,
2698 5338 2753 5383 et
2803 5330 3082 5396 praesentia
3135 5330 3223 5382 in-

1660 5431 1859 5490 tuetur,
1893 5430 1947 5477 et
1992 5421 2131 5491 apud
2159 5435 2315 5489 quem
2357 5436 2459 5474 una
2496 5422 2737 5490 quaedam
2790 5436 3043 5476 mensura
3094 5428 3222 5474 sunt

1656 5581 1893 5635 ctionum
1925 5579 2213 5632 varietates
2243 5578 2440 5631 nullius
2468 5579 2722 5631 momenti
2752 5586 2898 5632 sunt.

1726 5651 1803 5717 (4)
1847 5650 1969 5703 Νοη
2008 5648 2231 5716 amplius
2261 5665 2332 5700 es.
2368 5648 2484 5701 Gal.
2511 5664 2581 5710 tv,
2610 5650 2660 5701 7.
2740 5659 2749 5667 ‘

1727 5720 1802 5787 (ῗί)
1845 5720 1985 5783 Quos
2014 5720 2288 5786 prwmrit.
2316 5718 2471 5772 Rom.
2500 5734 2611 5781 vnl,
2640 5719 2727 5770 29.
