3716 6310
438 271 541 337 859

1640 264 1656 269 “
1679 274 1910 330 DIDYMI
1947 273 2408 328 ALEXANDRINI
3531 274 3616 327 sio

438 395 620 452 omnia
649 392 965 457 saecula,cui
992 392 1209 445 demum
1240 390 1371 444 nihil
1390 400 1472 444 est
1506 406 1608 445 non
1638 392 1986 456 individuum,

2102 392 2335 458 ιογενοῦς
2368 392 2515 455 Υῐοῦ,
2549 393 2639 459 ἀφ’
2662 386 2720 445 οῦ
2760 390 2822 444 ἂν
2856 384 3005 453 οὗτος
3027 394 3056 442 ό
3084 388 3421 459 Μονογενὴς,
3459 391 3619 453 καθεὶς

442 497 503 541 ιιι
537 484 693 555 paulo
726 493 848 538 ante
881 481 957 552 (6)
986 482 1185 535 dictum
1226 479 1345 543 fuit,
1383 481 1645 547 praevidit,
1682 492 1735 534 et
1770 480 1996 534 tnantl‘e.

441 586 522 633 ste
547 575 810 644 pollicitus
839 584 939 636 est,
966 572 1208 625 homines
1230 568 1275 621 ei
1304 570 1606 622 conformes
1628 569 1834 623 futuros
1854 586 1994 634 esse,

441 668 531 737 qui
571 670 637 721 ab
688 678 889 719 aeterno
928 664 1125 717 eratin
1171 662 1343 715 forma
1373 660 1637 729 liuigeniti
1690 660 1802 727 ejus
1851 661 1993 727 Filii,

442 770 721 826 postquam
761 759 843 810 hic
887 756 1197 821 Unigenitus
1252 754 1480 819 seipsuut
1516 762 1732 819 propter
1783 768 1879 806 nos
1930 752 1998 805 ad

452 852 702 902 servilem
743 847 969 901 l‘orutam
1002 846 1287 898 dentitteus
1314 844 1509 896 dixerit
1534 858 1597 895 ex
1630 846 1841 911 prOpria
1872 859 1998 912 gra-

446 942 513 992 tia
551 957 563 992 :
606 958 624 990 ι
663 939 777 990 Non
814 938 1040 1003 amplius
1072 935 1143 1003 (7)
1189 949 1283 987 vos
1324 950 1455 987 voco
1506 952 1708 999 servos,
1746 936 1835 989 sed
1866 938 2000 988 ami-

446 1046 561 1094 cos,
597 1041 648 1083 et
682 1030 893 1089 fratres,
927 1044 945 1076 ι
990 1036 1045 1077 ιιι
1086 1026 1159 1076 ait
1196 1024 1492 1092 Scriptura.
1544 1024 1995 1090 Quemadmodum

442 1123 583 1175 enim
623 1135 718 1173 nos
767 1128 1052 1180 creatum,
1081 1118 1253 1169 vocati
1284 1131 1467 1171 sumus
1519 1117 1611 1168 lilii
1673 1115 1764 1169 Dei
1809 1131 1999 1169 seeiin-

444 1212 566 1263 dum
591 1209 837 1277 gratiam,
876 1223 978 1258 nou
1020 1206 1309 1258 secundum
1360 1214 1634 1267 naturam;
1684 1205 1751 1257 ita
1802 1203 2000 1271 Utiige-

444 1302 587 1353 nitus
616 1297 707 1351 Dei
742 1297 953 1364 quando
1004 1293 1263 1346 miscebat
1312 1300 1522 1346 terrena
1575 1295 1897 1356 caelestibus,
1946 1306 1999 1348 et

441 1405 577 1444 nova
636 1390 791 1441 nobis
830 1387 972 1440 salus
1021 1388 1072 1437 in
1123 1396 1433 1452 perpetuum
1470 1383 1544 1452 (8)
1598 1384 1775 1448 (iebat,
1834 1388 1999 1440 frater

438 1480 600 1552 354
637 1491 838 1542 uoster,
871 1489 925 1529 et
966 1478 1349 1543 primogenitus
1382 1485 1603 1529 vocatus
1640 1486 1740 1543 est,
1775 1493 1878 1531 non
1911 1494 1997 1533 se-

439 1574 673 1627 cundum
719 1579 988 1631 naturam,
1016 1583 1174 1637 quam
1218 1567 1377 1621 habet
1426 1582 1492 1619 ex
1548 1567 1726 1629 Patre,
1766 1571 1859 1623 sed
1913 1587 1999 1624 se-

2092 484 2276 535 έαυτὺν
2320 483 2385 534 δι’
2421 485 2565 551 ἡμᾶς
2618 484 2698 545 είς
2725 480 3064 552 δουλοπρεπῆ
3118 480 3351 551 μορφὴν,
3378 479 3510 542 λέξει
3536 482 3621 552 ἰδίᾳ

2092 573 2290 643 δωρεᾷ·
2332 593 2349 624 ι
2377 574 2487 625 Οὐκ
2517 574 2596 625 ἔτι
2644 574 2784 643 ὑμᾶς
2831 572 2978 625 καλῶ
3016 572 3252 634 δούλους,
3284 570 3417 623 ἀλλὰ
3464 572 3620 638 φίλους

2094 664 2186 716 καὶ
2228 664 2511 731 ἀδελφοὺς,
2556 664 2630 725 ὡς
2679 664 3005 734 γέγραπται.
3048 664 3143 714 Ὃν
3195 662 3399 734 τρόπον
3442 664 3538 729 γὰρ
3580 668 3618 715 οξ

2095 756 2320 815 κτιστοὶ,
2356 756 2461 806 υἱοὶ
2494 754 2798 824 ὲκλήϐημεν
2840 755 2933 806 τοῦ
2978 752 3132 817 Θεοῦ,
3177 754 3317 805 κατὰ
3360 753 3531 823 χάριν.
3571 757 3617 806 οὗ

2097 846 2237 899 κατὰ
2285 846 2477 915 φύσιν·
2526 846 2785 908 ὡσαύτως
2831 849 2859 899 ό
2904 846 3208 915 Μονογενὴς
3245 844 3339 896 τοῦ
3374 844 3522 905 Θεοῦ,
3550 846 3619 897 ὅτε

2096 940 2285 1008 ὲμίγνυ
2329 939 2395 991 τὰ
2442 940 2655 1004 ἐπίγεια
2708 939 2816 999 τοῖς
2860 936 3227 1005 ἐπουρανίοις,
3286 936 3379 987 καὶ
3416 936 3621 1004 σωτηρία

2093 1031 2223 1098 ἡμῖν
2270 1029 2365 1080 νέα
2419 1028 2505 1080 διὰ
2550 1028 2732 1089 τέλους
2789 1028 3015 1094 ἐγίνετο,
3067 1025 3295 1093 ἁδελφὸς
3344 1025 3497 1094 ἡμῶν
3548 1028 3621 1076 καὶ

2094 1120 2435 1191 πρωτότοκος
2468 1118 2690 1187 ἐκλήθη,
2731 1118 2792 1169 οὑ
2832 1118 2971 1170 κατὰ
3000 1116 3096 1187 τὴν
3124 1119 3186 1168 ὲκ
3214 1117 3424 1185 [ἰατρὸς
3467 1116 3620 1183 φύσιν,

2095 1211 2230 1264 ἀλλὰ
2269 1210 2408 1264 κατὰ
2437 1210 2531 1279 τὴν
2558 1211 2621 1261 ἐκ
2648 1210 2746 1277 τῆς
2779 1209 3054 1278 Παρθένου
3090 1208 3182 1260 καὶ
3220 1207 3363 1259 κατὰ
3387 1207 3484 1275 τὴν
3511 1208 3622 1274 Παρ-

2097 1304 2245 1356 θένον
2297 1303 2570 1373 σάρκωσιν
2610 1300 2791 1354 αὑτοῦ.
2829 1300 3094 1370 Εὔκαιρον
3130 1300 3307 1352 τοίνυν
3357 1300 3422 1351 ἂν
3459 1300 3537 1366 εἴη
3562 1303 3620 1349 εἱ-

2097 1399 2215 1447 πεῖν
2268 1394 2400 1465 πρὸς
2453 1394 2777 1464 αίρετικοὺς,
2828 1393 2961 1462 ὅπερ
3005 1391 3216 1461 εἴρηται
3254 1393 3369 1453 τοῖς
3407 1388 3510 1452 ἔξω
3542 1407 3621 1441 κα-

2095 1487 2229 1550 λῶς*
2267 1505 2285 1537 ι
2316 1485 2397 1537 Τὰ
2426 1485 2593 1555 ψεύδη
2629 1486 2795 1555 μίσει,
2832 1484 2920 1537 ἵνα
2954 1487 3095 1553 σοιὴ
3135 1484 3361 1552 ἀλήθεια
3403 1483 3623 1553 προσεθί-

2096 1575 2275 1648 ξηται.
2317 1596 2335 1628 ι

438 1672 666 1721 cundum
699 1665 1069 1728 oeconomiam,
1097 1679 1199 1730 qua
1267 1678 1483 1717 carnem
1538 1666 1763 1734 sumpsit
1806 1683 1871 1721 ex
1936 1669 2174 1743 Virgine,
2236 1675 2385 1729 carni
2451 1674 2617 1743 ipsius
2645 1672 2879 1741 Virginis
2903 1670 3149 1726 similem.
3186 1670 3495 1740 Opportune
3519 1684 3624 1737 ergo

438 1757 693 1810 adversus
746 1755 1025 1808 haereticos
1078 1753 1184 1806 dici
1245 1762 1439 1822 potest,
1493 1754 1634 1823 quod
1715 1756 1847 1811 scite
1922 1759 1991 1815 ab
2061 1765 2289 1819 ethnicis
2353 1764 2552 1819 dictum
2614 1762 2754 1817 fuit:
2796 1780 2815 1813 ι
2890 1762 3163 1816 Mendacia
3224 1763 3350 1816 odio
3384 1759 3535 1825 habe,
3580 1772 3624 1813 ut

445 1849 539 1903 tibi
582 1849 780 1902 veritas
810 1846 1082 1899 assueiiat.
1119 1863 1136 1895 ι

1098 1934 1249 1989 CAP.
1294 1934 1358 1989 ν.

511 2027 661 2095 Quod
697 2029 854 2079 tertio
878 2026 993 2079 loco
1021 2034 1341 2094 pr0pouunt,
1369 2033 1451 2078 est
1477 2025 1777 2093 prophetia,
1810 2027 1860 2081 in
1891 2044 1997 2098 qua

437 2134 503 2173 ex
540 2134 762 2188 persona
792 2116 1019 2179 Duniini,
1052 2116 1140 2185 qui
1183 2116 1343 2168 rebus
1388 2117 1635 2170 ontuibus
1688 2119 1983 2173 subsisten-

438 2220 566 2271 tiam
600 2217 801 2281 tribuit,
845 2216 1083 2268 dicitur:
1137 2230 1155 2263 ι
1190 2213 1297 2282 Ego
1349 2214 1424 2283 (9)
1481 2229 1595 2267 sum
1675 2218 1993 2287 principium

438 2321 491 2362 et
531 2310 671 2361 linis.
711 2326 728 2358 ι
770 2306 897 2359 Inde
928 2307 1069 2359 enim
1103 2306 1269 2375 ipsius
1292 2306 1682 2369 exsistentiam,
1713 2323 1831 2375 qua:
1865 2318 1997 2361 tem-

440 2400 583 2469 poris
614 2412 805 2465 expers
858 2396 971 2465 (10)
1011 2405 1111 2462 est,
1171 2406 1226 2450 et
1278 2405 1539 2449 creaturae
1591 2398 1995 2466 intelligentiam

436 2491 670 2554 excedit,
727 2490 1099 2557 temporariam
1152 2502 1269 2542 esse
1316 2488 1592 2555 colligunt,
1656 2490 1863 2559 ineptas
1898 2494 1997 2545 [in-

442 2583 615 2651 gendo
650 2580 1113 2647 interpretationes
1160 2578 1304 2649 (ll);
1363 2589 1520 2648 atque
1572 2581 1625 2633 iii
1674 2595 1738 2634 eo
1778 2584 1993 2635 enitun-

443 2682 550 2735 tur,
583 2681 638 2723 ut
683 2672 915 2737 ipsorum
978 2669 1211 2737 nequitia
1270 2671 1439 2723 virtus
1474 2680 1777 2725 censeatur.
1832 2671 1997 2738 Qttnt-

440 2772 569 2831 quot
602 2760 711 2831 (l3)
752 2772 929 2814 autem
974 2762 1115 2813 hunc
1158 2760 1499 2829 Uuigenitum
1545 2762 1598 2813 in
1631 2777 1882 2817 sermone
1913 2764 1991 2816 tli-

438 2851 599 2903 vitent
634 2850 742 2920 (15)
794 2848 960 2903 Deum
1011 2864 1116 2902 non
1164 2851 1432 2919 ignorant,
1477 2862 1534 2903 ut
1591 2853 1825 2906 haeretici
1886 2855 1990 2919 isti,

443 2940 518 2994 illi
554 2958 619 2994 ne
652 2941 797 2993 aurei
832 2941 1043 3009 quidem
1081 2941 1236 3007 hujus
1272 2941 1421 3005 dicti,
1459 2958 1563 3009 quo
1603 2944 1766 3010 ipsius
1804 2946 1996 2998 divini-

444 3040 526 3085 tas
556 3032 840 3095 indicatur,
868 3032 1246 3085 sublimitatem
1269 3033 1482 3101 assequi
1514 3048 1570 3086 se
1604 3049 1758 3100 posse
1790 3036 1990 3089 vident.

442 3123 577 3177 Nam
612 3139 711 3177 vox
741 3124 1057 3193 principium
1088 3126 1325 3187 denotat,
1353 3141 1493 3190 eum,
1524 3136 1579 3178 ut
1609 3127 1868 3196 principio
1898 3144 1990 3181 ca-

439 3226 670 3282 rentem,
704 3216 1105 3269 constitutionis
1138 3233 1315 3270 rerum
1347 3219 1581 3270 omnium
1606 3234 1820 3272 causam
1849 3234 1988 3283 esse,

2021 1953 2070 2012 Β

2752 1939 2908 1992 ΚΕΦ.
2940 1940 3015 1995 Ε’.

2165 2034 2331 2106 Τρίτη
2362 2033 2540 2087 αὐτῶν
2570 2034 2850 2104 πρότασις,
2880 2037 2911 2105 ἡ
2941 2037 3004 2087 ὲκ
3040 2034 3331 2105 προσώπου
3353 2035 3449 2087 τοῦ
3479 2036 3623 2088 πάντα

2096 2126 2493 2196 ὑποστήσαντπ
2535 2126 2738 2194 Κυρίου
2784 2126 3016 2194 λέγουσα
3067 2128 3403 2198 προφητείαο
3455 2147 3473 2177 ι
3513 2128 3625 2194 Ἐγώ

2096 2220 2208 2287 εἰμι
2236 2220 2269 2287 ἡ
2298 2218 2438 2288 ἁρχὴ
2481 2218 2574 2269 καὶ
2600 2216 2659 2269 τὸ
2695 2217 2864 2281 τέλος.
2890 2237 2908 2269 i
2959 2220 3228 2288 Χρονικὴν
3271 2218 3381 2288 γὰρ
3410 2218 3626 2270 ἐντεῦθεν

2096 2308 2192 2377 τὴν
2233 2307 2457 2377 ἄχρονον
2494 2309 2585 2360 καὶ
2626 2308 2764 2378 ὑπὲρ
2804 2309 2925 2360 νοῦν
2966 2308 3195 2379 ὓπαρξιν
3239 2309 3405 2361 αὑτοῦ
3435 2310 3629 2361 amnes-

2096 2416 2205 2461 νοις
2244 2399 2487 2469 ὲκδοχαῖς
2514 2399 2961 2466 ἀναπλάττουσιν,
2992 2403 3085 2453 καὶ
3122 2401 3397 2471 βιάζονται
3430 2404 3523 2469 τὴν
3552 2419 3628 2451 xa-

2095 2488 2219 2541 κίαν
2259 2488 2436 2541 αὐτῶν
2468 2488 2666 2559 ἀρετὴν
2695 2488 3035 2558 νομισθῆναι.
3062 2491 3215 2543 Ὅσοι
3246 2489 3300 2541 δὲ
3342 2488 3525 2540 τοῦτον
3557 2488 3625 2539 τὸν

2094 2579 2371 2649 Μονογενῆ
2396 2579 2768 2647 πλουσιολόγον
2794 2581 2921 2633 Θεὸν
2942 2582 3039 2633 οὐκ
3063 2580 3365 2648 ἀγνοοῦσιν,
3390 2580 3465 2643 ὡς
3488 2573 3626 2641 οὗτοι,

2097 2669 2322 2733 ἐπιδεῶς
2350 2670 2528 2740 ἔχουσι
2558 2673 2649 2724 καὶ
2688 2673 2783 2742 τῆς
2814 2672 2906 2724 τοῦ
2946 2672 3145 2743 χρυσοῦ
3180 2674 3422 2743 ῥήματος
3467 2671 3627 2722 τούτου

2096 2759 2391 2838 θεολογίας.
2421 2761 2579 2830 Δηλοῖ
2607 2761 2713 2832 γὰρ
2751 2763 2783 2830 ἡ
2828 2762 2923 2830 μὲν
2974 2762 3137 2832 ἁρχὴ,
3177 2763 3238 2813 τὸ
3284 2762 3456 2813 αἴτιον
3492 2762 3628 2812 αὐτὸν

2094 2848 2252 2915 εἶναι,
2277 2852 2350 2915 ὼς
2383 2851 2640 2923 ἄναρχον,
2678 2852 2817 2905 καθὰ
2854 2855 2881 2905 ό
2919 2853 3047 2915 Θεὸς
3090 2852 3280 2923 Πατὴρ
3314 2852 3411 2921 τῆς
3442 2854 3629 2904 πάντων

2095 2946 2421 3006 συστάσεως.
2456 2944 2512 2996 ’0
2541 2944 2648 3014 γὰρ
2678 2943 2751 2996 ὢν
2795 2945 2936 3016 ἁρχὴ
2962 2945 3061 2997 οὐκ
3102 2945 3213 3014 ἔχει
3244 2945 3332 2997 τὸν
3376 2945 3629 3013 προϋπάρ-

2094 3051 2272 3105 χοντα,
2301 3033 2373 3095 ὼς
2400 3036 2428 3086 ό
2458 3033 2681 3091 ὕστατος
2714 3034 2813 3085 οὐκ
2866 3034 2975 3102 ἔχει
3020 3034 3109 3086 τὸν
3161 3033 3289 3104 [168
3316 3032 3369 3103 b]
3410 3032 3629 3085 ὕστατον.

2106 3124 2269 3195 Ἀρχὴ
2304 3125 2431 3192 γὰρ,
2459 3123 2533 3187 ὥς
2572 3141 2731 3193 φησιν
2768 3123 3138 3194 Ἀριστοτέλης
3176 3125 3233 3176 ὲν
3274 3124 3508 3193 πέμπτῳ
3540 3122 3631 3174 τῶν

2095 3217 2253 3271 Μετὰ
2319 3216 2390 3269 τὰ
2468 3222 2715 3283 φυσικὰ,
2766 3216 2979 3281 λέγεται
3056 3213 3357 3283 πολλαχῶς.
3424 3214 3631 3279 Λέγεται

440 3308 577 3362 sicut
602 3317 684 3360 est
727 3305 867 3360 Deus
902 3306 1080 3360 Pater.
1114 3305 1243 3359 Nam
1275 3307 1367 3377 qui
1399 3316 1480 3361 est
1510 3308 1849 3376 principium,
1874 3310 1990 3361 nul-

2102 3312 2192 3381 μὲν
2228 3310 2338 3381 γὰρ
2384 3311 2563 3381 ἀρχὴ,
2604 3304 2713 3362 οἷον
2757 3310 3029 3379 βασιλεία,
3072 3308 3400 3379 στρατηγία·
3440 3308 3631 3373 λέγεται

440 3399 547 3451 lum
593 3398 752 3451 habet
787 3406 910 3451 ante
942 3411 999 3450 se
1050 3398 1421 3462 exsistentem,
1453 3399 1591 3452 sicut
1622 3398 1840 3451 ultimus
1873 3398 1994 3451 nul-

440 3486 551 3539 lum
603 3486 762 3539 habet
824 3495 942 3554 post
983 3502 1041 3539 se
1088 3487 1354 3541 ultimum.
1418 3488 1628 3541 Etenim
1685 3489 1850 3558 ἀρχή,
1901 3504 1994 3542 seu

441 3577 775 3643 principium,
811 3588 865 3629 ut
892 3578 967 3630 ait
1002 3577 1111 3648 (Μ)
1150 3578 1467 3631 Aristoteles
1499 3579 1551 3631 in
1603 3579 1789 3645 quinto
1826 3576 1996 3631 Meta-

439 3669 768 3738 pliysicorum
830 3669 981 3739 (l5),
1034 3670 1229 3723 dicitur
1289 3669 1469 3723 multis
1530 3669 1721 3723 modis.
1792 3666 1996 3722 Dicitur

439 3762 584 3815 enim
626 3761 791 3833 ἀρχή,
826 3762 876 3815 id
926 3772 1011 3815 est
1064 3762 1405 3830 principatus,
1445 3770 1502 3815 ut
1536 3775 1780 3831 regnum,
1807 3769 1858 3814 et
1895 3760 1997 3813 itii-

530 3942 587 4012 6)
628 3945 798 3999 Ραιιίο
830 3953 970 3997 ante.
1002 3942 1181 4013 Segm.
1210 3943 1331 4013 106.

532 4017 586 4082 ’7)
638 4013 759 4067 Νοη
818 4014 1040 4082 amplius
1083 4012 1201 4066 ’vos.
1258 4012 1413 4067 Joan.
1465 4027 1567 4079 xv,
1632 4013 1720 4068 15.
1782 4013 1993 4068 Citatur

438 4095 649 4136 εειιειιε.

511 4151 587 4221 (8)
626 4151 694 4203 In
734 4162 1051 4218 perpetuum.
1087 4150 1291 4221 Grzece,
1324 4150 1411 4205 διὰ
1456 4151 1677 4221 τέλουςτ
1705 4150 1834 4216 Qua:
1878 4149 1992 4203 for-

440 4218 581 4272 mula
625 4222 807 4273 eodem
862 4236 1021 4274 sensu
1079 4219 1361 4271 adhibetur
1408 4236 1435 4271 a
1473 4218 1614 4273 LXX
1665 4220 1767 4273 lnt.
1797 4221 1989 4283 semel,

442 4304 633 4359 nempe
678 4290 947 4351 lsa.Littt,
990 4290 1041 4359 6_,
1091 4290 1157 4359 ab
1206 4288 1435 4342 Isocrate
1484 4291 1534 4341 in
1574 4288 1811 4353 Nicocle,
1856 4300 1992 4359 etia

444 4356 755 4413 Philemone
808 4362 946 4427 apud
1004 4356 1269 4411 Justinum
1325 4369 1614 4427 martyrem
1662 4361 1721 4427 in
1775 4359 1865 4411 lib.
1919 4358 1992 4412 De

2088 3405 2145 3457 δὲ
2199 3405 2295 3457 καὶ
2366 3404 2634 3468 τοπικῶς,
2696 3404 2771 3466 ὡς
2849 3404 2992 3473 ἁρχὴ
3065 3402 3262 3472 δρόμου
3317 3403 3351 3471 ἡ
3426 3399 3629 3468 βεκκερ

2088 3496 2299 3563 λέγεται
2335 3494 2391 3547 δὲ
2430 3496 2519 3547 καὶ
2544 3494 2823 3564 χρονικῶς,
2863 3494 2938 3556 ὡς
2970 3495 3110 3563 ἁρχὴ
3139 3493 3292 3554 ἔτους
3320 3491 3413 3559 ἦξε
3450 3493 3484 3560 ἡ
3514 3490 3631 3559 ὴμέ-

2092 3599 2188 3653 ρα·
2230 3582 2443 3649 λέγεται
2483 3582 2538 3634 δὲ
2587 3584 2677 3635 καὶ
2716 3583 2976 3652 φυσικῶς,
3022 3583 3095 3644 ὼς
3135 3582 3277 3653 ἀρχὴ
3321 3581 3548 3651 βρέφους
3587 3578 3635 3628 τὸ

2092 3669 2342 3739 σπέρμα·
2372 3668 2587 3737 λέγεται
2628 3670 2684 3722 δὲ
2727 3672 2819 3723 καὶ
2861 3669 3000 3722 κατὰ
3042 3666 3241 3731 αἰτίαν,
3281 3669 3355 3730 ὼς
3390 3669 3529 3736 ἁρχὴ
3565 3664 3633 3717 τοῦ

2090 3760 2399 3829 ἀνδριάντος
2432 3762 2459 3812 ό
2499 3760 2948 3830 ἀνδριαντοποιός.
2979 3760 3163 3822 Οῦτως
3185 3755 3278 3812 οὖν
3305 3758 3534 3828 λέγομεν
3556 3758 3634 3808 αὖ·

2090 3948 2236 4001 enim
2267 3963 2372 4003 una
2402 3962 2522 4003 cum
2551 3945 2748 4000 mundo
2773 3950 2936 4011 cmptt
2960 3959 2977 3998 :
3008 3958 3127 4014 quae
3151 3958 3280 3999 vero
3308 3958 3476 4013 supra
3506 3959 3635 3997 mun-

2088 4014 2215 4070 dum
2244 4029 2385 4079 sunt,
2412 4028 2620 4083 tempus
2650 4014 2973 4082 praecedunt.
3000 4030 3019 4063 ι

2159 4082 2789 4157 (“)1nterpretationes.
2839 4083 2892 4135 In
2951 4083 3161 4145 Graeco,
3217 4082 3487 4157 ἐκδοχαῖς.
3528 4083 3625 4157 Qua

2091 4153 2467 4211 voCe'eodem'
2513 4169 2706 4217 sensu,
2757 4163 2813 4205 ut
2868 4163 3016 4221 puto,
3064 4157 3230 4221 utitur
3279 4153 3533 4220 Didymus
3589 4155 3629 4203 in

2090 4238 2378 4280 comment.
2410 4226 2474 4278 ad
2515 4240 2659 4277 vers.
2685 4224 2717 4277 5
2743 4220 2929 4290 capitis
2958 4222 3081 4274 noni
3115 4220 3233 4275 Jobi
3266 4238 3389 4289 pag.
3424 4222 3525 4290 999
3558 4240 3635 4273 ca-

2092 4302 2246 4364 tenae.
2289 4296 2528 4364 quamvis
2561 4291 2752 4346 Junius
2780 4288 2894 4364 eam
2927 4291 3083 4364 aliter
3109 4295 3383 4364 acceperit
3410 4309 3425 4343 :
3453 4288 3634 4364 Ἦλθεν

2093 4360 2317 4444 {inquiti
2339 4364 2592 4444 ’lqgo§;_6
2616 4360 3002 4444 καταστρέφων
3032 4360 3128 4444 την
3162 4360 3302 4444 κατὰ
3330 4362 3634 4444 τδγράμμι

444 4428 745 4515 inamicitia
776 4426 895 4515 pag.
925 4427 1015 4492 39,
1047 4429 1147 4480 hoc
1184 4441 1336 4480 versu
1367 4447 1379 4481 :
1414 4426 1530 4496 Θεῷ
1558 4427 1614 4479 δὲ
1650 4426 1743 4479 θῦε
1773 4427 1858 4479 διὰ
1899 4428 1989 4479 τέ-

2102 4426 2447 4515 ἓκδοχὴνικὰὶ
2488 4434 2611 4515 τοὺς
2652 4426 2840 4515 ταυττγ
2874 4426 3007 4499 μετὰ
3051 4426 3146 4515 τὴν
3184 4431 3344 4501 χάριν
3392 4426 3635 4515 ἐμμένει-

441 4496 563 4560 λους
586 4498 788 4560 δίκαιος
818 4497 910 4551 ὢν.

515 4567 589 4637 (9)
630 4567 775 4637 Ego.
806 4572 970 4635 Apoc.
1006 4582 1121 4627 XX],
1150 4564 1202 4618 6.
1224 4564 1664 4637 AGraicaueditio:
1702 4565 1843 4635 Ἐγώ
1877 4569 1991 4637 εἰμι

439 4636 500 4690 τὸ
527 4635 585 4689 Α
613 4637 705 4690 καὶ
735 4636 795 4689 τὸ
831 4638 891 4699 Ω,
922 4640 955 4707 ἡ
989 4637 1128 4707 ἁρχὴ
1154 4635 1245 4687 καὶ
1270 4635 1346 4707 τό
1385 4635 1555 4707 τέλος,
1591 4637 1641 4674 3"
1675 4648 1775 4700 est,
1827 4655 1845 4688 ι
1883 4635 1990 4706 Ego

442 4723 559 4831 sut8n
583 4709 627 4759 Α
651 4717 704 4761 ει
733 4707 797 4772 Ω,
828 4704 1146 4776 principium
1173 4714 1228 4759 ει
1251 4705 1391 4758 linis.
1418 4725 1436 4757 ι
1480 4704 1608 4758 Vide
1632 4710 1793 4760 etiam
1822 4704 1987 4775 Apoc.

442 4792 478 4831 ι.
548 4818 562 4831 .

440 4792 478 4832 1.
509 4792 562 4832 ὅ.

463 4816 478 4843 ’
510 4816 621 4916 ἷὶο)
663 4844 1173 4916 Τεηιροτὶεηεπρετε.
1226 4849 1444 4911 iVenipe,
1493 4843 1559 4896 ab
1592 4855 1793 4916 aeterno
1840 4847 1988 4899 exsi-

439 4915 607 4971 stens.
649 4916 882 4970 Joannes
936 4915 1316 4967 Euehaitarunt
1370 4915 1701 4980 metropolita
1752 4915 1804 4966 in
1856 4932 1986 4969 ora--

443 4987 585 5039 tione
638 4986 861 5055 necdum
894 4986 1059 5055 edita
1118 4983 1236 5055 {cui
1285 4984 1502 5055 titulus:
1535 4983 1725 5055 A670;
1757 4985 1835 5047 είς
1893 4986 1989 5055 τὴν

443 5055 659 5118 σύναξιν
681 5054 785 5106 τῶν
811 5053 979 5121 ἁγίων
1000 5052 1265 5123 ἀγγέλων,
1289 5052 1387 5123 τὴν
1413 5053 1828 5123 ἐπιτελουμένην
1853 5052 1991 5107 κατὰ

441 5124 535 5193 τὴν
563 5124 751 5192 ὀγδόην
786 5124 880 5174 τοῦ
920 5122 1222 5192 Νπμὸρίου
1253 5122 1437 5191 μηνός,
1468 5123 1515 5173 id
1544 5135 1647 5185 εει,
1678 5140 1694 5173 ι
1728 5139 1905 5178 seruio
1938 5127 1988 5177 itt

441 5197 682 5261 syuaxiut
717 5203 1023 5245 sanctorum
1056 5193 1385 5259 angelorum,
1425 5206 1544 5259 quae
1574 5193 1872 5246 celebratur
1902 5196 1988 5247 die

438 5276 536 5314 Vttt
586 5261 941 5329 Novembris),
976 5281 993 5311 ι
1033 5263 1337 5327 angelorum
1371 5278 1581 5329 quuque
1622 5264 1986 5315 exsistentiam

440 5332 569 5385 dicit
617 5332 1009 5401 ixpovov,_sed
1054 5332 1158 5383 alio
1204 5345 1401 5392 sensu;
1453 5341 1731 5399 propterea
1783 5333 1990 5387 scilicet

439 5402 583 5468 qttod
632 5398 841 5468 creatos
889 5398 1052 5468 fuisse
1084 5408 1261 5468 putet,
1310 5398 1592 5467 anteqiuun
1638 5401 1799 5451 ullum
1847 5412 1989 5455 esset

442 5467 671 5537 tempus.
710 5467 926 5539 Τούτοις
959 5467 1171 5539 (inquit)
1205 5467 1434 5539 Derepit;
1468 5468 1699 5539 ,ἄχρονος
1737 5470 1856 5539 μὲν,
1889 5472 1988 5523 οὐκ

438 5540 668 5611 ἄναρχος
816 5537 1014 5611 Χρόνος
1047 5537 1151 5607 γὰρ
1172 5537 1367 5611 ἀκόσμῳ
1418 5537 1748 5611 σόίνδρομος,
1788 5540 1892 5611 πρὸ
1929 5541 1988 5592 δὲ

439 5608 637 5678 κόσμου
668 5608 734 5661 τὰ
764 5608 1137 5678 ὑπερκόσμια,
1170 5609 1219 5659 id
1258 5620 1359 5668 est,
1403 5626 1419 5657 ι
1452 5608 1647 5662 uorum
1677 5608 1986 5663 exsistentia

443 5681 691 5748 temporis
711 5678 924 5749 quidem
950 5692 1139 5746 expers
1162 5686 1261 5739 εει,
1286 5680 1376 5732 scd
1404 5695 1507 5731 ttuu
1530 5690 1752 5733 tetetna:
1781 5689 1984 5749 tempus

2091 4502 2254 4566 mg...
2275 4502 2359 4556 ’τὰ
2394 4503 2823 4573 πεπαλαιωμένσ.
2856 4502 3227 4573 κατεστρᾴφη,
3277 4502 3635 4573 πεπαλαίωται

2091 4574 2160 4645 τὰ
2189 4574 2282 4626 τοῦ
2315 4574 2657 4645 γράμματος.
2686 4569 2830 4636 ’ρυλε
2870 4572 2948 4624 sic
2981 4569 3143 4645 vertit
3165 4570 3358 4645 Junius
3386 4590 3401 4624 :
3444 4589 3463 4621 ι
3498 4569 3636 4645 Venit

2091 4640 2269 4707 Jesus,
2303 4637 2393 4711 qui
2429 4637 2894 4711 'e'xspectatiouem
2941 4644 3093 4709 (pace
3118 4637 3264 4693 Junii
3297 4640 3499 4693 dictum
3533 4642 3633 4711 sit:

2091 4713 2273 4765 malim
2305 4709 2555 4775 vertere,'
2576 4730 2593 4761 ι
2630 4711 3124 4777 interpretationem
3160 4711 3205 4775 ι)
3238 4712 3532 4761 secundum
3564 4709 3637 4760 lit-

2092 4788 2283 4846 teram,
2311 4794 2363 4834 et
2396 4798 2509 4846 eus,
2541 4782 2628 4847 qui
2661 4789 2780 4847 post
2822 4783 3049 4848 gratiam
3083 4780 3133 4830 in
3164 4794 3246 4848 ea
3279 4790 3636 4844 perseverant,

2092 4853 2296 4905 delet...
2325 4851 2512 4905 Vetera
2558 4849 2731 4902 delata
2774 4847 2927 4911 sunt;
2963 4863 3081 4916 qua:
3112 4847 3180 4901 ad
3217 4847 3454 4901 litteram
3488 4848 3637 4916 perti-

2092 4932 2239 4984 nent,
2275 4930 2590 4975 vetustatem
2622 4920 2924 4971 induerunt.
2952 4936 2970 4969 ι

2161 4990 2270 5057 (12)
2312 4992 2599 5059 Quotquot.
2631 4990 2830 5050 Codex,
2866 4987 3029 5049 ὅσοις.
3063 4984 3203 5059 Lego
3227 4987 3362 5039 ὅσοι.

2162 5055 2273 5128 (ίῦ)
2315 5060 2380 5113 In
2426 5055 2658 5113 sermone
2712 5059 2941 5128 divitem.
2984 5059 3037 5128 lu
3083 5057 3292 5128 Graeco,
3334 5055 3638 5128 πλουσιολό-

2089 5124 2669 5253 χιονΒᾹιινΙεεειιόιιιιι,
2714 5126 2926 5198 Πατρδς
2962 5126 3155 5193 Λόγον,
3188 5126 3243 5180 id
3287 5138 3392 5192 est,
3426 5144 3446 5176 ι
3481 5124 3641 5178 Patris

2138 5217 2196 5252 er
2237 5217 2355 5252 um.
2386 5219 2403 5250 ι

2138 5201 2363 5253 erbuni?
2386 5219 2403 5250 ι

2161 5270 2269 5339 (lli)
2311 5272 2419 5323 Ait.
2448 5268 2627 5322 Codex
2663 5270 2914 5339 mendose
2945 5284 3105 5336 φασιν
3137 5281 3235 5339 pro
3260 5282 3451 5337 φησιν.

2160 5336 2270 5408 (15)
2311 5340 2377 5391 1η
2432 5339 2613 5407 quinto
2670 5336 2898 5405 Metaph.
2958 5337 3257 5408 Aristotelis
3315 5340 3480 5408 verba
3547 5349 3637 5408 non

2088 5406 2281 5463 aﬂert‘:
2310 5406 2521 5462 exstant
2552 5418 2726 5459 autem
2754 5423 2931 5475 cap.t.
2959 5422 3079 5475 pag.
3107 5406 3231 5468 883,
3261 5416 3391 5458 tom.
3425 5407 3490 5465 Il.
3519 5406 3638 5475 edit.

2088 5478 2374 5532 Parisiens.
2405 5479 2527 5530 anni
2564 5478 2716 5530 ltil‘J.
2755 5474 2833 5529 Dei
2856 5492 2984 5530 voce
3026 5492 3183 5542 porro
3204 5476 3342 5545 ἀρχή
3392 5476 3514 5528 fuse
3547 5474 3643 5527 dis-

2087 5552 2310 5670 εειιιῶι
2338 5547 2698 5670 ’ξἐἑὸυίιιιιιιυε
2730 5547 2784 5600 in
2818 5548 2955 5601 libro
2986 5544 3641 5614 Adversus’ﬂermogenem

2088 5634 2203 5670 can.
2322 5634 2350 5670 e
2476 5656 2490 5670 .

2088 5634 2203 5687 Cap.
2234 5620 2296 5675 19
2322 5628 2371 5673 ει
2401 5620 2490 5671 20.
