3740 6322
125 355 217 414 8H

1185 354 1272 409 DE
1309 354 1682 411 TRINITATE
1720 354 1920 411 LIBER
1959 356 2273 414 TERTIUS.

3246 359 3349 415 842

122 475 204 524 τὸν
226 468 423 540 ἀρχὴν,
453 471 532 533 ὡς
559 469 730 524 αἴτιον
766 471 861 524 καὶ
890 470 1229 541 Δημιουργόν
1248 488 1262 502 ο
1290 471 1350 524 τὸ
1380 471 1436 523 δέ
1457 487 1519 539 γε
1540 470 1685 532 τέλος

1854 473 1995 526 stium
2057 474 2208 527 ducis
2266 476 2318 526 in
2383 472 2541 528 bello.
2594 471 2800 526 Dicitur
2854 469 3015 525 etiam
3068 469 3240 524 relate
3286 473 3351 524 ad

124 564 179 616 τὸ
205 567 280 626 είς
305 563 495 625 αὑτὸν,
530 562 603 625 ὡς
623 562 1000 633 ἁπερίγραφον
1025 563 1119 616 καὶ
1152 563 1309 633 μόνον
1342 563 1532 633 ἔχοντα
1557 563 1690 617 ἀθα-

125 654 326 713 νασίαν,
364 654 585 705 πάντων
618 652 685 707 τὰ
722 654 930 724 πέρατα
966 652 1391 727 συνερείδεσθαι,
1426 653 1518 707 καὶ
1553 652 1692 723 μετὰ

124 744 211 812 τὴν
242 743 395 795 τοῦδε
422 742 521 796 τοῦ
551 743 749 807 παντὸς
774 744 1085 815 πληρότητα
1115 746 1194 809 εἰς
1221 745 1307 798 ἀεὶ
1335 745 1427 798 καὶ
1449 745 1691 816 ἀπείρως

125 834 387 903 διαμένειν
430 834 617 887 αὑτόν.
656 833 863 887 Οὐκοῦν
897 836 925 888 6
956 836 1183 906 ἄπειρος
1224 835 1433 903 γένεσιν
1462 835 1601 906 ἔχειν
1629 835 1689 888 οὑ

124 920 359 973 δύναται·
421 922 501 993 μὴ
565 922 860 991 δυνάμενος
919 922 996 988 δὲ,
1052 924 1214 987 αὑτὸς
1278 924 1377 995 μὲν
1432 924 1693 995 ἀγένητός

128 1018 248 1079 ἐστι,
287 1015 466 1068 καίτοι
521 1017 774 1087 γεννητὸς
820 1016 896 1069 ὣν
943 1018 1007 1070 ἐκ
1055 1017 1157 1087 τῆς
1196 1016 1546 1080 ὑποστάσεως
1593 1018 1687 1071 τοῦ

124 1104 246 1156 Θεοῦ
281 1105 497 1176 [ἰατρὸς
526 1105 798 1174 φυσικῶς·
837 1107 905 1159 τά
939 1106 997 1159 δὲ
1039 1107 1242 1176 γενητὰ
1272 1106 1590 1176 γεγένηνται
1632 1107 1693 1172 ἐξ

128 1198 275 1250 αύτοῦ
320 1199 751 1269 δημιουργικῶς.
789 1196 1010 1259 Τούτοις
1049 1196 1329 1267 ἑπομένως
1368 1194 1586 1265 νοηθείη
1624 1196 1691 1249 ἂν

126 1294 209 1346 καὶ
243 1293 379 1359 ὅπερ
420 1289 639 1353 Παῦλος
686 1287 1087 1341 Κολοσσαεῦσιν
1123 1286 1400 1359 ἐξήγγειλε
1422 1290 1570 1344 τόνδε
1603 1290 1693 1343 τὸν

129 1387 308 1453 τρόπον
328 1400 341 1412 ’
378 1402 396 1433 ι
412 1380 526 1434 Καὶ
550 1380 711 1443 αὑτός
740 1381 854 1432 ἐστι
876 1378 981 1449 πρὸ
1011 1377 1227 1432 πάντων
1246 1394 1294 1429 ἰ
1319 1378 1415 1449 οὺχ
1441 1379 1516 1443 ὡς
1540 1396 1694 1450 ποιη-

127 1478 207 1538 τὸς
246 1474 340 1546 (μὴ
376 1474 593 1542 γένοιτο
615 1475 627 1526 ι
650 1472 690 1541 ),
722 1472 837 1525 ἀλλ’
862 1472 936 1535 ὼς
965 1472 1238 1543 γεννητός.
1274 1472 1338 1525 Εἰ
1378 1472 1452 1543 μὴ
1484 1473 1594 1543 γὰρ
1623 1468 1692 1543 ἦν

1793 562 1989 630 locum,
2042 573 2119 626 ut,
2166 563 2309 635 ἀρχή
2368 565 2446 633 (id
2513 575 2597 619 est
2639 561 2870 634 initium)
2914 576 3103 615 cursus
3148 561 3201 615 in
3248 572 3353 616 sta-

1791 655 1882 710 dio
1928 665 2012 710 est
2077 657 2424 727 repagulum,
2484 672 2579 712 seu
2650 670 2855 711 cari-er.
2927 652 3087 726 355
3140 651 3351 707 Dicitur

1790 755 1843 801 et
1894 746 2061 801 relate
2099 747 2165 801 ad
2214 758 2441 817 tempus,
2490 755 2581 813 ut,
2615 747 2755 820 ἀρχή
2803 747 2949 819 (hoc
2976 756 3061 800 est
3102 744 3353 811 initium)

1789 838 2032 894 anui~est
2062 839 2177 894 lucc
2212 839 2349 894 dies.
2391 840 2595 894 Dicitur
2644 841 2807 894 relate
2845 838 2910 893 ad
2961 847 3230 904 naturam,
3271 848 3349 898 ut.

1790 930 1931 1001 ἀρχή
1977 926 2109 999 (seu
2166 931 2527 999 principium)
2570 929 2789 984 infantis
2828 940 2907 984 est
2951 944 3157 984 semen.
3203 929 3351 984 Dici-

1793 1029 1879 1075 tur
1937 1019 2229 1075 secundum
2292 1035 2529 1085 causam,
2575 1030 2664 1082 ut.
2715 1021 2855 1091 ἀρχή
2916 1020 3070 1092 (sive
3121 1021 3350 1092 auctor)

1791 1121 1981 1167 Statura
2060 1121 2145 1168 est
2205 1114 2515 1168 statuarius.
2595 1111 2686 1168 Sic
2767 1128 2894 1184 ergo
2952 1112 3143 1169 Filium
3220 1114 3353 1167 dici-

1793 1218 1912 1259 mus
1972 1217 2091 1258 esse
2160 1204 2520 1272 principium,
2570 1212 2630 1256 ut
2670 1219 2928 1269 causam,
2982 1213 3033 1257 et
3109 1204 3352 1259 condito-

1794 1309 1944 1350 rem:
1989 1310 2111 1350 eum
2155 1309 2284 1350 vero
2326 1293 2583 1364 appellari
2624 1296 2788 1350 etiam
2834 1294 3030 1360 linem,
3074 1305 3183 1349 tum
3224 1296 3350 1364 quia

1793 1385 1846 1438 in
1892 1385 2043 1455 ipso,
2090 1400 2212 1440 eum
2254 1385 2752 1455 incircumscriptus
2795 1387 2904 1451 sit,
2954 1402 3018 1441 ac
3061 1387 3209 1441 solus
3254 1388 3351 1440 Ita-

1793 1472 1925 1529 beus
1974 1473 2473 1540 immortalitatem,
2520 1474 2759 1529 omnium
2803 1474 2961 1530 simul
3014 1491 3193 1530 rerum
3238 1486 3360 1548 ter:

130 1568 361 1636 ἀνάρχως
395 1564 563 1627 αὑτὸς
602 1563 707 1634 πρὸ
737 1562 956 1616 πάντων
991 1561 1271 1633 γεννηθεὶς
1300 1562 1566 1631 ἀληθινῶς
1599 1562 1693 1615 καὶ⁸

129 1647 430 1725 ὀμοουσίωξ,
466 1654 573 1707 οὑκ
606 1652 672 1706 ἂν
719 1651 840 1705 κατ’
869 1651 1051 1704 εἰκόνα
1091 1651 1250 1721 ήμεῖς
1289 1650 1449 1703 αὑτοῦ
1498 1648 1693 1721 όμοού-

1792 1562 1923 1618 mini
1965 1563 2266 1619 innituntur
2322 1578 2383 1618 ac
2426 1564 2747 1631 ﬁrmantur;
2790 1572 2902 1620 tum
2941 1567 3066 1635 quia
3105 1575 3222 1635 post
3251 1568 3351 1621 lut-

1787 1647 1877 1718 jus
1898 1650 2132 1705 universi
2161 1652 2318 1706 linem
2351 1650 2464 1723 (l6)
2491 1668 2723 1722 semper,
2746 1661 2802 1711 et
2834 1654 2886 1709 in
2926 1654 3194 1710 infinitum
3228 1670 3352 1726 per-

133 1764 223 1799 σιοι
274 1744 366 1799 τοῦ
425 1746 582 1817 ἡμᾶς
630 1745 881 1806 τεκόντος
923 1743 1292 1813 ἐγενήθημεν·
1350 1741 1447 1795 καὶΙ
1506 1745 1556 1795 εί
1612 1741 1685 1813 μή

1854 1742 2049 1796 anebit.
2100 1742 2202 1808 Qui
2253 1755 2381 1813 ergo
2431 1745 2555 1799 linis
2599 1758 2795 1815 expers
2843 1754 2967 1811 est,
3020 1746 3351 1803 exsistentia:

131 1837 285 1909 προῆν
320 1807 779 1907 ἀδημιουργήτως
808 1838 836 1890 6
866 1807 1093 1905 ποιητὴς
1122 1807 1217 1886 καὶ
1244 1832 1561 1904 προνοητὴς.
1588 1807 1685 1888 οὑκ

1856 1831 2005 1885 ilium
2043 1807 2157 1901 (ιι)
2201 1807 2400 1894 habere
2442 1848 2549 1888 non
2590 1807 2784 1904 pot-est.
2825 1807 2978 1901 Quod
3019 1836 3062 1890 si
3109 1836 3209 1891 hoc
3252 1836 3351 1890 ha-

134 1927 189 1980 ἂν
246 1926 385 1997 ὑπῆν
428 1924 843 2001 δημιουργικῶς
902 1924 973 1979 τά
1018 1921 1225 1994 ποιητά
1274 1922 1371 1976 καὶ⁵
1427 1923 1685 1994 προνοού-

1854 1937 1923 1979 tre
1956 1923 2168 1991 nequit,
2215 1923 2329 1993 ipse
2370 1924 2583 1992 quidem
2627 1933 2711 1980 est
2752 1926 3053 1993 increatus,
3103 1928 3351 1997 quamvis

135 2036 276 2087 μενα.
1791 2028 1855 2068 ex
1887 2027 2113 2082 persona
2147 2012 2241 2068 Dei
2273 2013 2451 2069 Patris
2482 2016 2798 2071 naturaliter
2825 2016 3040 2085 genitus
3084 2018 3194 2072 sit:
3227 2031 3348 2087 quae

137 2121 249 2162 vero
306 2106 445 2161 facta
506 2117 675 2171 sunt,
721 2105 788 2160 ab
845 2107 961 2177 ipso
1017 2121 1114 2176 per
1157 2114 1486 2162 creationem
1536 2115 1682 2162 tacta
1759 2116 1905 2162 sunt.
1963 2105 2139 2161 Simili
2198 2107 2356 2162 modo
2414 2107 2814 2179 intelligendum
2876 2122 2960 2164 εει
2999 2109 3162 2165 etiam
3210 2112 3350 2179 quod

136 2202 194 2256 ita
221 2201 408 2257 Paulus
434 2201 851 2259 Colossensibus
882 2202 1223 2256 auuuutiavit
1249 2219 1263 2255 :
1286 2220 1304 2252 ι
1331 2201 1395 2255 Ει
1424 2201 1539 2270 ipse
1602 2200 1714 2271 (l8)
1752 2210 1836 2257 est
1874 2208 2001 2255 ante
2037 2199 2261 2256 omnia:
2296 2220 2314 2253 ι
2361 2216 2464 2255 non
2508 2210 2568 2256 ut
2612 2201 2782 2256 factus
2821 2201 3064 2272 (absit!)
3087 2242 3104 2269 ,
3153 2202 3248 2259 sed
3293 2215 3350 2258 ut

136 2294 341 2363 genitus.
393 2291 532 2346 Nam
593 2293 695 2346 nisi
741 2298 886 2347 esset
930 2292 1042 2361 ipse
1089 2290 1158 2345 ab
1200 2300 1415 2346 aeterno
1479 2300 1605 2344 ante
1667 2290 1847 2344 omnia
1891 2305 2020 2346 vere
2072 2298 2129 2345 et
2199 2290 2728 2347 consubstantialiter
2812 2294 3063 2361 genitus,
3112 2308 3216 2348 non
3259 2307 3351 2348 es-

138 2402 297 2441 semus
362 2403 497 2451 nos,
577 2386 748 2441 instar
814 2386 957 2441 illius
1009 2385 1161 2455 (l9),
1200 2395 1388 2441 nostro
1469 2384 1960 2443 eonsubstantiales
2024 2386 2296 2457 genitori;
2361 2400 2427 2441 ac
2493 2386 2595 2442 nisi
2655 2387 2890 2443 incrcate
2948 2389 3352 2457 prarexstitisset

136 2497 324 2539 creator
368 2495 424 2540 et
463 2484 741 2547 provisor,
774 2498 862 2538 res
892 2491 1088 2537 creatae
1118 2496 1182 2537 ac
1222 2482 1453 2552 provisa:
1499 2496 1604 2537 non
1642 2481 2106 2546 subexsisterent,
2156 2490 2214 2536 ut
2257 2481 2336 2536 sic
2376 2481 2585 2550 loquar,
2629 2496 2726 2551 per
2767 2483 3113 2537 creationem.

641 2574 768 2647 [169
803 2574 859 2646 a]
887 2573 1034 2628 ΚΕΦ.
1073 2575 1164 2641 εῖν.

2424 2572 2576 2652 eAP.
2618 2571 2704 2628 Vl.

194 2667 447 2738 Τέταρτον
486 2666 867 2740 προτείνουσιν
891 2666 997 2719 ὑπὸ
1024 2664 1327 2719 ἀκολάστου
1350 2660 1603 2733 γλώσσης
1630 2662 1685 2717 τὸ

1858 2664 2061 2733 Quarto
2094 2663 2210 2719 loco
2240 2663 2293 2718 in
2329 2663 2561 2718 medium
2592 2662 2819 2718 atterunt
2842 2702 2857 2728 ,
2888 2672 3072 2735 utpote
3103 2674 3349 2736 proterva

142 2760 269 2828 rupi
298 2759 484 2829 Πέτρῳ
509 2760 572 2810 ὲν
590 2760 711 2819 ταῖς
733 2756 1003 2826 Πράξεσιν
1020 2756 1309 2827 εἰρημένον
1326 2771 1342 2786 ο
1373 2773 1391 2806 ι
1426 2754 1685 2808 Γινωσκέ-

1854 2772 1967 2827 tgna
2008 2754 2214 2825 praediti
2251 2794 2267 2818 ,
2293 2756 2434 2824 quod
2466 2770 2495 2809 a
2534 2754 2693 2810 Petro
2727 2754 2779 2809 in
2812 2754 2961 2811 Actis
2992 2755 3192 2810 dictum
3226 2766 3346 2811 est:

141 2865 205 2901 τω
234 2851 329 2912 πᾶς
357 2846 503 2913 οἶκος
555 2847 793 2920 Ἰσραὴλ,
851 2847 933 2900 ὅτι
980 2847 1075 2900 κα)⁵
1133 2845 1337 2919 Κύριον
1387 2844 1549 2900 αὑτὸν
1600 2845 1685 2898 καὶ

1854 2846 2146 2915 Cognoscat
2194 2844 2308 2917 (20)
2358 2845 2538 2900 omnis
2591 2844 2783 2900 domus
2835 2842 3042 2909 Israel,
3092 2846 3234 2915 quod
3288 2855 3344 2899 et

145 2941 346 3011 Χριστὸν
394 2943 423 2994 6
474 2940 610 3005 Θεὸς
658 2938 931 3009 ἐποίησεν,
985 2936 1171 2991 τοῦτον
1220 2938 1310 2990 τὸν
1368 2936 1587 3007 Ἰησοῦν.
1628 2936 1687 2989 ὃν

145 3031 277 3100 ὑμεῖς
302 3032 699 3100 ἐσταυρώσατε.
731 3049 750 3082 ι
784 3030 894 3082 Καὶ
922 3028 1076 3083 τοῦτο
1100 3028 1156 3081 δὲ
1184 3029 1244 3081 οὑ
1268 3028 1394 3099 περὶ
1416 3028 1512 3098 τῆς
1537 3025 1685 3090 θείας

148 3123 225 3175 καὶ
249 3123 624 3194 ἀκαταλήπτου
660 3122 968 3193 γέγραπται
993 3119 1179 3183 οὐσίας
1211 3120 1302 3174 τοῦ
1333 3121 1391 3172 ὲν
1418 3119 1559 3191 ἀρχῇ
1603 3118 1689 3170 ὅν.

146 3231 221 3278 τος
257 3215 378 3268 Θεοῦ
421 3216 621 3285 Λόγου,
673 3214 766 3266 καὶ
799 3212 934 3281 πρὸς
976 3210 1067 3264 τὸν
1103 3209 1233 3264 Θεὸν
1256 3209 1429 3273 ὄντος,
1468 3208 1561 3261 καὶ
1592 3207 1689 3279 οὑχ

149 3303 401 3375 ἁρπαγμὸν
440 3302 795 3375 ἡγησαμένου
827 3301 889 3354 τὸ
917 3296 1055 3353 εἶναι
1099 3300 1190 3353 ῐσα
1220 3298 1359 3369 Θεῷ,
1397 3297 1532 3352 ἀλλὰ
1560 3288 1689 3368 περὶ

148 3395 225 3448 τοῦ
245 3399 301 3449 ὲκ
320 3398 529 3466 Μαρίας
550 3414 617 3450 συ
626 3395 876 3467 μμόρφου
896 3393 995 3463 τῆς
1014 3389 1389 3451 ταπεινώσεως
1410 3389 1584 3459 ἡμῶν.
1623 3388 1689 3441 Ἦ

149 3486 239 3558 γὰρ
299 3490 477 3559 μνήμη
539 3487 639 3541 τοῦ
704 3483 936 3558 σταυροῦ
1005 3483 1101 3537 καὶ
1162 3481 1223 3535 τὸ
1285 3480 1553 3550 συνῆφθαι
1609 3479 1688 3551 τῷ

156 3593 171 3626 ι
208 3578 439 3649 ἐποίησεν
477 3599 495 3630 ι
535 3578 622 3643 τὸ,
660 3595 680 3630 ι
720 3580 817 3630 ’ον
840 3578 997 3646 ὑμεῖς
1041 3572 1440 3645 ἐσταυρώσατε,
1473 3591 1492 3624 ι
1527 3571 1690 3627 αὑτὸν

153 3664 401 3735 ἐδήλωσεν,
429 3656 489 3721 οὗ
525 3664 795 3735 πολλαχοῦ
834 3665 1107 3735 μέμνηται
1134 3663 1168 3733 ή
1204 3661 1416 3733 Γραφή.
1464 3660 1573 3713 Καὶ
1615 3659 1692 3723 ὡς

153 3755 257 3808 ὅταν
303 3759 356 3812 ὲν
394 3762 511 3821 ταῖς
548 3755 792 3830 Πρὰξεσι
843 3754 977 3826 λέγῃ
1012 3756 1040 3807 6
1073 3752 1235 3816 αὐτὸς
1266 3751 1469 3821 Πέτρος
1492 3767 1505 3780 ·
1551 3767 1571 3803 ι
1630 3748 1690 3802 '0

153 3849 259 3912 Θεὸς
293 3850 552 3923 Ἀϐραὰμ,
604 3850 699 3902 καὶ
744 3849 773 3901 6
816 3846 948 3910 Θεὸς
989 3845 1196 3906 Ἰσαὰκ,
1232 3842 1326 3897 καὶ
1367 3842 1396 3895 ὀ
1424 3841 1555 3904 Θεὸς
1585 3842 1690 3894 Ἰα-

156 3938 266 4005 γὼὸ,
290 3942 315 3993 6
345 3941 470 4004 θεὸς
493 3942 605 3995 τῶν
632 3937 885 4008 πατέρων
918 3936 1073 4007 ἡμῶν
1118 3933 1336 3998 ὲδὸξασε
1379 3930 1470 3986 τὸν
1522 3929 1687 3985 παῖδα

155 4027 291 4081 αὑτοῦ
322 4030 541 4100 Ἰησοῦν,
581 4027 642 4081 ὃν
675 4028 832 4096 ὑμεῖς
874 4024 972 4094 μὲν
1004 4020 1361 4093 παρεδώκατε
1395 4020 1489 4073 καὶ
1522 4018 1691 4087 ἠρνή-

158 4119 292 4171 σασθε
338 4121 472 4174 κατά
519 4119 812 4190 πρόσωπον
850 4115 1103 4177 Πιλάτου,
1164 4114 1445 4184 κρίναντος
1483 4108 1687 4161 ἐκείνου

157 4209 403 4262 ἀπολύειν·
432 4211 588 4281 ὑμεῖς
616 4208 672 4260 δὲ
700 4207 788 4260 τὸν
817 4206 970 4275 ἅγιον
994 4206 1086 4258 καὶ
1117 4203 1322 4257 δίκαιον
1343 4198 1649 4272 ἠρνήσασθε
1668 4214 1686 4232 ο

159 4299 234 4350 καὶ
269 4303 487 4371 ᾐτήσατε
532 4300 702 4370 ἄνδρα
748 4297 913 4365 φονέα
944 4294 1266 4367 χαρισθῆναι
1307 4294 1453 4365 ὑμῖν,
1498 4292 1590 4344 τὸν
1631 4290 1688 4343 δὲ

1796 2937 2074 2992 Dominum
2106 2935 2221 3006 (2t)
2252 2951 2373 2991 eum
2395 2973 2411 3001 ,
2438 2945 2491 2990 et
2524 2934 2797 2991 Christum
2836 2934 2976 2991 Deus
3011 2936 3135 2992 fecit
3156 2976 3173 3003 ,
3205 2935 3352 2992 buuc

1789 3028 2008 3093 Iesum,
2054 3044 2217 3098 quem
2261 3043 2356 3084 vos
2404 3028 2775 3085 cruciﬁxistis.
2808 3048 2827 3081 ι
2857 3031 2925 3085 At
2972 3044 3039 3084 ne
3082 3031 3183 3086 hoc
3228 3033 3350 3100 qui-

1791 3121 1909 3174 dem
1958 3119 2239 3188 Scriptura
2282 3119 2414 3175 dicit
2459 3120 2526 3175 de
2598 3120 2777 3175 divina
2845 3121 3352 3191 etineomprehen-

1789 3191 1931 3262 sibili
1976 3209 2212 3263 essentia
2261 3209 2353 3265 Dei
2403 3207 2607 3275 Verbi,
2653 3210 2745 3280 qui
2796 3210 2849 3264 in
2896 3210 3161 3280 principio
3199 3224 3349 3278 erat,

1789 3308 1846 3352 et
1894 3299 2034 3367 apud
2080 3297 2247 3353 Deum
2302 3307 2453 3367 erat,
2500 3307 2556 3353 et
2605 3314 2710 3354 non
2759 3299 3004 3370 rapinam
3055 3300 3352 3356 arbitratus

1789 3395 1875 3441 est
1915 3401 2036 3441 esse
2074 3401 2132 3442 se
2171 3386 2445 3457 aequalem
2484 3387 2631 3443 Deo:
2681 3390 2771 3442 sed
2814 3389 2879 3443 de
2920 3387 3014 3444 illo
3061 3389 3208 3461 (22),
3260 3393 3351 3459 qui

1790 3493 1857 3533 ex
1914 3478 2082 3534 Maria
2121 3489 2273 3535 ortus
2323 3488 2445 3546 est,
2492 3497 2830 3536 communem
2882 3482 3158 3537 nobiscum
3206 3483 3353 3550 altje-

1789 3570 1984 3625 ctiouis
2032 3569 2258 3625 formam
2309 3570 2531 3626 habens.
2588 3571 2722 3626 Nam
2771 3573 2911 3641 quod
2957 3587 3351 3629 commemore-

1793 3670 1879 3713 tur
1924 3675 2093 3726 crux,
2137 3670 2191 3714 et
2238 3661 2521 3731 copuletur
2569 3663 2791 3717 verbum
2824 3682 2843 3714 ι
2875 3663 3050 3717 fecit:
3078 3679 3198 3717 cum
3251 3680 3349 3717 vo-

1789 3749 1977 3813 cibus,
2026 3767 2046 3802 ι
2077 3749 2247 3815 Quem
2279 3764 2373 3805 vos
2418 3751 2764 3806 erneilixistis
2787 3793 2803 3817 ,
2839 3769 2858 3803 ι
2885 3752 3119 3807 ostendit
3152 3752 3217 3808 de
3250 3754 3351 3808 hoc

1790 3853 2090 3894 sermonem
2136 3853 2256 3893 esse
2283 3875 2301 3904 ,
2344 3838 2495 3911 cujus
2529 3839 2770 3909 pluribus
2808 3841 2858 3894 iu
2902 3840 3033 3894 locis
3071 3839 3350 3910 Scriptura

1789 3928 2114 3982 mentionem
2159 3927 2330 3982 facit:
2365 3938 2424 3983 ut
2460 3944 2578 3984 cum
2610 3930 2773 4002 356
2806 3930 2860 3984 in
2900 3932 3050 3986 Actis
3089 3932 3166 3987 ait
3207 3932 3349 3988 idem

1788 4017 2019 4073 Petrus:
2050 4036 2069 4070 ι
2100 4016 2241 4073 Deus
2285 4018 2397 4091 (2'5)
2434 4020 2704 4075 Abraham
2736 4061 2751 4085 ,
2791 4032 2844 4077 et
2892 4022 3032 4078 Deus
3073 4023 3255 4090 Isaac,
3294 4034 3352 4078 et

1791 4109 1928 4164 Deus
1968 4108 2168 4176 Iacob,
2222 4109 2367 4164 Deus
2413 4121 2627 4182 patrum
2671 4121 2977 4168 nostrorum
3024 4114 3349 4183 gloriﬁcavit

1786 4214 2012 4268 puerum
2044 4214 2198 4256 suum
2227 4199 2411 4256 Jesum
2432 4241 2447 4267 ,
2480 4218 2636 4271 quem
2666 4218 2760 4259 vos
2786 4205 3000 4275 quidem
3028 4205 3349 4272 tradidistis,

1788 4300 1841 4345 et
1872 4290 2107 4361 negastis
2136 4290 2249 4362 (24)
2286 4299 2413 4348 aute
2444 4291 2640 4350 faciem
2673 4292 2832 4349 Pilati
2854 4334 2869 4358 ,
2903 4310 3023 4350 cum
3054 4295 3349 4365 iudicasset

158 4390 358 4459 ἀρχηγὸν
390 4393 487 4462 τῆς
506 4390 656 4461 ζωῆς
677 4388 1047 4443 ἀπεκτείνατε.
1089 4405 1109 4437 ι
1145 4386 1256 4439 Καὶ
1287 4383 1561 4455 Ζαχαρίας
1591 4397 1685 4451 φη-

1854 4396 1881 4436 e
1915 4382 2295 4437 absolvendum
2327 4396 2449 4439 esse
2490 4403 2505 4439 :
2545 4398 2643 4438 vos
2670 4395 2845 4439 autem
2896 4394 3141 4440 sanctum
3183 4395 3237 4440 et
3268 4387 3350 4452 iu-

162 4480 251 4529 σίν·
278 4500 294 4530 ι
340 4483 536 4553 Ἐκχεῶ
563 4481 657 4533 ἐπὶ
680 4480 770 4533 τὸν
792 4475 938 4532 οἶκον
974 4475 1136 4530 Δαυῖδ
1160 4476 1255 4529 καὶ
1282 4475 1374 4528 ἐπὶ
1405 4475 1529 4537 τοὺς
1552 4489 1685 4526 κατ-

160 4571 395 4636 ακοῦντας
425 4571 775 4645 Ἰερουσαλὴμ
824 4568 1048 4638 Πνεῦμα
1083 4565 1303 4637 χάριτος
1346 4565 1439 4619 καὶ
1481 4566 1685 4635 οἰκτιρ-

164 4660 261 4726 per}
284 4663 368 4714 καὶ
399 4662 773 4732 ἰπιϐλέψονται
808 4660 943 4731 πρὸς
975 4658 1066 4730 μὲ,
1106 4659 1187 4721 είς
1218 4656 1277 4712 ὃν
1304 4654 1681 4727 ἐξεκέντησαν,

222 4896 313 4963 (lli)
352 4897 549 4954 Finem.
578 4899 706 4963 Seu,
744 4916 763 4949 ι
791 4893 1361 4950 consummationem.»
1390 4908 1441 4945 tn
1471 4890 1679 4963 Graeco,

168 4964 455 5038 πληρότητα,
497 4973 552 5025 id
593 4962 735 5025 esti
760 4967 1166 5038 plenitudinem,
1192 4981 1212 5014 ι
1268 4972 1362 5016 aut
1398 4980 1417 5014 ι
1447 4962 1683 5032 comple-

170 5048 387 5089 ιιιειιιιιιιι.
412 5058 429 5088 ι

225 5104 319 5174 (17)
369 5106 689 5162 Exsiueutiw
739 5106 969 5160 initium.
1040 5102 1097 5157 In
1160 5100 1384 5166 Graeco,
1448 5099 1680 5174 γένεσιν.

170 5167 399 5229 Transtuli
434 5178 795 5233 rexsistentize
832 5176 1068 5238 initium,
1097 5190 1117 5221 ι
1170 5187 1293 5225 cum
1332 5189 1350 5220 ι
1372 5167 1680 5239 generatio-

173 5254 306 5315 uenti
344 5247 625 5301 transferre
658 5263 763 5301 non
814 5259 1047 5315 possem.
1095 5240 1300 5315 Nomen
1338 5242 1551 5315 γένεσις
1597 5242 1681 5315 hic

173 5314 359 5366 sumitur
395 5326 645 5385 quatenus
690 5311 964 5370 derivatur
1015 5326 1081 5368 ex
1134 5313 1299 5366 verbo
1344 5312 1584 5381 γίνομαι,
1630 5311 1682 5365 id

171 5387 250 5433 est.
278 5398 295 5429 ι
318 5397 444 5446 sum,
473 5405 489 5436 ι
530 5387 609 5440 vel
646 5404 665 5437 ι
690 5386 776 5439 lio.
801 5403 821 5436 ι

358 5450 419 5533 ξι
448 5455 805 5533 ipse.__(_lolos_s.
832 5469 876 5533 _t,
910 5453 995 5507 17.
1041 5522 1055 5533 _
1274 5521 1290 5533 _
1441 5520 1454 5533 .
1545 5520 1557 5533 ο

204 5517 322 5591 ,(19)
358 5517 522 5577 luatur
551 5526 712 5581 illius.
752 5517 889 5579 Vel:
923 5541 940 5573 ι
966 5522 1055 5593 qui
1092 5521 1384 5578 secundum
1406 5520 1520 5590 ejus
1544 5520 1678 5576 ima-

175 5593 318 5650 gtuem
345 5603 532 5647 smnus.
558 5612 575 5646 ὶ

360 5657 647 5730 gognoscat.
682 5664 799 5719 Act.
838 5678 900 5727 11,
925 5660 1015 5716 36.

235 5723 327 5796 (Ἡ)
363 5723 755 5788 Ειύοιηὶηιιηι.
800 5723 996 5787 Vocula
1033 5750 1051 5783 ι
1073 5739 1126 5784 et
1153 5750 1172 5783 ι
1212 5732 1358 5788 deest
1389 5731 1440 5788 in
1471 5731 1672 5788 Grazcis

418 5826 667 5887 PATBOL.
700 5828 817 5888 Gtt.
848 5824 1146 5887 XXXIX.

1792 4483 1932 4529 stum
1969 4475 2238 4542 negastis,
2286 4484 2341 4529 et
2380 4476 2611 4545 petiistis
2645 4476 2758 4548 (25)
2810 4477 2981 4532 virum
3024 4478 3351 4533 homicidam
3398 4520 3401 4525 .

1787 4565 1976 4620 donari
2022 4565 2211 4631 vobis;
2245 4575 2520 4619 auctorem
2567 4582 2695 4620 vero
2739 4566 2860 4620 vitae
2906 4566 3287 4633 interfecistis;
3323 4589 3345 4622 ρ

1786 4663 1845 4711 et
1891 4652 2183 4708 Zacharias
2233 4654 2309 4729 ait
2336 4670 2351 4706 :
2381 4671 2400 4703 ι
2434 4652 2714 4709 Eﬂ‘undam
2762 4654 2874 4725 (26)
2920 4669 3081 4726 super
3127 4657 3350 4711 domum

1785 4894 1993 4959 Bibliis,
2021 4896 2114 4951 sed
2140 4910 2242 4949 non
2277 4896 2329 4951 in
2358 4894 2583 4950 Latinis.

1857 4965 1968 5037 (22)
2007 4965 2113 5037 Sed
2138 4967 2205 5037 tle
2232 4966 2346 5037 illo.
2396 4965 2657 5037 Eunotuio
2696 4964 2837 5021 hunc
2882 4966 3057 5036 ipsum
3100 4983 3166 5023 ex
3200 4969 3351 5026 Actis

1790 5033 1979 5109 locum
1995 5033 2483 5109 objicient_i__eodent
2513 5033 2628 5088 fere
2653 5038 2808 5109 mo_do
2834 5033 3123 5103 respondet
3143 5038 3350 5109 Grego-

1789 5104 2378 5178 rius_Nys_senus_libro
2409 5120 2459 5158 Iv
2487 5114 2673 5178 contra
2713 5104 3047 5178 Eunomian
3068 5123 3191 5178 pag.
3226 5104 3348 5166 118.

1858 5172 2168 5245 (25)’Βειιε.
2202 5172 2324 5227 Act.
2361 5188 2441 5237 ιιι,
2479 5173 2663 5245 15-15.
2706 5174 2888 5230 Grzeea
2915 5172 3083 5231 ΒΗ)ιίιῖ
3118 5172 3198 5233 bis
3232 5189 3354 5235 tan-

1787 5253 1899 5323 tum
1927 5252 2171 5313 repetunt
2188 5257 2383 5323 vocem
2393 5244 2561 5323 2e64,
2596 5244 2646 5297 id
2678 5255 2761 5300 est
2791 5263 2810 5297 ι
2829 5246 2989 5302 Deus.
3013 5265 3032 5300 ι
3066 5246 3171 5303 Sed
3199 5249 3351 5323 Vulg.

1788 5317 2054 5383 interpres
2073 5320 2284 5383 quater,
2308 5322 2368 5383 ut
2391 5314 2670 5383 Didymus.
3046 5366 3057 5376 ,

1849 5382 1970 5507 32$)
2009 5381 2364 5461 Et‘ncgastis.
2412 5382 2595 5438 Graeca
2634 5384 2799 5439 editio
2836 5386 2998 5468 addit.
3024 5387 3112 5441 hic
3156 5389 3343 5469 αὑτόν·

1959 5451 2067 5507 ulg.
2119 5462 2386 5507 tttterores
2415 5462 2473 5507 et
2505 5451 2676 5507 codex
2705 5454 3106 5507 Alexandrinus
3135 5457 3265 5507 Ιριιιι
3295 5471 3343 5507 ιιι

1786 5451 1879 5529 sed
1915 5451 2067 5521 Vulg.
2118 5451 2386 5521 interpres
2415 5462 2473 5508 et
2505 5451 2676 5508 codex
2705 5454 3106 5512 Alexandrinus
3135 5457 3265 5529 legit
3295 5471 3352 5511 ιιι

1782 5524 2063 5577 Βὶιινηιιις.

1853 5556 2257 5661 (Ιέέῖυὲειὶἱειὶε.
2299 5556 2486 5647 Graeca
2520 5594 2719 5664 editio,
2753 5594 3047 5669 ᾐτήσασθε,
3084 5610 3183 5668 pro
3223 5566 3378 5667 ᾐτήιι⁵
3420 5576 3421 5579 Ἴ

1784 5678 1929 5714 σατε.

1854 5732 1963 5803 (26)
2008 5730 2312 5801 E/Tundam.
2344 5732 2572 5790 Zacltar.
2608 5751 2703 5805 xu,
2737 5733 2822 5791 10.

3029 5829 3106 5886 27
