3716 6310
332 334 434 393 885
1557 338 1790 394 DiDYMl
1828 334 2300 392 ALEXANDBINI

3459 336 3492 383 κ
3503 334 3553 387 Μ

332 447 538 514 David,
590 456 645 502 et
699 461 861 519 super
904 450 1236 507 habitatores
1283 449 1580 507 Jerusaiem
1628 451 1889 521 Spiritum

2133 440 2387 519 κόψονται
2436 450 2522 501 ἐπ’
2556 450 2717 503 αύτδν
2753 451 3000 505 κοπετὸν.
3030 449 3105 513 ὡς
3133 451 3225 502 ἐπὶ
3259 450 3550 519 ἀγαπητὸν,

333 540 562 612 gratiae,
609 549 664 594 et
713 541 1112 609 miserationis;
1159 553 1215 599 et
1260 545 1521 615 aspicient
1568 546 1634 599 ad
1672 560 1791 607 me,
1838 545 1891 599 in

2117 546 2533 616 ὀδυνηθήσονται
2565 547 2648 598 ἐπ’
2686 546 2869 608 αὐτὸν,
2913 546 2988 608 ὼς
3014 546 3106 598 ἐπὶ
3137 545 3497 616 πρωτότοκον.
3534 566 3550 596 ι

332 647 491 701 quem
526 642 830 701 punxeruut
851 673 867 699 ,
900 646 955 688 et
988 636 1233 706 plangent
1263 651 1423 711 super
1447 651 1569 690 eum
1602 636 1712 707 (‘27)
1745 638 1896 705 pian-

2089 654 2249 700 mvog
2276 640 2606 706 προφητείας
2631 636 2997 707 ἀναμνησθεὶς
3028 636 3279 706 Ἰωάννης
3303 635 3440 705 μετὰ
3474 637 3558 687 τὸν

334 730 483 774 ειυιοι
501 760 517 785 ,
548 722 690 776 sicut
716 738 877 793 super
912 726 1161 780 dilectum
1184 768 1200 794 ,
1225 737 1279 781 et
1306 729 1559 783 doiebunt
1582 745 1743 799 super
1771 744 1894 785 eum

2089 730 2256 800 ιήριον
2287 727 2535 798 σταυρὸν,
2571 722 2722 779 εἶπεν
2741 743 2756 757 ·
2785 746 2803 779 ι
2841 728 3119 796 Ὄψονται,
3150 727 3232 788 εἰς
3260 725 3321 779 ὃν
3348 726 3558 791 ἐξεκένο

335 818 587 879 tanquam
642 826 806 881 super
858 813 1299 884 primogenitum.
1336 817 1546 887 )Cujus
1601 819 1897 888 prophetia:

2089 839 2183 875 παν.
2215 841 2235 875 ι
2272 823 2405 892 Περὶ
2439 820 2626 874 τούτου
2661 822 2755 874 καὶ
2788 823 2817 875 ὁ
2878 822 3105 889 ἄγγελος
3134 820 3445 890 συγχαίρων
3472 820 3558 871 ἀν-

336 905 649 958 τθιοοτιιαιιιε
679 903 912 959 Joannes
946 918 1066 976 post
1095 908 1429 963 salutiferam
1463 924 1678 964 crucem
1711 910 1847 963 dixit
1876 923 1894 969 :

2089 915 2233 977 ὺποις
2267 912 2391 984 [169
2423 912 2478 983 b]
2522 911 2733 975 ἔλεξεν
2770 930 2789 963 ‹
2837 910 3058 981 Ἐτέχθη
3088 912 3220 981 ἡμῖν
3254 908 3445 978 Σωτὴρ
3470 908 3560 975 σή·

342 1015 361 1047 ι
392 998 663 1052 Videbunt
712 997 825 1068 (28)
864 998 915 1052 in
957 1014 1117 1068 quem
1149 1009 1601 1070 compunxerunt.
1637 1021 1657 1054 ι
1687 1002 1763 1057 De
1795 1002 1895 1057 hoc

337 1092 562 1159 angelus
613 1104 828 1159 quoque
882 1091 1260 1158 congratularis
1313 1093 1619 1149 hominibus
1670 1095 1893 1165 inquit:

343 1199 365 1233 ι
392 1180 558 1236 Natus
587 1191 670 1237 est
698 1180 849 1235 nobis
881 1181 995 1254 (29)
1028 1183 1277 1238 Salvator
1302 1184 1481 1249 hodie,
1511 1186 1600 1255 qui
1636 1194 1719 1241 est
1743 1186 1892 1240 Chri-

338 1284 454 1328 stus
485 1272 765 1328 Dominus.
804 1293 823 1326 ι
853 1272 907 1327 Si
941 1284 1116 1328 autem
1162 1275 1320 1330 hodie
1350 1287 1505 1330 natus
1540 1276 1759 1342 dicitur,
1791 1291 1896 1331 non

337 1372 609 1432 spectatur
641 1378 770 1423 sane
799 1375 855 1418 ut
883 1366 1148 1419 exsistens
1181 1375 1306 1419 ante
1355 1366 1567 1420 saecula.
1602 1366 1901 1421 Attenden-

339 1455 438 1508 dus
468 1469 596 1524 ergo
622 1464 705 1509 est
736 1454 947 1509 animus
977 1458 1041 1508 ad
1081 1456 1181 1510 hoc
1208 1456 1501 1523 Scriptura:
1542 1458 1860 1511 miraculum
1880 1498 1896 1523 ,

341 1545 481 1613 quod
523 1546 728 1616 angeli,
776 1553 829 1600 et
878 1546 1126 1601 homines
1172 1549 1329 1601 unius
1377 1563 1527 1602 nova:
1571 1550 1899 1619 theognosia:

339 1636 414 1706 (id
441 1644 524 1690 est
545 1636 823 1705 agnitionis
847 1636 963 1703 Dei)
990 1636 1184 1691 festum
1213 1638 1561 1692 celebrabant
1585 1628 1779 1707 aequali
1811 1637 1895 1692 ai-

340 1727 573 1783 iectione
607 1727 766 1782 simul
800 1728 1196 1794 acclamantes,
1227 1738 1280 1783 et
1308 1730 1407 1784 sibi
1447 1741 1635 1785 mutuo
1667 1744 1897 1785 consen-

343 1817 559 1870 tientes.
602 1815 695 1872 Sic
740 1826 922 1869 autem
974 1816 1267 1886 loquimur,
1324 1829 1383 1872 ut
1424 1820 1639 1875 lietione
1667 1821 1896 1889 quadam

342 1906 659 1962 ineliabilem
722 1907 837 1977 ejus
900 1908 1333 1963 incarnationem
1395 1909 1791 1978 signiﬁcemus,
1844 1918 1900 1966 et

342 1998 760 2067 blasphemiam,
810 2013 929 2069 quae
972 2001 1232 2055 adversus
1268 2000 1385 2069 ejus
1424 2000 1686 2055 Deitatem
1733 2001 1902 2055 tendit

340 2088 708 2156 declinemus;
743 2104 845 2144 non
876 2104 1003 2144 vero
1052 2091 1195 2159 quod
1224 2091 1546 2157 credamus,
1586 2091 1747 2144 alium
1783 2105 1904 2146 esse

341 2179 572 2248 Filium,
617 2180 707 2250 qui
750 2189 835 2239 est
880 2194 944 2234 ex
988 2180 1182 2247 Patre,
1234 2181 1394 2235 alium
1438 2182 1585 2236 illum
1617 2180 1767 2252 (50),
1810 2181 1901 2251 qui

341 2270 520 2325 iactus
543 2280 627 2327 est
660 2286 823 2337 caro,
868 2273 1070 2343 quique
1118 2273 1410 2329 cruciﬁxus
1459 2272 1605 2328 fuit:
1651 2273 1902 2342 quoniam

341 2376 623 2431 nunquam
670 2361 901 2433 disjungi
951 2380 979 2418 a
1025 2364 1231 2434 seipsa,
1281 2379 1455 2434 neque
1502 2364 1661 2435 357
1704 2365 1901 2420 mutari

341 2463 514 2524 potest
562 2454 753 2511 deitas.
804 2456 1011 2509 Etenim
1058 2472 1123 2509 ne
1164 2456 1452 2525 Apostolus
1499 2458 1714 2527 quidem
1770 2458 1905 2515 duos

338 2546 766 2616 cogitavit,'eum
797 2547 1033 2606 dixerit;
1064 2566 1082 2599 ι
1112 2546 1329 2602 Clu-isto
1377 2546 1489 2617 (51)
1540 2548 1703 2616 igitur
1743 2563 1902 2618 passo

339 2651 438 2705 pro
468 2636 621 2692 nobis
649 2651 829 2691 carne.
865 2656 883 2689 ι
915 2635 1083 2691 Porro
1123 2652 1276 2691 sacer
1311 2653 1525 2706 quoque
1558 2637 1766 2692 Psaltes
1813 2656 1904 2693 ar-

342 2741 535 2780 canum
586 2726 749 2782 hocce
803 2725 1191 2781 incarnationis
1248 2728 1572 2797 mysterium
1624 2736 1679 2779 et
1723 2729 1905 2784 celans

342 2816 766 2885 quodammodo,
804 2826 858 2871 et
882 2826 1066 2887 aperte
1101 2816 1373 2882 revelatis,
1407 2829 1460 2872 et
1490 2818 1768 2874 occultans
1799 2837 1897 2889 po-

345 2910 452 2963 tius
476 2924 635 2977 quam
658 2909 906 2978 ignorans
931 2909 1076 2981 (52),
1102 2921 1150 2963 et
1204 2910 1459 2979 ignorans
1525 2911 1703 2978 petitis
1741 2927 1901 2981 quam

347 2998 646 3064 occultans,
672 3001 725 3054 in
749 3015 875 3055 cvm
897 3002 1102 3069 psalmo
1118 3001 1363 3055 similiter
1391 3016 1454 3056 ac
1479 3001 1666 3057 Petrus
1688 3003 1739 3058 in
1761 3018 1905 3058 com-

2000 1020 2185 1075 μερον,
2221 1004 2280 1064 ὃς
2316 1004 2430 1055 ἐστι
2459 1001 2691 1072 Χριστὸς
2720 1001 2939 1072 Κύριος.
2974 1019 2993 1053 t
3040 1001 3103 1053 '0
3131 1000 3187 1052 δὲ
3214 1001 3458 1069 σήμερον
3480 1015 3563 1050 τε-

1998 1095 2147 1165 χθεὶς
2180 1096 2280 1147 οὐκ
2318 1093 2384 1147 ἄν
2407 1110 2535 1145 ποτε
2560 1095 2589 1146 ὁ
2618 1091 2939 1163 προαιὼνιος
2971 1091 3207 1161 νοηθείη.
3237 1090 3567 1159 Προσεκτέον

1997 1182 2089 1241 οὖν
2116 1185 2209 1238 καὶ
2240 1184 2372 1254 τῷδε
2406 1183 2485 1254 τῷ
2515 1184 2611 1237 τοῦ
2641 1184 2971 1254 Γράμματος
3004 1181 3261 1252 θαύματι,
3302 1182 3386 1234 ὅτι
3409 1180 3565 1248 ἄγγε-

1998 1274 2079 1327 λοι
2121 1275 2216 1327 καὶ
2259 1273 2535 1344 ἄνθρωποι
2593 1274 2722 1343 μιᾶς
2762 1274 2961 1341 νεαρᾶς
3012 1272 3343 1340 θεογνωσίας
3382 1271 3566 1341 ἑορτὴν

1999 1366 2283 1419 ἐπετέλουν
2320 1365 2407 1435 ἴσῃ
2440 1363 2672 1416 διαθέσει
2702 1362 3105 1433 ὁμοφωνοῦντες
3128 1364 3223 1417 καὶ
3252 1365 3563 1432 ὁμογνωμο-
3614 1364 3615 1367 “

1999 1456 2233 1519 νοῦντες.
2268 1455 2422 1509 Οὕτω
2460 1455 2517 1507 δέ
2550 1471 2751 1523 φαμεν,
2781 1453 2990 1524 ἐπινοίᾳ
3029 1453 3134 1506 τινὶ
3165 1452 3264 1523 τὴν
3296 1454 3567 1523 ἄφραστον

2000 1549 2163 1604 αὐτοῦ
2203 1548 2511 1618 οἰκονομίαν
2546 1547 2915 1616 σημαίνοντες,
2948 1547 3042 1599 καὶ
3075 1546 3174 1616 τὴν
3210 1547 3291 1608 εἰς
3315 1544 3423 1618 τὴν
3460 1544 3569 1595 θεό-

1998 1654 2135 1707 τητα
2177 1636 2341 1690 αὐτοῦ
2386 1617 2759 1689 συντείνουσαν
2817 1634 3162 1705 βλασφημίαν
3210 1617 3566 1697 ἐκκλίνοντες,

2000 1730 2098 1782 οὐκ
2130 1728 2286 1781 ἄλλον
2321 1727 2379 1780 δὲ
2417 1726 2758 1790 πιστεύοντες
2783 1723 2920 1779 εἶναι
2961 1725 3050 1779 τὸν
3076 1727 3140 1778 ὲκ
3176 1724 3391 1795 Πατρδς
3426 1723 3566 1784 Υίὺν,

2001 1821 2095 1873 καὶ
2134 1821 2291 1875 ἄλλον
2332 1820 2424 1873 τὸν
2462 1821 2749 1891 γενόμενον
2802 1819 2980 1887 σάρκα
3029 1818 3122 1872 καὶ
3158 1814 3565 1888 σταυρωθέντα·

2002 1910 2125 1963 ἐπεὶ
2158 1911 2365 1981 μήποτε
2391 1907 2807 1976 διαζεύγνυσθαι
2856 1907 3074 1976 ἑαυτῆς,
3108 1908 3243 1977 μηδὲ
3277 1906 3571 1977 τρέπεσθαι

2001 2000 2243 2067 πέφυκεν
2281 2001 2312 2070 ἡ
2344 1999 2549 2069 θεότης.
2587 1998 2719 2051 Οὐδὲ
2746 1998 2853 2069 γὰρ
2879 2000 2905 2051 ὁ
2940 1998 3259 2063 Ἀπόστολος
3289 1998 3383 2052 δύο
3419 1998 3568 2066 ὲνόη-

2002 2106 2093 2143 σεν
2126 2089 2211 2152 ἂν,
2243 2088 2444 2141 εἰπών·
2484 2107 2501 2139 ι
2540 2088 2774 2158 Χριστοῦ
2814 2083 2906 2141 οὖν
2951 2087 3212 2150 παθόντος
3250 2089 3393 2159 ὑπὲρ
3422 2090 3572 2159 ἡμῶν

2001 2179 2182 2250 σαρκί.
2214 2197 2233 2230 ι
2278 2180 2386 2231 Καὶ
2412 2180 2440 2232 ὀ
2471 2178 2818 2249 Ἰεροψὰλτης
2852 2178 2959 2247 γὰρ
2988 2178 3051 2231 τὸ
3078 2178 3390 2250 ἀπόρρητον
3420 2176 3572 2231 τοῦτο

2005 2270 2303 2341 μυστήριον
2328 2267 2425 2339 τῆς
2446 2267 2756 2338 οἰκονομίας
2785 2267 2877 2320 καὶ
2900 2265 3156 2338 κρύπτων
3185 2284 3305 2331 πως
3324 2267 3420 2321 καὶ
3443 2268 3571 2320 ἁνα-

2002 2359 2364 2430 πεπταμένως
2430 2359 2721 2428 ὲκφαίνων,
2785 2358 2880 2412 καὶ
2938 2356 3229 2411 καλύπτων
3292 2357 3570 2429 μᾶλλονῆ

2003 2450 2229 2520 ἀγνοῶν,
2261 2451 2354 2504 καὶ
2378 2450 2585 2518 ἀγνοῶν
2618 2449 2815 2520 μᾶλλον
2842 2449 2875 2520 ἢ
2900 2449 3213 2513 καλύπτων,
3238 2452 3298 2504 ὲν
3330 2457 3416 2522 ρη⁹
3445 2451 3573 2519 ψαλ-

2008 2544 2093 2615 μῷ
2128 2543 2477 2614 ὁμοιότροπον
2525 2542 2618 2595 τοῦ
2669 2541 3131 2612 μνημονευθέντος
3179 2543 3428 2614 ῥήματος
3471 2544 3571 2595 Πέ-

2002 2652 2131 2706 τρου
2169 2633 2524 2706 προφητεύει·
2555 2651 2574 2685 ι
2610 2633 2717 2686 Καὶ
2744 2632 3057 2701 γνώτωσαν,
3107 2633 3189 2685 ὅτι
3231 2636 3265 2702 ἠ
3311 2632 3435 2701 χείρ
3484 2650 3571 2684 σου

2007 2727 2144 2797 αὕτη
2163 2745 2175 2757 ο
2205 2728 2297 2780 καὶ
2323 2728 2410 2790 σὺ,
2448 2726 2641 2797 Κύριε,
2672 2726 2933 2797 ἐποίησας
2968 2726 3135 2797 αὐτήν
3160 2740 3187 2781 ⁸,
3215 2744 3236 2777 ι
3266 2724 3355 2777 διὰ
3392 2724 3490 2795 μὲν
3517 2725 3576 2777 τὸ

2005 2818 2300 2890 ὁμοουσίως
2330 2817 2697 2888 συνυπάρχειν
2737 2815 2817 2887 τῷ
2847 2816 3045 2887 Πατρὶ,
3081 2815 3174 2868 καὶ
3211 2816 3390 2869 πάντα
3422 2832 3576 2883 γεγε-

2007 2911 2199 2981 νῆσθαι
2231 2911 2368 2982 πρὸς
2397 2909 2581 2971 αὐτοῦ,
2615 2911 2771 2980 χεῖρα
2800 2907 2895 2962 τοῦ
2926 2908 3137 2979 Πατρὸς
3154 2906 3576 2978 προσαγορεύων

2009 3003 2099 3056 τὸν
2128 3002 2259 3055 Θεὸν
2288 3000 2477 3069 Λόγον.
2506 3001 2603 3053 Δια
2630 2999 2684 3052 δὲ
2713 2998 2775 3053 τὸ
2804 2998 3086 3070 ἀτρέπτως
3118 2998 3320 3071 σάρκα,
3348 2998 3428 3063 ὡς
3471 2994 3574 3052 οἶδε

343 3095 660 3148 memoratis
686 3093 861 3149 verbis
882 3132 898 3158 ,
928 3095 1213 3164 prophetat
1240 3112 1253 3148 :
1280 3113 1297 3145 ι
1324 3094 1388 3148 Et
1412 3107 1738 3163 cognoscant
1761 3095 1871 3167 (55)
1890 3136 1906 3163 ,

2089 3094 2378 3165 ιὴθέλησε,
2415 3091 2760 3161 γεγενῆσθαι,
2816 3090 2987 3161 λέγων
3033 3090 3196 3145 αὐτὸν
3246 3090 3577 3162 πεποιῆσθαι

344 3186 485 3254 quod
521 3201 711 3241 manus
747 3195 834 3241 tua
864 3187 977 3241 haec
1003 3205 1019 3254 ;
1047 3195 1101 3240 et
1134 3196 1212 3249 tu,
1242 3185 1485 3250 Domine,
1516 3186 1685 3241 iecisti
1712 3202 1853 3242 eam.
1879 3209 1897 3241 υ

2012 3191 2141 3260 παρ’
2172 3186 2401 3250 ἐκείνου,
2428 3179 2487 3239 οὗ
2516 3184 2638 3256 χείρ
2670 3186 2837 3238 ἐστιν.

345 3277 549 3349 Nempe
573 3294 787 3333 manum
814 3278 928 3351 (δι)
952 3279 1166 3349 quidem
1193 3279 1369 3333 Patris
1398 3288 1554 3334 vocat
1586 3279 1750 3335 Deum
1780 3281 2043 3347 Verbum,
2111 3280 2235 3350 quia
2297 3276 2824 3334 consubstantialiter
2856 3274 3162 3332 'coexsistit
3224 3291 3348 3332 cum
3381 3277 3576 3341 Patre,

347 3374 620 3445 etomnia
667 3375 735 3429 ab
778 3374 893 3444 ipso
933 3374 1072 3429 facta
1118 3383 1282 3441 sunt;
1325 3375 1448 3443 quia
1481 3387 1608 3429 vero
1650 3376 1768 3430 sine
1796 3376 1900 3432 ulia
1942 3379 2023 3434 sui
2091 3375 2387 3431 mutatione
2452 3372 2623 3429 factus
2654 3379 2737 3427 est
2767 3387 2894 3428 caro
2924 3414 2941 3440 ,
2980 3387 3090 3443 quo
3132 3372 3251 3444 ipso
3295 3375 3456 3430 modo
3485 3390 3576 3428 no-

348 3469 427 3521 vit
472 3473 528 3523 et
573 3467 774 3534 voluit,
828 3468 948 3523 ideo
1005 3468 1205 3523 dicitur
1253 3468 1429 3523 iactus
1467 3471 1536 3522 ab
1582 3468 1712 3537 illo,
1757 3472 1915 3541 cujus
1951 3482 2035 3529 est
2064 3486 2269 3525 manus.

380 3604 385 3609 .
418 3556 534 3614 Vox
570 3570 744 3616 autem
772 3581 790 3613 ι
821 3560 947 3617 iecit
975 3580 993 3612 ι
1021 3576 1126 3617 non
1151 3574 1363 3630 semper
1392 3561 1531 3617 valet
1559 3578 1578 3612 ι
1610 3562 1841 3630 creavit,
1872 3582 1893 3617 ι

422 3809 535 3879 (2'7)
574 3806 742 3879 Super
780 3824 918 3862 eum.
965 3806 1260 3879 Cumpiut._
1287 3808 1400 3879 ed.,
1444 3811 1528 3878 ἐφ’
1566 3808 1811 3872 ἑαυτούς,
1862 3808 1914 3862 id

354 3877 439 3933 est
490 3877 693 3948 «super
728 3892 786 3934 se
817 3880 979 3947 ipsos.
1015 3896 1033 3929 ι
1074 3877 1191 3948 Sed
1218 3877 1499 3932 Hebraeum
1532 3879 1830 3948 exemplar,
1863 3885 1918 3932 et

359 3945 1020 4003 Francoiurtensisveditio
1056 3956 1111 4002 et
1151 3945 1371 4018 Vulgata
1396 3950 1673 4004 translatio
1696 3945 1914 4012 habent,

362 4037 383 4070 ι
407 4034 567 4086 super
587 4032 732 4070 eum.
764 4036 782 4067 ι

450 4084 543 4157 28)
593 4086 871 4157 Videbunt.
908 4084 1063 4157 Joan.
1095 4100 1218 4157 δικ,
1244 4086 1335 4141 57.

450 4090 543 4157 28)
593 4090 871 4140 Videbunt.
908 4090 1063 4139 Joan.
1106 4100 1218 4152 XIX,
1244 4090 1335 4141 '57.

429 4090 546 4230 (29)
567 4154 764 4230 Natus
790 4166 861 4209 est
898 4156 1062 4209 nobis.
1095 4153 1227 4230 Lu_c_.
1258 4172 1320 4230 tt,
1343 4155 1429 4209 ii.
1457 4155 1511 4210 in
1546 4154 1684 4210 libro
1709 4155 1920 4230 Didymi

371 4224 451 4289 γε’
483 4224 686 4292 Spiritu
730 4232 935 4288 sancto,
975 4240 1122 4279 num.
1160 4224 1250 4287 45,
1297 4225 1557 4294 impressa
1593 4224 1920 4294 exemplaria

366 4295 566 4348 habent
595 4311 609 4347 :
640 4312 658 4344 ι
680 4302 837 4348 natus
873 4300 956 4347 est
998 4294 1169 4347 vobis.
1196 4314 1214 4345 ι
1268 4292 1389 4348 Sed
1422 4292 1713 4348 Vaticanus
1752 4292 1920 4349 codex

368 4364 527 4419 habet
556 4382 569 4417 :
604 4381 623 4413 ι
648 4373 804 4416 natus
833 4371 918 4416 est
947 4361 1117 4428 nobis,
1144 4381 1162 4413 ι
1213 4371 1268 4415 ut
1299 4362 1484 4419 Graeca
1510 4363 1703 4430 Biblia,
1744 4373 1798 4419 et
1835 4364 1923 4419 Di-

366 4436 558 4504 dymus
589 4433 689 4504 hoc
721 4433 771 4486 in
806 4431 943 4486 loco.

440 4503 550 4574 ('50)
582 4501 783 4574 Alium,
820 4511 923 4554 etc.
965 4500 1095 4574 Cum
1132 4500 1247 4574 hate
1285 4500 1645 4574 attulerimgin
1687 4501 1921 4574 Epistula

368 4571 774 4625 ad'Archintum
803 4571 1099 4637 prwsulem,
1134 4571 1334 4624 veritus
1362 4581 1444 4624 est
1476 4571 1682 4626 amicus
1706 4572 1921 4639 quidam

371 4657 543 4707 meus,
579 4656 646 4695 ne
690 4641 811 4693 inde
855 4641 1128 4708 colligeret
1162 4640 1316 4707 quis,
1367 4652 1637 4694 auctorem
1682 4652 1922 4694 nostrmu

373 4711 620 4765 Nestorio
652 4710 921 4779 iuniorem
957 4723 1103 4779 esse,
1139 4717 1231 4761 aut
1269 4710 1548 4777 aequalem.
1592 4710 1661 4764 At
1711 4724 1920 4779 omnem

374 4777 682 4849 scrupulum
719 4792 751 4833 e
795 4779 974 4849 medio
1013 4777 1202 4849 tollent
1239 4794 1357 4846 qua:
1392 4793 1456 4833 ex
1493 4778 1715 4849 Didy_mo
1736 4778 1925 4849 proie-

372 4846 516 4903 rant'
541 4850 624 4903 his
660 4849 836 4918 plane,
876 4847 1086 4918 aiﬁuia.
1122 4847 1177 4901 in
1235 4849 1373 4902 libro
1413 4849 1555 4902 enim
1592 4846 1684 4902 De
1722 4846 1924 4916 Spiritu

372 4928 575 4979 sancto,
606 4917 751 4973 num.
785 4917 875 4977 52,
914 4917 1402 4988 hazcrdiclaverat:
1441 4919 1595 4986 (Ipse
1637 4934 1762 4988 ergo
1805 4934 1923 4971 ser-

373 5004 530 5058 rnoue
563 4989 654 5042 Dei
691 4997 994 5055 assumptus
1027 4987 1078 5040 in
1108 4987 1300 5042 εωιιιιη
1353 4986 1549 5058 [codex
1604 4986 1776 5040 noster
1824 5004 1921 5041 ms.

373 5056 479 5110 lste
499 5071 647 5127 ergo,
676 5059 764 5125 qui
794 5071 1020 5127 surgens
1041 5072 1080 5127 a
1103 5058 1328 5111 mortuis
1355 5056 1394 5109 'a
1435 5071 1684 5111 sermone
1716 5059 1803 5110 Dei
1839 5066 1926 5111 est

375 5124 757 5196 assumptusin
788 5124 1005 5196 etelis],
1037 5125 1275 5196 elevatus
1311 5140 1429 5180 esse
1476 5127 1543 5180 ab
1583 5141 1667 5190 ea,
1713 5128 1781 5196 de
1820 5142 1925 5194 qua

376 5209 537 5261 supra
595 5195 856 5267 diximus,
930 5195 1149 5267 dextera
1204 5195 1297 5267 Dei
1356 5196 1673 5265 praedicatur
1730 5195 1925 5267 [codex

376 5275 593 5335 noster:
619 5264 856 5335 elevatus
889 5279 1010 5318 esse
1039 5265 1106 5318 ab
1132 5264 1547 5335 eadem,’quam
1585 5264 1750 5335 supra
1784 5265 1925 5319 dixi-

378 5347 517 5396 mus,
554 5333 724 5405 Patris
752 5332 1097 5405 Dei_t_lextera
1131 5332 1505 5405 prmtlicatur],
1550 5344 1606 5389 et
1651 5332 1926 5401 accepisse

379 5403 821 5470 reproniissiones
853 5400 1153 5473 'Llegendum
1182 5415 1304 5469 puto
1348 5400 1485 5473 cum'r
1510 5416 1684 5457 nostra
1723 5400 1922 5465 codice,

378 5471 893 5543 repromissionem']
936 5471 1165 5543 Spiritus
1212 5475 1379 5526 sancti
1411 5490 1438 5525 a
1474 5472 1631 5526 Patre
1654 5514 1667 5528 .
1697 5512 1710 5525 .
1737 5510 1751 5525 .
1791 5473 1922 5525 Nam

375 5552 431 5594 et
454 5539 762 5594 Dominieus
790 5539 946 5595 homo
987 5542 1193 5610 accepit
1222 5543 1754 5597 communicationem
1800 5543 1923 5610 Spi-

378 5613 513 5664 ritus
555 5610 751 5674 sancti,
794 5613 934 5665 sicut
979 5610 1032 5663 itt
1077 5609 1379 5677 Evangeliis
1417 5612 1687 5667 scribitur.
1720 5651 1733 5664 .
1762 5650 1776 5663 .
1802 5609 1924 5664 ii.ec

377 5691 556 5733 autem
586 5681 787 5747 absque
835 5681 941 5733 ulla
984 5678 1248 5733 calumnia
1282 5681 1347 5732 de
1374 5680 1651 5735 Dominiro
1683 5683 1920 5741 homine,

374 5748 466 5818 Qui
494 5758 634 5805 totus
658 5751 922 5814 Christus,
955 5764 1092 5803 unus
1120 5760 1194 5801 est
1224 5747 1377 5805 Jesus
1413 5750 1577 5805 Filius
1602 5750 1691 5805 Dei
1728 5750 1923 5822 [codex

2076 3563 2189 3617 Οὐκ
2238 3562 2326 3616 ἀεὶ
2368 3560 2426 3615 δὲ
2468 3552 2548 3625 τὸ,
2588 3577 2609 3613 t
2655 3558 2915 3631 ἐποίησε,
2976 3578 2996 3612 ι
3039 3561 3240 3613 νοεῖται
3288 3559 3414 3613 ἀντὶ
3466 3558 3575 3621 τοῦ,

2019 3810 2159 3858 caret
2186 3800 2369 3866 verbis,
2395 3801 2486 3869 qui
2532 3810 2708 3865 totus,
2737 3809 2862 3864 etc.,
2912 3814 3074 3870 usque
3120 3796 3187 3850 ad
3234 3796 3412 3870 Filius
3439 3796 3579 3867 Dei],

2021 3887 2181 3926 sensu
2209 3865 2461 3924 debemus
2489 3871 2702 3940 pietatis
2731 3865 3009 3937 accipere,
3047 3883 3150 3922 non
3174 3865 3322 3940 quod
3363 3868 3504 3940 alter
3529 3865 3580 3921 et

2024 3941 2161 3995 aiter
2192 3940 2282 4002 sit,
2307 3941 2399 3995 sed
2428 3936 2568 4007 quod
2620 3941 2685 3993 de
2728 3936 2859 3992 uno
2883 3948 3044 4008 atque
3084 3936 3273 4008 eodem
3301 3937 3475 4008 quasi
3513 3940 3574 3987 de

2028 4011 2198 4064 altero
2248 4005 2539 4062 secundum
2583 4017 2828 4062 naturam
2875 4005 2967 4060 Dei
3017 4016 3071 4060 et
3117 4005 3347 4059 hominis
3398 4007 3579 4072 dispu-

2027 4090 2187 4135 tetur.
2219 4097 2237 4131 ι
2292 4077 2495 4133 Similia
2526 4078 2684 4133 habet
2717 4079 2768 4131 in
2804 4076 3242 4130 Enarrationibus
3272 4076 3328 4127 in
3366 4073 3394 4126 1
3430 4074 3576 4127 Petri

2024 4148 2309 4216 Epistulam
2352 4162 2470 4215 cap.
2507 4164 2566 4206 ιι.
2597 4156 2650 4201 et
2692 4149 2744 4200 in
2776 4145 2802 4198 Ι
2830 4145 3209 4216 Ιοαηηὲεειιρ.
3261 4159 3352 4216 tv._
3397 4142 3579 4216 Neque

2024 4213 2154 4272 vero
2179 4216 2380 4271 inutilis
2403 4213 2517 4270 erat
2544 4217 2752 4286 Didymi
2794 4224 3036 4286 tempore
3072 4215 3185 4268 inec
3213 4213 3414 4286 cautio.
3445 4213 3576 4286 biant

2025 4289 2198 4357 primo
2254 4288 2509 4355 Origenes
2581 4282 2921 4357 (accusatus
2974 4284 3152 4357 fuerat
3223 4285 3377 4351 quasi
3445 4282 3581 4357 duos

2024 4352 2270 4410 Christos
2333 4352 2537 4420 dicens,
2587 4368 2749 4409 unum
2800 4356 2962 4407 Deum
3021 4353 3273 4417 Verbum,
3322 4360 3378 4406 et
3418 4352 3577 4404 alium

2023 4425 2202 4479 .iesum
2230 4426 2523 4495 Christum,
2558 4426 2648 4495 qui
2684 4438 2748 4478 ex
2791 4422 2955 4495 Maria
3004 4433 3166 4495 natus
3205 4432 3309 4485 est,
3334 4439 3361 4495 χ
3408 4430 3468 4495 ut
3510 4423 3581 4473 ait

2026 4495 2332 4566 Pamphilus
2370 4490 2590 4566 Martyr'
2620 4493 2978 4566 inuApologia-
3017 4493 3273 4566 pro__i_pso
3317 4490 3575 4566 _0rig_ene.

2024 4559 2226 4620 Deinde
2270 4567 2404 4618 duos
2440 4577 2469 4615 a
2506 4559 2800 4617 'calitolicis
2839 4559 3048 4615 admitti
3092 4560 3259 4615 Filios
3311 4559 3582 4628 ﬁngebant

2022 4635 2438 4702 Apollinaristte,
2470 4633 2699 4702 alterum
2740 4633 3058 4702 naturalem,
3099 4629 3409 4702 adoptivum
3420 4629 3576 4702 _alte-

2024 4696 2167 4769 runt,
2210 4712 2270 4756 ut
2312 4696 2535 4756 testatur
2576 4701 2848 4768 Nyssenns
2900 4701 2949 4753 in
2990 4698 3269 4769 Opusculo
3301 4701 3371 4750 ad
3418 4696 3581 4749 Theo-

2022 4768 2243 4841 philum,
2291 4783 2422 4841 tom.
2471 4771 2534 4835 li,
2582 4786 2701 4840 pag.
2734 4769 2856 4841 694,
2908 4771 2993 4822 ubi
3039 4768 3231 4841 refellit
3260 4768 3403 4841 hanc
3432 4770 3577 4841 calu-

2026 4836 2244 4895 mniam.
2296 4840 2517 4894 Demum
2554 4836 2741 4905 synodi
2788 4839 3042 4892 Romanae
3080 4838 3267 4905 Patres
3296 4836 3578 4905 (Theodo-

2025 4922 2142 4966 rcto
2190 4921 2324 4966 teste
2360 4911 2452 4964 lib.
2504 4926 2533 4963 v
2572 4904 2713 4963 Hist.
2756 4912 2959 4968 ποίεε..
3000 4922 3118 4975 cap.
3171 4904 3273 4974 ii)
3308 4904 3577 4958 'canonem

2024 4981 2168 5036 hunc
2226 4982 2325 5034 sub
2396 4982 2623 5034 Damaso
2682 4979 3034 5031 condiderant
3080 4995 3165 5034 :_t
3204 4976 3579 5027 Anathetuatt-

2025 5065 2210 5105 zamus
2255 5065 2370 5115 eos,
2411 5051 2503 5118 qui
2537 5052 2669 5104 duos
2718 5047 2878 5100 Filios
2926 5056 3193 5121 asserunt,
3243 5053 3579 5121 unutnante

2024 5121 2238 5184 saecula,
2277 5130 2333 5175 et
2379 5116 2607 5174 alterum
2666 5124 2787 5186 post
2831 5116 3252 5184 assumptionem
3296 5116 3477 5167 carnis
3514 5126 3579 5165 ex

2026 5190 2262 5255 Virgine.
2297 5208 2315 5238 ι

2096 5253 2208 5324 (3i)
2245 5258 2472 5312 Christo.
2508 5256 2530 5310 Ι
2564 5255 2708 5311 Petr.
2745 5270 2818 5319 tv,
2847 5253 2897 5307 i.

2097 5264 2179 5324 (51
2245 5264 2472 5312 Christo.
2509 5264 2530 5310 ι
2564 5264 2708 5311 Petr.
2745 5270 2818 5319 tv,
2847 5264 2897 5307 1.
3565 5317 3579 5328 υ

2097 5264 2208 5398 (δέ
2249 5329 2527 5381 Occultans
2553 5328 2721 5394 potius
2742 5339 2900 5392 quam
2930 5324 3204 5398 ignorans.
3252 5338 3271 5398 ς
3299 5318 3433 5398 Νκειη)
3478 5328 3581 5372 etst

2026 5390 2319 5452 secundum
2352 5390 2594 5450 umbram
2631 5390 2864 5448 viverent
2891 5390 3160 5462 prophetae
3186 5391 3291 5455 (ait
3328 5390 3585 5458 Didymus

2027 5470 2103 5519 ad,
2154 5482 2296 5520 vers.
2353 5466 2386 5520 6
2441 5467 2625 5534 psalmi
2679 5466 2850 5531 xxxv)
2897 5466 3174 5515 veritatem
3243 5470 3422 5511 tamen
3477 5474 3583 5509 non

2026 5538 2363 5605 ignorabam,
2394 5540 2545 5602 cujus
2574 5551 2635 5586 ea
2666 5534 2960 5605 symbolum
2993 5541 3091 5583 est.
3124 5549 3142 5580 ι

2096 5606 2206 5674 (55)
2262 5597 2710 5674 Ειέοῃήοδοαηιξ
2755 5602 2893 5657 l’sai.
2948 5616 3106 5666 cvm,
3150 5614 3294 5654 vers.
3338 5597 3408 5652 9.6
3454 5599 3587 5668 (Seu

2092 5687 2205 5816 (’34)
2247 5744 2481 5798 Manum.
2532 5743 2658 5797 Vide
2686 5752 2796 5796 nul.
2848 5738 2937 5804 96,
2969 5755 3085 5810 pag.
3126 5739 3209 5791 15.
