3716 6318
300 336 402 392 817

1527 332 1757 388 DIDYMI
1795 332 2263 389 ALEXANDRINI

3446 342 3542 399 848

303 464 424 509 ctus
452 461 537 509 est
563 451 716 508 nobis
735 491 752 518 ,
781 466 880 507 nos
903 451 1175 518 hortatur,
1202 459 1261 505 ιιι
1292 451 1465 521 ipsum
1492 453 1817 521 excipiamus

2000 452 2104 505 ἐὸν
2141 453 2240 524 μὲν
2271 453 2363 506 καὶ
2400 452 2527 507 Υἱὸν
2556 452 2651 507 τοῦ
2684 454 2821 508 Θεοῦ
2855 454 3106 527 ἀληθινὸν
3126 457 3380 528 άνάρχως
3399 460 3541 525 ὄντα,

302 546 397 616 qui
431 546 762 615 estquidem
798 545 867 599 ab
894 555 1094 599 aeterno
1127 543 1300 609 Deus,
1335 552 1389 598 et
1417 541 1588 596 Filius
1637 542 1733 597 Dei
1776 556 1868 595 ve-

303 652 426 702 rus,
469 638 565 693 sed
620 645 747 692 tunc
787 645 1009 706 propter
1060 650 1157 691 nos
1190 635 1364 690 factus
1410 642 1529 689 erat
1574 632 1864 697 Pontifex;

302 730 555 801 quoniam
594 730 645 783 in
676 729 873 783 mundo
902 728 1015 798 (18)
1043 739 1191 791 erat,
1223 738 1276 781 et
1301 726 1534 780 mundus
1558 740 1654 794 per
1685 725 1858 792 ipsum

303 822 477 877 factus
502 833 619 886 est,
651 830 706 876 et
737 821 967 875 niuinius
994 837 1115 875 eum
1150 836 1254 873 non
1303 818 1549 887 cognovit
1571 856 1587 882 ,
1639 817 1852 870 increa-

305 921 414 967 tam
438 913 555 982 ejus
578 913 832 967 deitatem
864 911 1048 965 nolens
1080 924 1393 980 agnoscere.
1420 908 1593 963 Sensu
1617 907 1722 972 his,
1748 922 1865 973 quae.

302 1006 569 1068 diximus,
620 1014 985 1060 consentaneo
1019 1004 1280 1071 accipitur
1321 1003 1485 1057 etiam
1530 1002 1673 1071 quod
1723 1001 1865 1055 Pau-

300 1095 385 1151 lus
411 1097 478 1149 ad
508 1094 817 1147 Corinthios
846 1093 1091 1147 scribens
1120 1092 1230 1145 ait:
1254 1109 1273 1142 ι
1297 1090 1370 1145 Ex
1405 1091 1520 1162 ipso
1542 1090 1653 1161 (49)
1682 1103 1862 1145 autem

299 1200 394 1240 vos
444 1185 576 1239 estis
611 1184 662 1237 in
696 1184 911 1238 Christo
944 1181 1067 1237 Jeau
1091 1221 1106 1245 ,
1145 1181 1234 1251 qui
1274 1181 1445 1235 factus
1476 1190 1559 1235 est
1590 1180 1852 1247 sapientia

298 1277 451 1332 vobis
480 1275 592 1348 (50)
638 1292 667 1331 a
702 1277 807 1329 Deo
831 1314 848 1340 ,
880 1284 936 1330 et
967 1275 1173 1343 iustitia
1200 1314 1217 1340 ,
1254 1283 1310 1328 et
1356 1270 1722 1326 sanctificatio
1745 1309 1760 1334 ,
1808 1278 1863 1322 et

297 1368 592 1438 redemptio
617 1408 633 1434 ,
690 1380 781 1431 ut,
816 1367 1265 1437 quemadmodum
1301 1368 1561 1434 scriptum
1594 1371 1718 1417 est:
1755 1360 1857 1429 Qui

1970 545 2089 597 τότε
2116 545 2172 599 δὲ
2191 546 2269 601 δι’
2294 548 2441 614 ἡμᾶς
2475 546 2732 616 ἀρχιερέα
2762 547 3148 616 πεποιημένον,
3177 548 3363 618 ἐπειδὴ
3393 550 3451 600 ἐν
3470 550 3543 620 τῷ

1968 634 2159 703 κόσμῳ
2186 629 2275 703 ἦν,
2303 634 2397 686 καὶ
2428 636 2456 687 ὁ
2483 634 2686 705 κόσμος
2717 634 2784 688 δι’
2814 634 2980 688 αὐτοῦ
3010 634 3244 703 ἐγένετο,
3272 635 3371 689 καὶ
3399 638 3430 689 ὁ
3459 638 3545 690 κό-

1968 741 2103 793 σμος
2131 724 2289 777 αὐτὸν
2310 726 2407 778 οὐκ
2432 724 2591 793 ἔγνω,
2615 723 2946 796 άποδραμὼν
2972 724 3134 778 αὐτοῦ
3157 726 3257 795 τῆς
3286 726 3541 779 ἀκτίστου

1969 814 2241 885 θεότητος.
2287 817 2598 887 Ἑπομένως
2630 817 2914 889 θεωρεῖται
2956 820 3049 872 καὶ
3099 820 3133 889 ὴ
3176 820 3313 890 πρὸς
3350 821 3542 890 Κοριν-

1969 908 2113 972 θίους
2148 908 2357 963 Παύλου
2388 910 2570 980 φωνή”
2609 927 2629 960 ι
2671 909 2761 974 Ἐξ
2811 908 2975 963 αὑτοῦ
3028 909 3085 963 δὲ
3133 910 3290 981 ὑμεῖς
3323 911 3449 963 ἐστε
3487 914 3542 963 ὲν

1969 999 2190 1072 Χριστῷ
2232 1000 2426 1071 Ἰησοῦ,
2456 999 2514 1063 ὃς
2540 1000 2775 1071 ἐγενήθη
2823 1000 2985 1069 σοφία
3030 1002 3161 1072 ὑμῖν
3240 1001 3352 1056 άπὸ
3384 1001 3538 1064 Θεοῦ,

1966 1086 2276 1157 δικαιοσύνη
2333 1105 2393 1142 τε
2456 1089 2550 1143 καὶ
2604 1089 2905 1161 ἁγιασμὸς,
2959 1092 3053 1145 καὶ
3125 1090 3537 1162 ἀπολύτρωσις⁸

1967 1176 2073 1241 ἵνα,
2106 1176 2286 1241 καθὼς
2308 1179 2634 1249 γέγραπται,
2664 1181 2722 1233 '0
2750 1198 3101 1251 καυχωμενος
3131 1183 3188 1234 ἐν
3207 1182 3400 1253 Κυρίῳ
3420 1199 3540 1233 καυ-

1965 1268 2170 1339 χάσθω.
2212 1270 2368 1323 Κατὰ
2396 1270 2504 1342 γὰρ
2532 1271 2682 1335 Θεὸν,
2715 1273 2870 1341 φασὶ,
2905 1274 2997 1326 καὶ
3035 1274 3229 1341 ἁγαθοὶ
3258 1276 3354 1328 καὶ
3390 1276 3540 1344 σοφοί

1964 1363 2100 1415 εἰσιν
2131 1362 2432 1434 ἄνθρωπον
2474 1382 2493 1415 ι
2532 1364 2625 1417 καὶ
2650 1365 2716 1417 τὰ
2744 1365 2961 1418 ἐναντία
2992 1366 3229 1419 τούτων·

294 1464 572 1535 gloriatur,
605 1463 657 1515 in
708 1462 933 1516 Domino
982 1462 1256 1529 glorietur.
1289 1458 1467 1514 »Νιιιιι
1502 1475 1522 1511 ι
1585 1458 1877 1513 secundum
1918 1455 2122 1523 Deum,
2187 1478 2208 1511 ι
2240 1471 2297 1513 ιιι
2345 1460 2561 1529 quidam
2615 1464 2726 1527 ait,
2764 1479 2784 1512 ι
2847 1473 2903 1516 et
2954 1463 3113 1531 honi,
3160 1473 3215 1517 et
3268 1462 3537 1533 sapientes

292 1568 417 1614 sunt
448 1559 713 1637 homines.
743 1576 761 1608 ι
793 1557 854 1611 Ει
883 1572 914 1611 ε
938 1557 1208 1611 contrario
1236 1572 1251 1609 :

367 1652 507 1725 illam
542 1654 651 1725 (51)
680 1654 1003 1725 ingentiaiet
1030 1651 1360 1725 incommoda
1383 1666 1618 1725 corpora

361 1720 814 1793 Ruunt'grauibus
851 1723 1069 1791 inﬂictis
1101 1740 1131 1774 a
1168 1722 1271 1774 Deo
1307 1720 1723 1774 calamitatibus.

293 1815 756 1883 Quemadmodum
788 1815 931 1869 enim
967 1828 1088 1868 cum
1118 1830 1137 1863 ι
1170 1814 1379 1882 positus
1413 1822 1495 1865 est.
1528 1810 1641 1881 (5‘2)
1679 1819 1735 1863 ut
1763 1808 1855 1863 lux

292 1914 439 1960 esset
466 1906 737 1973 gentium,
770 1921 789 1955 ι
818 1901 1246 1958 substantialiter
1282 1911 1408 1955 tunc
1438 1900 1613 1955 factus
1638 1915 1742 1953 non
1773 1908 1856 1953 est

291 1994 419 2061 lux,
469 1998 563 2049 sed
616 1995 792 2048 lumen
840 2008 947 2061 quo
997 1993 1371 2048 illuminautur
1413 1990 1577 2063 359
1609 1991 1699 2059 qui
1730 2004 1854 2044 eum

289 2095 592 2155 agnoscunt
632 2085 701 2156 (ι
733 2083 863 2139 Erat
922 2084 1032 2154 (55)
1083 2102 1102 2135 ι
1131 2084 1309 2148 ειιίιιι,
1362 2083 1537 2152 inquit
1585 2082 1852 2149 Joannes,

296 2196 314 2229 ι
345 2178 429 2231 lux
472 2192 594 2232 vera
621 2215 637 2241 ,
686 2191 806 2246 quae
851 2176 1124 2231 illuminat
1168 2189 1381 2230 omnem
1435 2173 1706 2228 hominem
1763 2187 1854 2226 ve-

290 2268 524 2323 nientem
557 2268 607 2321 in
641 2266 894 2320 mundum
924 2265 970 2336 ι)
1002 2283 1016 2320 :
1048 2265 1121 2319 ita
1153 2265 1315 2319 etiam
1337 2303 1354 2332 ,
1401 2278 1521 2318 cum
1559 2274 1752 2316 natura
1790 2269 1847 2316 et

287 2361 355 2414 ab
401 2369 604 2413 aeterno
653 2368 794 2412 esset
838 2357 1128 2421 Dominus,
1177 2365 1301 2410 tunc
1333 2372 1352 2406 ι
1388 2370 1479 2409 rex
1528 2355 1852 2409 constitutus

284 2458 367 2502 est
389 2487 405 2511 ,
438 2466 458 2499 ι
485 2457 537 2503 ει
564 2466 582 2498 ι
616 2447 788 2501 factus
821 2446 919 2499 fuit
950 2445 1203 2499 Dominus
1225 2484 1238 2509 ,
1269 2463 1287 2496 ι
1317 2460 1438 2497 cum
1468 2443 1754 2512 discipuli,
1785 2451 1844 2496 ιιι

283 2539 544 2609 scriptum
576 2547 659 2594 est
681 2578 696 2602 ,
733 2539 873 2592 servi
904 2537 1014 2607 (54)
1049 2538 1165 2606 ejus
1200 2537 1325 2591 facti
1361 2546 1483 2589 sunt
1510 2553 1525 2602 ;
1558 2551 1681 2588 cum
1708 2542 1849 2603 Apo-

284 2630 454 2684 stolus
484 2631 695 2698 scripsit
724 2649 737 2684 :
770 2649 787 2681 ι
818 2628 1014 2684 Paulus
1041 2630 1154 2702 (55)
1181 2646 1371 2685 servus
1399 2627 1525 2683 Jesu
1556 2627 1756 2683 Christi
1784 2645 1798 2692 ;
1823 2646 1842 2679 ι

284 2737 514 2790 cumque
548 2737 735 2775 omnes
767 2737 888 2776 eum
920 2730 978 2775 ut
1012 2720 1298 2775 Dominum
1329 2730 1384 2774 et
1413 2718 1687 2775 Christum
1725 2717 1839 2790 (56)

283 2824 635 2884 agnoscentes
685 2806 981 2867 Christiani
1035 2812 1366 2867 denominati
1415 2826 1638 2875 sumus,
1701 2812 1847 2864 velut

284 2904 425 2958 servi
460 2904 748 2973 participes
782 2903 910 2956 lacti
944 2904 1176 2957 nominis
1206 2904 1390 2957 herilis
1418 2920 1433 2957 :
1468 2902 1608 2957 sicut
1639 2902 1835 2970 legitur

1883 1642 2111 1709 ΒΤὰ

2135 1641 2246 1713 γὰρ
2275 1642 2538 1710 περισσὰ
2567 1644 2869 1710 κάνόνητα
2890 1660 3138 1714 σωματα

2029 1713 2518 1782 Πίπτειβαρείαις
2540 1714 2689 1782 πρὸς
2720 1715 2868 1768 Θεοῦ
2898 1713 3321 1783 δυσπραξίαις.

1962 1806 2057 1857 “Ov
2080 1804 2278 1875 τρόπον
2321 1802 2429 1875 γὰρ
2454 1802 2631 1867 τεθεὶς
2668 1802 2784 1873 φῶς
2812 1798 2951 1858 εἷναι
2980 1804 3171 1870 ἐθνῶν,
3209 1807 3310 1859 οὑκ
3338 1806 3531 1859 οὐσιω-

1952 1894 2055 1959 δὼς
2079 1894 2297 1962 ἐγένετο
2326 1893 2445 1946 τότε
2470 1893 2606 1963 φῶς,
2626 1893 2739 1946 ἀλλ’
2771 1887 2816 1962 ᾧ
2841 1896 3163 1964 φωτίζονται
3195 1898 3245 1950 οἱ
3273 1898 3529 1966 ἐπιγινώ-

1955 2002 2173 2049 σκοντες
2195 1984 2358 2038 αὐτὸν
2385 1984 2403 2056 (
2431 2002 2450 2037 ι
2478 1980 2587 2039 Ἦν
2622 2004 2639 2038 ι
2674 1985 2803 2056 γὰρ,
2829 1987 3013 2057 φησὶν,
3047 2007 3065 2041 ι
3099 1988 3159 2042 τὸ
3189 1988 3304 2059 φῶς
3324 1990 3388 2043 τὸ
3404 1992 3531 2059 άλη-

1954 2073 2120 2137 θινὸν,
2150 2073 2179 2126 ὃ
2211 2072 2433 2143 φωτίζει
2474 2073 2649 2127 πάντα
2688 2073 2972 2146 ἄνθρωπον
2998 2078 3291 2148 ἐρχόμενον
3328 2080 3411 2144 είς
3440 2081 3530 2134 τὸν

1952 2164 2154 2235 κόσμον
2189 2162 2285 2234 ›)·
2334 2162 2477 2216 οὕτω
2514 2163 2609 2217 καὶ
2658 2182 2676 2214 ι
2720 2165 2970 2235 βασιλεὺς
3010 2169 3338 2241 κατεστάθη,
3387 2190 3406 2223 ι
3438 2173 3529 2224 καὶ

1956 2274 1974 2307 ι
1988 2255 2192 2326 Κύριος
2209 2255 2443 2323 ἐγένετο,
2459 2276 2477 2307 ι
2501 2255 2658 2324 φύσει
2673 2259 2766 2310 καὶ
2782 2259 3030 2330 ἀνάρχως
3041 2259 3115 2313 ὢν
3132 2262 3359 2333 Κύριος,
3374 2264 3460 2317 ὅτε
3480 2265 3526 2317 οἱ

1952 2347 2212 2418 μαθηταὶ,
2240 2347 2314 2411 ὡς
2351 2348 2681 2419 γέγραπται,
2711 2348 2884 2403 δοῦλοι
2906 2351 3071 2404 αὐτοῦ
3100 2353 3415 2421 γεγόνασιν·
3440 2356 3527 2409 ὅτε

1949 2440 1978 2491 ὁ
2022 2438 2338 2501 Ἀπόστολος
2389 2438 2709 2491 ἐπέστελλεν
2734 2456 2748 2469 ·
2806 2456 2827 2492 ι
2868 2440 3075 2505 Παῦλος
3113 2443 3297 2507 δοῦλος
3350 2446 3525 2515 Ἰησοῦ

1948 2530 2182 2602 Χριστοῦ
2206 2548 2218 2559 α
2252 2550 2269 2581 ι
2300 2531 2389 2583 ὅτε
2424 2532 2518 2584 καὶ
2554 2532 2775 2595 πάντες,
2798 2533 2896 2604 τὴν
2926 2535 3217 2606 κυριότητα
3244 2536 3409 2590 αὑτοῦ
3432 2540 3527 2590 καὶ

1949 2620 2271 2693 χριστότητα
2307 2620 2637 2689 ἐπιγνόντες,
2669 2623 2981 2693 Χριστιανοὶ
3006 2626 3420 2697 ἐπεκλήθημεν,
3449 2630 3525 2692 ὡς

1946 2712 2121 2765 δοῦλοι
2142 2712 2234 2766 τοῦ
2259 2713 2575 2768 δεσποτικοῦ
2608 2715 2725 2787 [171
2756 2714 2810 2786 a]
2843 2717 3102 2787 ὀνόματος
3125 2722 3485 2791 μετασχόντες
3508 2740 3523 2754 ·

1947 2804 2088 2856 καθὰ
2112 2803 2259 2872 λέγει
2288 2805 2343 2855 ἐν
2380 2804 2579 2876 Ἡσαΐᾳ
2599 2820 2610 2831 ·
2642 2824 2659 2855 ι
2691 2807 2815 2869 Τοῖς
2836 2807 2892 2859 δὲ
2918 2808 3253 2863 δουλεύουσίν
3276 2828 3365 2879 μοι
3395 2812 3531 2882 κλη-

1947 2895 2170 2966 θήσεται
2228 2894 2397 2963 ὄνομα
2450 2896 2657 2961 καινὸν,
2712 2897 2740 2950 ὂ
2784 2898 3205 2971 εῦλογηθήσεται
3268 2904 3363 2955 ἐπὶ
3424 2904 3527 2971 τῆς

285 2994 336 3047 in
366 2992 499 3048 Isaia
530 3012 542 3048 :
575 3012 593 3045 ι
630 2994 697 3047 lis
732 3006 858 3046 vero
899 2992 1043 3062 (57),
1090 2994 1179 3062 qui
1212 2993 1453 3047 serviunt
1482 2991 1648 3057 mihi,
1683 3007 1811 3045 voca

2000 2988 2065 3057 ξς.
2114 3004 2133 3039 ι
2194 2987 2330 3040 Κατ’
2373 2986 2472 3057 ἐμὲ
2520 2988 2577 3041 δὲ
2619 2987 2926 3060 ἰδικώτερον
2974 2990 3034 3044 τὸ
3087 2992 3194 3046 τῶν
3230 2993 3528 3063 όρθοὸόξων

282 3085 428 3138 bitur
454 3099 650 3139 nomen
684 3099 912 3151 novum,
943 3084 1084 3153 quod
1126 3083 1473 3138 benedicetur
1526 3084 1579 3137 in
1622 3093 1784 3137 terra.
1818 3103 1836 3135 ι

282 3176 399 3230 Meo
441 3185 621 3230 autem
669 3175 873 3244 judicio
924 3184 1163 3230 nostrum
1204 3175 1630 3229 orthodoxorum
1672 3191 1844 3244 genus

281 3266 628 3335 peculiariter
678 3266 1049 3334 praenuntiat:
1106 3266 1172 3319 de
1200 3280 1307 3333 quo
1357 3265 1554 3320 ibidem
1602 3265 1839 3320 dicitur:

286 3372 305 3406 ι
340 3354 403 3408 Hi
455 3366 576 3409 sunt
629 3355 741 3427 (58)
791 3369 973 3410 semen
1021 3355 1360 3409 benedictum
1417 3371 1448 3410 a
1502 3356 1647 3423 Deo;
1682 3376 1700 3407 ι
1739 3366 1838 3411 et:

284 3464 305 3498 ‹
341 3446 547 3501 Laetitia
596 3449 711 3518 (59)
764 3447 1090 3514 sempiterna
1150 3462 1314 3514 super
1360 3456 1519 3516 caput
1572 3462 1784 3502 eorum.
1816 3467 1835 3499 ι

279 3537 411 3592 Tale
441 3549 525 3592 est
556 3540 718 3593 etiam
752 3540 893 3607 quod
925 3538 976 3592 in
1008 3536 1251 3593 Canticis
1279 3538 1505 3608 legimus
1536 3555 1549 3591 :
1589 3556 1607 3589 ι
1651 3538 1838 3592 Ἐκλε-

275 3629 590 3703 λοχισμένος
620 3628 730 3700 (60)
764 3645 829 3684 ex
880 3630 1227 3700 niyriadibus,
1265 3647 1285 3682 ι
1317 3630 1368 3683 id
1424 3639 1537 3695 est,
1576 3631 1794 3684 selectae
1819 3646 1838 3684 :

277 3737 382 3774 non
413 3722 553 3789 quod
582 3720 652 3775 sit
675 3736 739 3775 ex
773 3721 955 3775 multis
983 3721 1108 3775 ﬁliis
1136 3736 1277 3775 unus
1301 3738 1319 3787 ;
1349 3723 1442 3775 sed
1470 3721 1596 3791 quia
1632 3722 1795 3777 David
1819 3763 1836 3789 ,

274 3822 366 3865 aut
412 3811 668 3882 Dcipara,
707 3826 773 3866 ex
818 3827 922 3882 qua
963 3819 1048 3866 est
1088 3812 1261 3880 quoad
1296 3825 1515 3865 carnem
1551 3810 1834 3877 Christus,

274 3916 383 3969 pne
410 3902 661 3957 omnibus
681 3902 850 3958 electa
882 3902 979 3957 fuit
1004 3904 1056 3956 in
1087 3902 1461 3958 lncarnatione
1492 3917 1508 3957 :
1538 3906 1837 3973 meritoque

275 4000 327 4041 et,
359 3990 412 4045 59
442 3990 557 4061 ipso
589 3991 690 4047 sibi
717 3993 1077 4061 complacuit,
1103 4001 1157 4047 et
1184 3992 1359 4047 dixit:
1393 4011 1411 4044 ι
1447 3992 1577 4059 Quis
1606 3993 1717 4063 (61)
1751 4008 1839 4048 as-

276 4082 598 4137 similabitur
633 4083 858 4138 Domino
893 4085 942 4137 in
979 4084 1104 4137 liliis
1138 4084 1229 4138 Dei
1258 4085 1281 4137 7
1326 4103 1344 4137 ι
1377 4096 1464 4138 aut
1502 4086 1668 4139 etiam
1700 4087 1835 4140 dici-

278 4178 364 4220 tur
392 4168 593 4221 electus
621 4177 677 4219 ut
710 4166 1029 4237 Unigenitus
1056 4168 1169 4240 (62)
1200 4184 1263 4223 ex
1292 4170 1545 4225 omnibus
1575 4171 1627 4225 in
1653 4170 1837 4226 lncar-

272 4257 487 4312 natione
517 4258 724 4327 peccati
753 4273 967 4326 expers.

339 4436 454 4506 (48)
492 4435 560 4506 In
595 4437 811 4494 mundo.
850 4436 1007 4493 Joan.
1042 4453 1081 4498 l.
1109 4438 1193 4493 10.

338 4505 453 4576 (19)
493 4505 578 4576 Ea:
605 4510 737 4575 ipso.
773 4507 791 4560 l
826 4510 951 4563 Cor.
982 4526 1022 4573 ι,
1045 4509 1135 4575 '50,
1163 4508 1253 4563 5i.

344 4574 459 4648 (50)
504 4574 677 4648 Vobis.
708 4576 895 4633 Graeca
926 4574 1292 4648 ειΙὶιίο,⁷ήμῖν,
1340 4579 1392 4632 id
1427 4588 1509 4633 est
1553 4597 1572 4630 ι
1599 4578 1778 4632 nobis.
1813 4597 1834 4630 ι

338 4644 452 4716 (51)
510 4644 672 4720 Nam.
741 4648 923 4703 Codex
955 4644 1261 4720 _mendose,
1318 4649 1387 4701 τὰ
1441 4649 1550 4720 γὰρ
1603 4649 1839 4719 περισσὰ

265 4716 559 4787 καννοητά.
616 4717 752 4772 Sunt
800 4719 904 4773 duo
948 4717 1230 4786 Sophoclis
1280 4716 1465 4772 versus
1503 4716 1565 4771 ex
1626 4738 1643 4770 ι
1676 4716 1839 4784 Ajaee

267 4786 380 4839 lora
423 4786 663 4854 gestante
697 4807 715 4839 ι
757 4789 860 4842 Ιιιιε
895 4788 1159 4848 translati,
1192 4787 1458 4842 nonnullis
1496 4789 1837 4843 commutatis

266 4856 449 4911 verbis
475 4874 492 4924 ;
519 4859 598 4912 sic
629 4859 772 4912 enim
816 4859 1066 4927 leguntur
1092 4858 1143 4911 in
1173 4856 1439 4925 Sophocle
1466 4876 1481 4913 :

474 4949 555 5001 Τὰ
574 4948 681 5020 γὰρ
706 4948 935 5020 περισσά
965 4948 1231 5020 κάνόνητα
1264 4948 1488 5019 σώματα

470 5019 699 5091 Πίπτειν
723 5019 965 5090 βαρείαις
999 5019 1133 5090 πρὸς
1166 5019 1302 5072 θεῶν
1326 5019 1682 5091 δυσπραξίαις

474 5090 702 5159 ’Έφασχ’
731 5091 759 5141 ὀ
795 5091 1003 5159 μάντις.

333 5198 447 5270 (52)
474 5197 702 5270 ΔΡοιὲιιιιι
732 5208 826 5253 est.
873 5198 947 5270 Ex
986 5201 1107 5254 Act.
1154 5214 1274 5265 xm,
1317 5199 1407 5265 47,
1447 5201 1535 5256 ubi
1583 5200 1821 5270 legitur:

260 5266 494 5348 Τέθεικά
518 5285 576 5321 σε
608 5271 687 5330 εἰς
714 5270 827 5338 φῶς
861 5269 1053 5334 ἐθνῶν,
1081 5270 1133 5323 id
1157 5281 1239 5323 est
1270 5290 1288 5322 ι
1318 5272 1469 5338 posui
1498 5280 1549 5327 te
1574 5266 1831 5328 inducent

293 5349 513 5393 6111111111.
547 5357 566 5391 ι

259 5356 513 5407 genuum.
547 5357 566 5391 ι

330 5407 443 5478 (55)
482 5405 635 5462 Erat.
669 5406 902 5478 Joantt,
934 5423 982 5464 δ.

330 5476 442 5545 (54⁷)
484 5478 649 5532 Servi.
676 5478 809 5531 Vide
836 5476 967 5532 an.
998 5494 1128 5547 χιιι,
1154 5479 1238 5546 10,
1262 5479 1487 5537 etJoan.
1518 5496 1639 5545 xm,
1672 5481 1761 5535 16.

326 5549 438 5616 (55)
480 5547 699 5602 Paulus.
743 5547 899 5602 Rom.
940 5564 976 5610 ι,
1008 5550 1059 5603 1.

324 5617 437 5691 (hij)
488 5617 552 5691 Et
614 5617 899 5691 Christum.
965 5620 1018 5671 ln
1071 5618 1259 5673 Graeco
1303 5638 1316 5673 :
1361 5619 1474 5691 Τὴν
1540 5620 1833 5691 κυριότητα

254 5686 414 5739 αὐτοῦ
452 5688 545 5740 καὶ
585 5688 930 5757 χριστότητα,
975 5691 1022 5741 id
1050 5700 1131 5743 est
1172 5708 1191 5739 ι
1215 5691 1380 5757 ipsius
1423 5686 1830 5744 Douiineiwem

256 5765 347 5823 (ιιι
388 5757 464 5810 sic.
514 5760 738 5812 lnirharc
786 5769 1022 5825 vertant)
1089 5770 1141 5813 et
1195 5760 1612 5815 Clit‘istcitatctn.
1646 5779 1667 5812 ι
1724 5759 1831 5816 Νεε

1944 3081 2099 3150 ἡμῶν
2155 3078 2311 3150 γένος
2366 3080 2719 3152 προφητεύει,
2779 3083 2906 3154 περὶ
2945 3078 3006 3138 οὗ
3055 3085 3083 3138 ὁ
3131 3085 3293 3150 αὐτὸς
3330 3082 3520 3140 εἶπενο

1948 3188 1967 3220 ι
2006 3161 2164 3222 Οὗτοί
2198 3170 2334 3222 εἰσιν
2370 3169 2589 3240 σπέρμα
2615 3171 2975 3242 εῦλογημένον
3002 3173 3105 3226 ὑπὸ
3133 3174 3266 3227 Θεοῦ
3291 3192 3304 3206 °
3344 3195 3365 3227 ι
3404 3177 3520 3242 καὶ,

1947 3279 1965 3310 ι
2001 3260 2319 3332 Εὐφροσύνη
2348 3261 2564 3325 αἰώνιος
2595 3263 2733 3334 ὑπὲρ
2767 3265 3005 3336 κεφαλῆς
3033 3267 3230 3321 αὐτῶν.
3274 3287 3294 3321 ι
3329 3270 3523 3323 Τοιοῦ-

1939 3352 2029 3405 τόν
2065 3354 2179 3405 ἐστι
2210 3352 2303 3405 καὶ
2333 3352 2393 3405 τὸ
2438 3355 2495 3407 ἐν
2523 3356 2633 3416 τοῖς
2662 3354 2905 3426 ’ᾼσμασι
2941 3357 3193 3427 κείμενον
3215 3374 3229 3388 '
3268 3376 3288 3411 ι
3333 3361 3521 3414 Ἐκλε-

1939 3443 2253 3514 λοχισμένος
2284 3444 2393 3497 άπὸ
2417 3446 2692 3516 μυριάδων
2712 3464 2727 3478 θ
2766 3467 2786 3500 ι
2815 3447 2956 3501 τοῦτ’
2998 3448 3163 3516 ἐστιν,
3192 3451 3519 3521 ἐκλελεγμέν-

1940 3555 2052 3601 νος,
2076 3538 2173 3608 οὐχ
2202 3537 2275 3601 ὡς
2301 3540 2365 3591 ἐκ
2392 3538 2598 3591 πολλῶν
2625 3540 2756 3593 υίῶν
2790 3541 2968 3611 μόνος,
2987 3542 3099 3596 ἀλλ’
3112 3544 3296 3615 ἐπειδὴ
3330 3546 3516 3609 Δαυῖδ,

1938 3630 2054 3700 ἦτοι
2085 3630 2119 3700 ἡ
2170 3630 2450 3694 Θεοτόκος,
2485 3629 2544 3694 ἐξ
2572 3624 2640 3701 ἧς
2676 3631 2736 3684 τὸ
2777 3632 2915 3685 κατὰ
2954 3634 3129 3703 σάρκα
3174 3637 3409 3706 Χριστὸς
3454 3639 3518 3690 ἐκ

1937 3722 2155 3774 πάντων
2213 3722 2292 3786 εἰς
2356 3722 2454 3793 τὴν
2516 3724 2831 3794 οἰκονομίαν
2886 3725 3154 3797 ἐπελέγη·
3220 3727 3315 3779 καὶ
3375 3730 3521 3781 εἰκό-

1934 3830 2042 3876 τως
2073 3812 2164 3865 καλ.
2201 3814 2259 3865 ἐν
2286 3813 2435 3882 αὐτῷ
2479 3814 2759 3886 εὐδόκησε,
2794 3817 2889 3869 καὶ
2929 3817 3077 3886 λέγει
3099 3831 3114 3845 ·
3147 3836 3167 3868 ι
3198 3820 3295 3882 Τίς
3317 3822 3519 3890 ὁμοιω-

1937 3903 2159 3973 θήσεται
2198 3903 2275 3974 τῷ
2316 3904 2503 3976 Κυρίῳ
2532 3906 2589 3957 ἐν
2614 3907 2749 3969 υἱοῖς
2775 3906 2937 3971 Θεοῦ;
2976 3927 2993 3958 ι
3022 3908 3053 3978 ἢ
3088 3908 3180 3961 καὶ
3207 3911 3513 3977 ἐπίλεκτος,

1934 3992 2009 4054 ὡς
2037 3994 2366 4064 Μονογενὴς,
2409 3996 2473 4047 ἐκ
2503 3996 2738 4060 πάντων,
2776 3997 2833 4049 ἐν
2872 4001 2938 4069 τῇ
2980 3999 3389 4072 ἐνανθρωπήσει
3419 4004 3517 4056 ἁν-

1934 4083 2267 4153 αμάρτητος.

1865 4443 1910 4497 Ι)
1938 4442 2400 4530 ειιίρξιεςειιθιιιιι
2432 4454 2563 4514 puto
2606 4449 2968 4530 χρηστότητα,
3013 4468 3111 4530 pro
3153 4458 3506 4530 χριστὸτητα,

1938 4514 2036 4592 etsi
2060 4514 2200 4592 binae
2226 4514 2343 4568 ista:
2369 4530 2528 4592 voces
2579 4514 2815 4588 χρηστός
2843 4514 2897 4574 et
2925 4514 3282 4592 χριστόςῚὶοη
3316 4543 3374 4579 ra
3387 4514 3443 4579 ἓν
3478 4514 3503 4583 ξ1

1942 4584 2226 4654 veteribus
2252 4584 2796 4649 auctoribus,'nedum
2831 4584 3065 4645 librariis
3098 4584 3235 4648 inter
3256 4611 3316 4649 se
3340 4601 3507 4654 veluti

1938 4652 2604 4726 confusa:_l'ue_rint.pLege
2650 4657 2983 4713 Lactantium
3029 4661 3204 4717 Dicin.
3238 4667 3363 4722 inst.
3410 4652 3504 4723 liti;

1939 4736 2154 4801 tiu-cap.
2179 4722 2234 4801 :7,
2258 4721 2660 4801 (Tertulliannm
2698 4729 3038 4799 Apologelic.,
3088 4751 3205 4801 cap.
3238 4735 3293 4795 5,
3324 4721 3505 4790 Theo;

1938 4791 2137 4871 philum
2166 4793 2577 4871 Antiochensem
2599 4791 2751 4871 ιίιιεῄιι⁷
2770 4802 2837 4871 ad
2864 4791 3201 4871 Rata/ymo},
3229 4791 3505 4863 JuSIinn-n

1936 4860 2154 4927 Apolog.
2213 4876 2262 4939 ι..
2297 4864 2520 4939 βεψόῦ
2552 4868 2637 4920 ed.
2662 4866 2849 4939 Paris.
2896 4860 3051 4925 anniv
3079 4860 3237 4939 ηιξ,
3283 4888 3333 4929 ει
3382 4860 3506 4931 (ζιελ

1939 4939 2169 5014 Ilnen‘tent
2200 4930 2912 5014 Alegtandrinuni‘Protrepl.
2950 4958 3068 5011 pag.
3122 4944 3189 4999 7i
3224 4930 3285 4999 ει
3313 4930 3409 5014 76,
3441 4930 3505 5005 ac

1939 4996 2221 5071 owlggog.
2255 5001 2345 5053 lib.
2382 5018 2421 5064 t,
2450 5018 2567 5071 cap.
2602 5006 2655 5057 6.

2006 5067 2120 5137 (57)
2160 5067 2233 5121 lis
2264 5087 2399 5124 vero.
2436 5067 2535 5126 lsa.
2568 5090 2691 5137 va,
2730 5076 2796 5131 15
2823 5089 2876 5133 ει
2905 5080 2990 5135 16.

2006 5136 2116 5206 (58)
2157 5137 2230 5190 Hi
2263 5151 2407 5193 sunt.
2443 5143 2541 5197 lsa.
2572 5160 2681 5206 ut,
2710 5147 2761 5199 9.

2156 5206 2385 5285 Ewtilia.
2422 5209 2526 5265 La.
2557 5232 2666 5276 ut.
2703 5216 2732 5266 7
2765 5227 2815 5271 et
2844 5236 3005 5285 xxxv,
3039 5221 3123 5275 10.

1997 5276 2114 5359 (66)
2156 5279 2701 5362 Ὲκνιελοχισμένος.
2733 5287 2888 5342 Cant.
2914 5306 2964 5354 ν,
2992 5276 3079 5346 il.
3100 5292 3290 5349 Graeca
3318 5301 3481 5352 editio

1933 5340 2432 5418 ὲκλξλδγισμένοςοη
2500 5340 2517 5352 ’
2660 5340 2677 5352 ’
2814 5340 2838 5341 "
2858 5340 2885 5342 "
2950 5340 2964 5354 ν
3000 5340 3079 5346 --ν
3108 5340 3290 5349 νν-υν-
3319 5340 3500 5363 υ...,..,,

2003 5417 2113 5486 (61)
2158 5417 2306 5487 Quis.
2342 5418 2481 5473 Psal.
2524 5439 2787 5487 Lxxxvnt,
2828 5427 2876 5481 7.

2004 5487 2114 5571 (ϐξ.)
2154 5486 2497 5571 ιίῖιξεμυιιιιιρ.¹
2525 5493 2578 5543 Ιιι
2611 5486 2819 5560 Ονωυο,
2869 5499 3197 5571 Μονογενης.
3241 5506 3375 5570 Qum
3403 5523 3495 5558 νοτ

1931 5565 2026 5610 aut
2075 5558 2148 5608 ita
2200 5558 2293 5636 hic.
2333 5562 2611 5636 accipitur,
2672 5558 2894 5636 utpag.
2931 5558 3054 5633 519,
3112 5558 3201 5625 tibi
3252 5558 3501 5629 ῖᾴιιτιμιυς

1933 5635 2153 5710 uocatur
2176 5644 2226 5707 ,ι
2256 5626 2567 5710 ρηίεειιῖιιιε
2612 5626 2800 5710 omnis
2838 5626 3118 5703 creaturae,
3154 5660 3173 5692 ι
3234 5626 3500 5710 quatenus

1932 5696 2188 5776 singulari
2223 5697 2378 5776 pla-ne
2406 5704 2561 5753 modo
2587 5719 2647 5776 ei:
2676 5703 2836 5776 Maria
2867 5710 3075 5775 genitus
3096 5696 3213 5776 est;
3242 5696 3334 5766 aut
3364 5696 3498 5767 idem

1937 5767 2073 5818 \‘alct
2129 5783 2191 5819 ac
2249 5768 2405 5836 μόνος
2450 5772 2746 5843 γεννηθείς.
2801 5767 2983 5833 ἱιινεδι
3042 5767 3227 5838 «solue
3290 5790 3499 5855 genitus
