  <div class='ocr_page' id='page_1' title='image "/cluster/home/n/w/nwhite01/storage/ocr_20150623/39/hvd.32044019207778/432.png"; bbox 0 0 3740 6348; ppageno 0'>
   <div class='ocr_carea' id='block_1_1' title="bbox 195 316 294 359">
    <p class='ocr_par' dir='ltr' id='par_1_1' title="bbox 195 316 294 359">
     <span class='ocr_line' id='line_1_1' title="bbox 195 316 294 359; baseline 0 0"><span class='ocrx_word' id='word_1_1' title='bbox 195 316 294 359; x_wconf 68' lang='grc' dir='ltr'><strong>Μῖι</strong></span> 
     </span>
    </p>
   </div>
   <div class='ocr_carea' id='block_1_2' title="bbox 848 424 1106 480">
    <p class='ocr_par' dir='ltr' id='par_1_2' title="bbox 848 424 1106 480">
     <span class='ocr_line' id='line_1_2' title="bbox 848 424 1106 480; baseline 0.019 -5"><span class='ocrx_word' id='word_1_2' title='bbox 848 424 1004 476; x_wconf 80' lang='grc' dir='ltr'><strong>ΚΕΦ.</strong></span> <span class='ocrx_word' id='word_1_3' title='bbox 1035 426 1106 480; x_wconf 89' lang='grc' dir='ltr'><strong>Ζ’.</strong></span> 
     </span>
    </p>
   </div>
   <div class='ocr_carea' id='block_1_3' title="bbox 274 510 1758 592">
    <p class='ocr_par' dir='ltr' id='par_1_3' title="bbox 274 510 1758 592">
     <span class='ocr_line' id='line_1_3' title="bbox 274 510 1758 592; baseline 0.009 -31"><span class='ocrx_word' id='word_1_4' title='bbox 274 510 361 561; x_wconf 83' lang='grc' dir='ltr'>Ἐκ</span> <span class='ocrx_word' id='word_1_5' title='bbox 392 510 740 582; x_wconf 68' lang='grc' dir='ltr'><strong>βλασφημίας</strong></span> <span class='ocrx_word' id='word_1_6' title='bbox 766 515 844 576; x_wconf 81' lang='grc' dir='ltr'><strong>είς</strong></span> <span class='ocrx_word' id='word_1_7' title='bbox 879 516 1223 588; x_wconf 72' lang='grc' dir='ltr'><strong>βλασφημίαν</strong></span> <span class='ocrx_word' id='word_1_8' title='bbox 1266 520 1452 583; x_wconf 61' lang='grc' dir='ltr'>εόντες,</span> <span class='ocrx_word' id='word_1_9' title='bbox 1483 523 1758 592; x_wconf 75' lang='grc' dir='ltr'>προΐσχον-</span> 
     </span>
    </p>
   </div>
   <div class='ocr_carea' id='block_1_4' title="bbox 195 601 1761 681">
    <p class='ocr_par' dir='ltr' id='par_1_4' title="bbox 195 601 1761 681">
     <span class='ocr_line' id='line_1_4' title="bbox 195 601 1761 681; baseline 0.01 -28"><span class='ocrx_word' id='word_1_10' title='bbox 195 619 277 654; x_wconf 87' lang='grc' dir='ltr'><strong>ται</strong></span> <span class='ocrx_word' id='word_1_11' title='bbox 305 601 463 665; x_wconf 76' lang='grc' dir='ltr'>εὐθὺς</span> <span class='ocrx_word' id='word_1_12' title='bbox 506 604 646 672; x_wconf 80' lang='grc' dir='ltr'>μετὰ</span> <span class='ocrx_word' id='word_1_13' title='bbox 680 605 748 657; x_wconf 77' lang='grc' dir='ltr'>τὰ</span> <span class='ocrx_word' id='word_1_14' title='bbox 779 606 1109 678; x_wconf 80' lang='grc' dir='ltr'>προκείμενα</span> <span class='ocrx_word' id='word_1_15' title='bbox 1137 609 1197 661; x_wconf 83' lang='grc' dir='ltr'>τὸ</span> <span class='ocrx_word' id='word_1_16' title='bbox 1223 612 1371 681; x_wconf 83' lang='grc' dir='ltr'>παρὰ</span> <span class='ocrx_word' id='word_1_17' title='bbox 1404 613 1615 666; x_wconf 85' lang='grc' dir='ltr'>Παύλου</span> <span class='ocrx_word' id='word_1_18' title='bbox 1644 615 1761 667; x_wconf 77' lang='grc' dir='ltr'>θεοο</span> 
     </span>
    </p>
   </div>
   <div class='ocr_carea' id='block_1_5' title="bbox 195 689 1759 770">
    <p class='ocr_par' dir='ltr' id='par_1_5' title="bbox 195 689 1759 770">
     <span class='ocr_line' id='line_1_5' title="bbox 195 689 1759 770; baseline 0.01 -29"><span class='ocrx_word' id='word_1_19' title='bbox 195 689 414 758; x_wconf 77' lang='grc' dir='ltr'><strong>λογικῶς</strong></span> <span class='ocrx_word' id='word_1_20' title='bbox 435 693 752 763; x_wconf 75' lang='grc' dir='ltr'>εἰρημένονο</span> <span class='ocrx_word' id='word_1_21' title='bbox 790 713 807 745; x_wconf 79' lang='grc' dir='ltr'><strong>ι</strong></span> <span class='ocrx_word' id='word_1_22' title='bbox 837 696 1068 764; x_wconf 84' lang='grc' dir='ltr'>Χριστὸν</span> <span class='ocrx_word' id='word_1_23' title='bbox 1092 698 1225 751; x_wconf 85' lang='grc' dir='ltr'>Θεοῦ</span> <span class='ocrx_word' id='word_1_24' title='bbox 1254 699 1482 770; x_wconf 82' lang='grc' dir='ltr'>δύναμιν</span> <span class='ocrx_word' id='word_1_25' title='bbox 1505 703 1598 755; x_wconf 77' lang='grc' dir='ltr'>καὶ</span> <span class='ocrx_word' id='word_1_26' title='bbox 1626 702 1759 756; x_wconf 85' lang='grc' dir='ltr'>Θεοῦ</span> 
     </span>
    </p>
   </div>
   <div class='ocr_carea' id='block_1_6' title="bbox 196 780 1760 858">
    <p class='ocr_par' dir='ltr' id='par_1_6' title="bbox 196 780 1760 858">
     <span class='ocr_line' id='line_1_6' title="bbox 196 780 1760 858; baseline 0.007 -26"><span class='ocrx_word' id='word_1_27' title='bbox 196 780 401 849; x_wconf 61' lang='grc' dir='ltr'>σοφίαν</span> <span class='ocrx_word' id='word_1_28' title='bbox 444 800 464 831; x_wconf 73' lang='grc' dir='ltr'><strong>ι</strong></span> <span class='ocrx_word' id='word_1_29' title='bbox 510 781 651 835; x_wconf 85' lang='grc' dir='ltr'>κατὰ</span> <span class='ocrx_word' id='word_1_30' title='bbox 695 783 756 835; x_wconf 80' lang='grc' dir='ltr'><strong>τὸ</strong></span> <span class='ocrx_word' id='word_1_31' title='bbox 793 785 942 852; x_wconf 77' lang='grc' dir='ltr'>σφίσι</span> <span class='ocrx_word' id='word_1_32' title='bbox 972 783 1159 838; x_wconf 80' lang='grc' dir='ltr'><strong>δοκοῦν</strong></span> <span class='ocrx_word' id='word_1_33' title='bbox 1196 788 1587 858; x_wconf 78' lang='grc' dir='ltr'><strong>ἑρμηνεύοντες</strong></span> <span class='ocrx_word' id='word_1_34' title='bbox 1636 791 1760 843; x_wconf 85' lang='grc' dir='ltr'>συλ-</span> 
     </span>
    </p>
   </div>
   <div class='ocr_carea' id='block_1_7' title="bbox 194 872 1758 950">
    <p class='ocr_par' dir='ltr' id='par_1_7' title="bbox 194 872 1758 950">
     <span class='ocr_line' id='line_1_7' title="bbox 194 872 1758 950; baseline 0.008 -28"><span class='ocrx_word' id='word_1_35' title='bbox 194 872 531 938; x_wconf 72' lang='grc' dir='ltr'>λογιστικῶςο</span> <span class='ocrx_word' id='word_1_36' title='bbox 565 874 645 925; x_wconf 80' lang='grc' dir='ltr'>ὅτι</span> <span class='ocrx_word' id='word_1_37' title='bbox 670 876 703 946; x_wconf 86' lang='grc' dir='ltr'><strong>ή</strong></span> <span class='ocrx_word' id='word_1_38' title='bbox 733 875 911 927; x_wconf 78' lang='grc' dir='ltr'>τοιάδε</span> <span class='ocrx_word' id='word_1_39' title='bbox 932 876 1081 941; x_wconf 80' lang='grc' dir='ltr'><strong>θέσις</strong></span> <span class='ocrx_word' id='word_1_40' title='bbox 1105 877 1257 947; x_wconf 82' lang='grc' dir='ltr'>δηλοῖ</span> <span class='ocrx_word' id='word_1_41' title='bbox 1281 878 1507 950; x_wconf 80' lang='grc' dir='ltr'>δυνάμει</span> <span class='ocrx_word' id='word_1_42' title='bbox 1546 881 1638 934; x_wconf 72' lang='grc' dir='ltr'><strong>καὶ</strong></span> <span class='ocrx_word' id='word_1_43' title='bbox 1668 898 1758 933; x_wconf 88' lang='grc' dir='ltr'>σο-</span> 
     </span>
    </p>
   </div>
   <div class='ocr_carea' id='block_1_8' title="bbox 195 962 1756 1044">
    <p class='ocr_par' dir='ltr' id='par_1_8' title="bbox 195 962 1756 1044">
     <span class='ocr_line' id='line_1_8' title="bbox 195 962 1756 1044; baseline 0.008 -31"><span class='ocrx_word' id='word_1_44' title='bbox 195 962 281 1033; x_wconf 57' lang='lat' dir='ltr'><strong>ei;</strong></span> <span class='ocrx_word' id='word_1_45' title='bbox 305 962 393 1015; x_wconf 87' lang='grc' dir='ltr'><strong>τοῦ</strong></span> <span class='ocrx_word' id='word_1_46' title='bbox 420 963 560 1015; x_wconf 81' lang='grc' dir='ltr'>Θεοῦ</span> <span class='ocrx_word' id='word_1_47' title='bbox 594 965 838 1017; x_wconf 79' lang='grc' dir='ltr'>ἐκτίσθαι</span> <span class='ocrx_word' id='word_1_48' title='bbox 868 967 1047 1021; x_wconf 76' lang='grc' dir='ltr'>αὐτόν.</span> <span class='ocrx_word' id='word_1_49' title='bbox 1076 969 1183 1021; x_wconf 76' lang='grc' dir='ltr'>Καὶ</span> <span class='ocrx_word' id='word_1_50' title='bbox 1206 972 1238 1040; x_wconf 82' lang='grc' dir='ltr'>ἡ</span> <span class='ocrx_word' id='word_1_51' title='bbox 1272 971 1472 1042; x_wconf 81' lang='grc' dir='ltr'><strong>φράσις</strong></span> <span class='ocrx_word' id='word_1_52' title='bbox 1497 972 1574 1035; x_wconf 86' lang='grc' dir='ltr'><strong>δὲ,</strong></span> <span class='ocrx_word' id='word_1_53' title='bbox 1602 973 1695 1027; x_wconf 80' lang='grc' dir='ltr'><strong>καὶ</strong></span> <span class='ocrx_word' id='word_1_54' title='bbox 1723 976 1756 1044; x_wconf 84' lang='grc' dir='ltr'>ἡ</span> 
     </span>
    </p>
   </div>
   <div class='ocr_carea' id='block_1_9' title="bbox 192 1051 1759 1128">
    <p class='ocr_par' dir='ltr' id='par_1_9' title="bbox 192 1051 1759 1128">
     <span class='ocr_line' id='line_1_9' title="bbox 192 1051 1759 1128; baseline 0.008 -23"><span class='ocrx_word' id='word_1_55' title='bbox 192 1051 383 1105; x_wconf 82' lang='grc' dir='ltr'>διάνοια</span> <span class='ocrx_word' id='word_1_56' title='bbox 421 1054 523 1125; x_wconf 83' lang='grc' dir='ltr'><strong>τὴν</strong></span> <span class='ocrx_word' id='word_1_57' title='bbox 569 1056 978 1128; x_wconf 82' lang='grc' dir='ltr'>ὲνανθρὼπησιν</span> <span class='ocrx_word' id='word_1_58' title='bbox 1024 1059 1188 1112; x_wconf 78' lang='grc' dir='ltr'>αὐτοῦ</span> <span class='ocrx_word' id='word_1_59' title='bbox 1233 1062 1628 1121; x_wconf 82' lang='grc' dir='ltr'>ὑποδείκνυσιν.</span> <span class='ocrx_word' id='word_1_60' title='bbox 1671 1066 1759 1119; x_wconf 85' lang='grc' dir='ltr'>Ἐν</span> 
     </span>
    </p>
   </div>
   <div class='ocr_carea' id='block_1_10' title="bbox 192 1144 1759 1226">
    <p class='ocr_par' dir='ltr' id='par_1_10' title="bbox 192 1144 1759 1226">
     <span class='ocr_line' id='line_1_10' title="bbox 192 1144 1759 1226; baseline 0.008 -31"><span class='ocrx_word' id='word_1_61' title='bbox 192 1144 313 1214; x_wconf 71' lang='grc' dir='ltr'>αὐτῇ</span> <span class='ocrx_word' id='word_1_62' title='bbox 352 1146 478 1215; x_wconf 73' lang='grc' dir='ltr'>γὰρ,</span> <span class='ocrx_word' id='word_1_63' title='bbox 513 1147 670 1216; x_wconf 73' lang='grc' dir='ltr'>φησὶ,</span> <span class='ocrx_word' id='word_1_64' title='bbox 714 1148 950 1219; x_wconf 83' lang='grc' dir='ltr'>Χριστὸς</span> <span class='ocrx_word' id='word_1_65' title='bbox 983 1149 1296 1223; x_wconf 87' lang='grc' dir='ltr'>ὠνομάσθη,</span> <span class='ocrx_word' id='word_1_66' title='bbox 1326 1153 1447 1207; x_wconf 75' lang='grc' dir='ltr'>καθ’</span> <span class='ocrx_word' id='word_1_67' title='bbox 1466 1154 1759 1226; x_wconf 84' lang='grc' dir='ltr'>ὁμοιότητα</span> 
     </span>
    </p>
   </div>
   <div class='ocr_carea' id='block_1_11' title="bbox 192 1233 1759 1311">
    <p class='ocr_par' dir='ltr' id='par_1_11' title="bbox 192 1233 1759 1311">
     <span class='ocr_line' id='line_1_11' title="bbox 192 1233 1759 1311; baseline 0.005 -22"><span class='ocrx_word' id='word_1_68' title='bbox 192 1236 290 1289; x_wconf 82' lang='grc' dir='ltr'><strong>τῶν</strong></span> <span class='ocrx_word' id='word_1_69' title='bbox 333 1238 436 1307; x_wconf 80' lang='grc' dir='ltr'><strong>πρὸ</strong></span> <span class='ocrx_word' id='word_1_70' title='bbox 481 1238 652 1292; x_wconf 81' lang='grc' dir='ltr'>αὐτοῦ</span> <span class='ocrx_word' id='word_1_71' title='bbox 703 1240 1007 1309; x_wconf 80' lang='grc' dir='ltr'>κληθέντων</span> <span class='ocrx_word' id='word_1_72' title='bbox 1066 1243 1322 1311; x_wconf 85' lang='grc' dir='ltr'>χριστῶν.</span> <span class='ocrx_word' id='word_1_73' title='bbox 1358 1245 1421 1297; x_wconf 85' lang='lat' dir='ltr'><strong>El</strong></span> <span class='ocrx_word' id='word_1_74' title='bbox 1460 1244 1517 1298; x_wconf 82' lang='grc' dir='ltr'><strong>δὲ</strong></span> <span class='ocrx_word' id='word_1_75' title='bbox 1551 1233 1646 1298; x_wconf 75' lang='grc' dir='ltr'><strong>καὶ</strong></span> <span class='ocrx_word' id='word_1_76' title='bbox 1679 1246 1759 1310; x_wconf 85' lang='grc' dir='ltr'><strong>είς</strong></span> 
     </span>
    </p>
   </div>
   <div class='ocr_carea' id='block_1_12' title="bbox 192 1326 1760 1405">
    <p class='ocr_par' dir='ltr' id='par_1_12' title="bbox 192 1326 1760 1405">
     <span class='ocr_line' id='line_1_12' title="bbox 192 1326 1760 1405; baseline 0.008 -29"><span class='ocrx_word' id='word_1_77' title='bbox 192 1326 280 1395; x_wconf 75' lang='grc' dir='ltr'><strong>τὴν</strong></span> <span class='ocrx_word' id='word_1_78' title='bbox 326 1326 555 1397; x_wconf 79' lang='grc' dir='ltr'>θεότητα</span> <span class='ocrx_word' id='word_1_79' title='bbox 602 1331 767 1383; x_wconf 80' lang='grc' dir='ltr'>αὑτοῦ</span> <span class='ocrx_word' id='word_1_80' title='bbox 817 1330 1033 1384; x_wconf 81' lang='grc' dir='ltr'>δεκτέον</span> <span class='ocrx_word' id='word_1_81' title='bbox 1080 1330 1141 1385; x_wconf 87' lang='grc' dir='ltr'>τὸ</span> <span class='ocrx_word' id='word_1_82' title='bbox 1192 1334 1375 1405; x_wconf 79' lang='grc' dir='ltr'>ῥητὸν,</span> <span class='ocrx_word' id='word_1_83' title='bbox 1432 1335 1657 1388; x_wconf 81' lang='grc' dir='ltr'>αὐτόθεν</span> <span class='ocrx_word' id='word_1_84' title='bbox 1699 1336 1760 1388; x_wconf 84' lang='grc' dir='ltr'>τὸ</span> 
     </span>
    </p>
   </div>
   <div class='ocr_carea' id='block_1_13' title="bbox 192 1417 1759 1497">
    <p class='ocr_par' dir='ltr' id='par_1_13' title="bbox 192 1417 1759 1497">
     <span class='ocr_line' id='line_1_13' title="bbox 192 1417 1759 1497; baseline 0.007 -29"><span class='ocrx_word' id='word_1_85' title='bbox 192 1417 469 1487; x_wconf 72' lang='grc' dir='ltr'>ἀκραιφνὲς</span> <span class='ocrx_word' id='word_1_86' title='bbox 500 1420 605 1490; x_wconf 83' lang='grc' dir='ltr'>τῆς</span> <span class='ocrx_word' id='word_1_87' title='bbox 633 1420 769 1492; x_wconf 74' lang='grc' dir='ltr'>πρὸς</span> <span class='ocrx_word' id='word_1_88' title='bbox 801 1422 891 1475; x_wconf 82' lang='grc' dir='ltr'><strong>τὸν</strong></span> <span class='ocrx_word' id='word_1_89' title='bbox 916 1423 1133 1494; x_wconf 81' lang='grc' dir='ltr'>Πατέρα</span> <span class='ocrx_word' id='word_1_90' title='bbox 1161 1424 1325 1477; x_wconf 82' lang='grc' dir='ltr'>αὑτοῦ</span> <span class='ocrx_word' id='word_1_91' title='bbox 1347 1426 1759 1497; x_wconf 85' lang='grc' dir='ltr'>ὀμοουσιότητος</span> 
     </span>
    </p>
   </div>
   <div class='ocr_carea' id='block_1_14' title="bbox 193 1511 1756 1587">
    <p class='ocr_par' dir='ltr' id='par_1_14' title="bbox 193 1511 1756 1587">
     <span class='ocr_line' id='line_1_14' title="bbox 193 1511 1756 1587; baseline 0.008 -29"><span class='ocrx_word' id='word_1_92' title='bbox 193 1511 669 1578; x_wconf 83' lang='grc' dir='ltr'>κατασημαίνεται,</span> <span class='ocrx_word' id='word_1_93' title='bbox 710 1514 803 1567; x_wconf 82' lang='grc' dir='ltr'><strong>καὶ</strong></span> <span class='ocrx_word' id='word_1_94' title='bbox 835 1514 985 1583; x_wconf 86' lang='grc' dir='ltr'>δηλοῖ</span> <span class='ocrx_word' id='word_1_95' title='bbox 1016 1516 1197 1569; x_wconf 80' lang='grc' dir='ltr'>πᾶσαν</span> <span class='ocrx_word' id='word_1_96' title='bbox 1227 1514 1325 1586; x_wconf 84' lang='grc' dir='ltr'>τὴν</span> <span class='ocrx_word' id='word_1_97' title='bbox 1364 1516 1636 1587; x_wconf 83' lang='grc' dir='ltr'>πατρικὴν</span> <span class='ocrx_word' id='word_1_98' title='bbox 1663 1516 1756 1570; x_wconf 83' lang='grc' dir='ltr'>δύ-</span> 
     </span>
    </p>
   </div>
   <div class='ocr_carea' id='block_1_15' title="bbox 192 1601 1756 1685">
    <p class='ocr_par' dir='ltr' id='par_1_15' title="bbox 192 1601 1756 1685">
     <span class='ocr_line' id='line_1_15' title="bbox 192 1601 1756 1685; baseline 0.006 -32"><span class='ocrx_word' id='word_1_99' title='bbox 192 1601 340 1670; x_wconf 79' lang='grc' dir='ltr'>ναμίν</span> <span class='ocrx_word' id='word_1_100' title='bbox 374 1620 432 1655; x_wconf 88' lang='grc' dir='ltr'><strong>τε</strong></span> <span class='ocrx_word' id='word_1_101' title='bbox 462 1603 558 1657; x_wconf 77' lang='grc' dir='ltr'>καὶ</span> <span class='ocrx_word' id='word_1_102' title='bbox 594 1605 784 1672; x_wconf 81' lang='grc' dir='ltr'>σοφίαν</span> <span class='ocrx_word' id='word_1_103' title='bbox 813 1609 1192 1661; x_wconf 79' lang='grc' dir='ltr'>ἐναποκεῖσθαι</span> <span class='ocrx_word' id='word_1_104' title='bbox 1222 1609 1388 1679; x_wconf 84' lang='grc' dir='ltr'>αύτῷ,</span> <span class='ocrx_word' id='word_1_105' title='bbox 1419 1610 1495 1673; x_wconf 82' lang='grc' dir='ltr'><strong>ὡς</strong></span> <span class='ocrx_word' id='word_1_106' title='bbox 1529 1609 1651 1683; x_wconf 86' lang='grc'><strong>[171</strong></span> <span class='ocrx_word' id='word_1_107' title='bbox 1703 1610 1756 1685; x_wconf 82' lang='lat' dir='ltr'><strong>b]</strong></span> 
     </span>
    </p>
   </div>
   <div class='ocr_carea' id='block_1_16' title="bbox 193 1693 1495 1773">
    <p class='ocr_par' dir='ltr' id='par_1_16' title="bbox 193 1693 1495 1773">
     <span class='ocr_line' id='line_1_16' title="bbox 193 1693 1495 1773; baseline 0.007 -28"><span class='ocrx_word' id='word_1_108' title='bbox 193 1693 335 1763; x_wconf 76' lang='grc' dir='ltr'><strong>Λόγῳ</strong></span> <span class='ocrx_word' id='word_1_109' title='bbox 354 1693 754 1767; x_wconf 80' lang='grc' dir='ltr'>δημιουργικῷ,</span> <span class='ocrx_word' id='word_1_110' title='bbox 791 1699 885 1751; x_wconf 75' lang='grc' dir='ltr'><strong>καὶ</strong></span> <span class='ocrx_word' id='word_1_111' title='bbox 912 1698 1026 1771; x_wconf 82' lang='grc' dir='ltr'>Υίῷ</span> <span class='ocrx_word' id='word_1_112' title='bbox 1053 1699 1218 1754; x_wconf 80' lang='grc' dir='ltr'>αὐτοῦ</span> <span class='ocrx_word' id='word_1_113' title='bbox 1239 1700 1495 1773; x_wconf 81' lang='grc' dir='ltr'>ἀληθινῷ.</span> 
     </span>
    </p>
   </div>
   <div class='ocr_carea' id='block_1_17' title="bbox 824 1959 1112 2013">
    <p class='ocr_par' dir='ltr' id='par_1_17' title="bbox 824 1959 1112 2013">
     <span class='ocr_line' id='line_1_17' title="bbox 824 1959 1112 2013; baseline 0.003 -1"><span class='ocrx_word' id='word_1_114' title='bbox 824 1959 981 2012; x_wconf 83' lang='grc' dir='ltr'><strong>ΚΕΦ.</strong></span> <span class='ocrx_word' id='word_1_115' title='bbox 1031 1960 1112 2013; x_wconf 83' lang='grc' dir='ltr'><strong>Η’.</strong></span> 
     </span>
    </p>
   </div>
   <div class='ocr_carea' id='block_1_18' title="bbox 256 2044 1756 2125">
    <p class='ocr_par' dir='ltr' id='par_1_18' title="bbox 256 2044 1756 2125">
     <span class='ocr_line' id='line_1_18' title="bbox 256 2044 1756 2125; baseline 0.007 -28"><span class='ocrx_word' id='word_1_116' title='bbox 256 2044 348 2098; x_wconf 85' lang='grc' dir='ltr'>Ἐν</span> <span class='ocrx_word' id='word_1_117' title='bbox 389 2064 441 2099; x_wconf 89' lang='grc' dir='ltr'><strong>τι</strong></span> <span class='ocrx_word' id='word_1_118' title='bbox 499 2048 595 2102; x_wconf 75' lang='grc' dir='ltr'><strong>καὶ</strong></span> <span class='ocrx_word' id='word_1_119' title='bbox 630 2049 786 2102; x_wconf 82' lang='grc' dir='ltr'>τοῦτο</span> <span class='ocrx_word' id='word_1_120' title='bbox 828 2050 1060 2122; x_wconf 83' lang='grc' dir='ltr'>πάθημα</span> <span class='ocrx_word' id='word_1_121' title='bbox 1105 2051 1377 2121; x_wconf 79' lang='grc' dir='ltr'>αἱρετικὸν</span> <span class='ocrx_word' id='word_1_122' title='bbox 1433 2052 1756 2125; x_wconf 83' lang='grc' dir='ltr'>καθέστηκε,</span> 
     </span>
    </p>
   </div>
   <div class='ocr_carea' id='block_1_19' title="bbox 194 2134 1756 2218">
    <p class='ocr_par' dir='ltr' id='par_1_19' title="bbox 194 2134 1756 2218">
     <span class='ocr_line' id='line_1_19' title="bbox 194 2134 1756 2218; baseline 0.008 -31"><span class='ocrx_word' id='word_1_123' title='bbox 194 2134 246 2186; x_wconf 73' lang='grc' dir='ltr'>τὸ</span> <span class='ocrx_word' id='word_1_124' title='bbox 272 2136 472 2205; x_wconf 82' lang='grc' dir='ltr'>λέγειν·</span> <span class='ocrx_word' id='word_1_125' title='bbox 501 2140 565 2190; x_wconf 83' lang='lat' dir='ltr'><strong>El</strong></span> <span class='ocrx_word' id='word_1_126' title='bbox 599 2140 829 2210; x_wconf 77' lang='grc' dir='ltr'>ἀμπέλῳ</span> <span class='ocrx_word' id='word_1_127' title='bbox 858 2143 890 2210; x_wconf 85' lang='grc' dir='ltr'><strong>ή</strong></span> <span class='ocrx_word' id='word_1_128' title='bbox 918 2141 1105 2213; x_wconf 83' lang='grc' dir='ltr'>Γραφὴ</span> <span class='ocrx_word' id='word_1_129' title='bbox 1140 2143 1441 2214; x_wconf 85' lang='grc' dir='ltr'>παρείκασε</span> <span class='ocrx_word' id='word_1_130' title='bbox 1488 2145 1579 2198; x_wconf 76' lang='grc' dir='ltr'>τὸν</span> <span class='ocrx_word' id='word_1_131' title='bbox 1618 2146 1756 2218; x_wconf 83' lang='grc' dir='ltr'>Χρι-</span> 
     </span>
    </p>
   </div>
   <div class='ocr_carea' id='block_1_20' title="bbox 198 2227 1762 2306">
    <p class='ocr_par' dir='ltr' id='par_1_20' title="bbox 198 2227 1762 2306">
     <span class='ocr_line' id='line_1_20' title="bbox 198 2227 1762 2306; baseline 0.008 -29"><span class='ocrx_word' id='word_1_132' title='bbox 198 2227 325 2289; x_wconf 67' lang='grc' dir='ltr'>στὸν,</span> <span class='ocrx_word' id='word_1_133' title='bbox 365 2228 608 2298; x_wconf 84' lang='grc' dir='ltr'>κλήμασι</span> <span class='ocrx_word' id='word_1_134' title='bbox 658 2230 703 2282; x_wconf 81' lang='grc' dir='ltr'>δ’</span> <span class='ocrx_word' id='word_1_135' title='bbox 727 2230 1067 2301; x_wconf 79' lang='grc' dir='ltr'>ἀνθρώπους,</span> <span class='ocrx_word' id='word_1_136' title='bbox 1103 2234 1332 2306; x_wconf 84' lang='grc' dir='ltr'>γεωργῷ</span> <span class='ocrx_word' id='word_1_137' title='bbox 1374 2236 1430 2289; x_wconf 84' lang='grc' dir='ltr'>δὲ</span> <span class='ocrx_word' id='word_1_138' title='bbox 1463 2235 1553 2289; x_wconf 85' lang='grc' dir='ltr'><strong>τὸν</strong></span> <span class='ocrx_word' id='word_1_139' title='bbox 1586 2237 1762 2291; x_wconf 82' lang='grc' dir='ltr'>Πατέ-</span> 
     </span>
    </p>
   </div>
   <div class='ocr_carea' id='block_1_21' title="bbox 201 2317 1760 2397">
    <p class='ocr_par' dir='ltr' id='par_1_21' title="bbox 201 2317 1760 2397">
     <span class='ocr_line' id='line_1_21' title="bbox 201 2317 1760 2397; baseline 0.007 -28"><span class='ocrx_word' id='word_1_140' title='bbox 201 2332 277 2385; x_wconf 68' lang='grc' dir='ltr'><strong>ρα,</strong></span> <span class='ocrx_word' id='word_1_141' title='bbox 309 2317 418 2371; x_wconf 76' lang='grc' dir='ltr'>ἔστι</span> <span class='ocrx_word' id='word_1_142' title='bbox 460 2319 518 2371; x_wconf 86' lang='grc' dir='ltr'>δὲ</span> <span class='ocrx_word' id='word_1_143' title='bbox 549 2322 584 2391; x_wconf 80' lang='grc' dir='ltr'>ὴ</span> <span class='ocrx_word' id='word_1_144' title='bbox 634 2321 873 2391; x_wconf 78' lang='grc' dir='ltr'>ἄμπελος</span> <span class='ocrx_word' id='word_1_145' title='bbox 910 2324 1152 2396; x_wconf 81' lang='grc' dir='ltr'>ὁμοφυὴς</span> <span class='ocrx_word' id='word_1_146' title='bbox 1187 2328 1299 2390; x_wconf 87' lang='grc' dir='ltr'>τοῖς</span> <span class='ocrx_word' id='word_1_147' title='bbox 1343 2327 1611 2397; x_wconf 85' lang='grc' dir='ltr'>κλήμασι,</span> <span class='ocrx_word' id='word_1_148' title='bbox 1669 2328 1760 2380; x_wconf 75' lang='grc' dir='ltr'>καὶ</span> 
     </span>
    </p>
   </div>
   <div class='ocr_carea' id='block_1_22' title="bbox 198 2410 1759 2490">
    <p class='ocr_par' dir='ltr' id='par_1_22' title="bbox 198 2410 1759 2490">
     <span class='ocr_line' id='line_1_22' title="bbox 198 2410 1759 2490; baseline 0.008 -30"><span class='ocrx_word' id='word_1_149' title='bbox 198 2410 250 2460; x_wconf 82' lang='grc' dir='ltr'><strong>ού</strong></span> <span class='ocrx_word' id='word_1_150' title='bbox 282 2410 354 2481; x_wconf 81' lang='grc' dir='ltr'>τῷ</span> <span class='ocrx_word' id='word_1_151' title='bbox 380 2412 612 2483; x_wconf 86' lang='grc' dir='ltr'>γεωργῷ</span> <span class='ocrx_word' id='word_1_152' title='bbox 632 2429 646 2443; x_wconf 73' lang='grc' dir='ltr'><strong>ο</strong></span> <span class='ocrx_word' id='word_1_153' title='bbox 677 2414 1048 2481; x_wconf 78' lang='grc' dir='ltr'>ἀναφαίνεται,</span> <span class='ocrx_word' id='word_1_154' title='bbox 1081 2418 1263 2486; x_wconf 79' lang='grc' dir='ltr'>φησὶν,</span> <span class='ocrx_word' id='word_1_155' title='bbox 1302 2418 1330 2470; x_wconf 84' lang='grc' dir='ltr'>ὁ</span> <span class='ocrx_word' id='word_1_156' title='bbox 1357 2418 1483 2481; x_wconf 80' lang='grc' dir='ltr'>Υἱὸς</span> <span class='ocrx_word' id='word_1_157' title='bbox 1514 2418 1759 2490; x_wconf 79' lang='grc' dir='ltr'>ὁμοφυὴς</span> 
     </span>
    </p>
   </div>
   <div class='ocr_carea' id='block_1_23' title="bbox 199 2502 1760 2578">
    <p class='ocr_par' dir='ltr' id='par_1_23' title="bbox 199 2502 1760 2578">
     <span class='ocr_line' id='line_1_23' title="bbox 199 2502 1760 2578; baseline 0.007 -26"><span class='ocrx_word' id='word_1_158' title='bbox 199 2502 332 2570; x_wconf 74' lang='grc' dir='ltr'>ἡμῖν,</span> <span class='ocrx_word' id='word_1_159' title='bbox 365 2502 424 2554; x_wconf 81' lang='grc' dir='ltr'><strong>ού</strong></span> <span class='ocrx_word' id='word_1_160' title='bbox 472 2503 552 2573; x_wconf 82' lang='grc' dir='ltr'>τῷ</span> <span class='ocrx_word' id='word_1_161' title='bbox 601 2503 722 2574; x_wconf 84' lang='grc' dir='ltr'><strong>Θεῷ</strong></span> <span class='ocrx_word' id='word_1_162' title='bbox 756 2506 847 2557; x_wconf 72' lang='grc' dir='ltr'>καὶ</span> <span class='ocrx_word' id='word_1_163' title='bbox 877 2506 1068 2577; x_wconf 86' lang='grc' dir='ltr'>Πατρί.</span> <span class='ocrx_word' id='word_1_164' title='bbox 1103 2508 1295 2578; x_wconf 81' lang='grc' dir='ltr'>Ἡμεῖς</span> <span class='ocrx_word' id='word_1_165' title='bbox 1326 2510 1382 2563; x_wconf 83' lang='grc' dir='ltr'><strong>δὲ</strong></span> <span class='ocrx_word' id='word_1_166' title='bbox 1415 2510 1760 2574; x_wconf 82' lang='grc' dir='ltr'>ἀπαντῶντες</span> 
     </span>
    </p>
   </div>
   <div class='ocr_carea' id='block_1_24' title="bbox 200 2592 1757 2672">
    <p class='ocr_par' dir='ltr' id='par_1_24' title="bbox 200 2592 1757 2672">
     <span class='ocr_line' id='line_1_24' title="bbox 200 2592 1757 2672; baseline 0.007 -29"><span class='ocrx_word' id='word_1_167' title='bbox 200 2592 265 2661; x_wconf 83' lang='grc' dir='ltr'>τῷ</span> <span class='ocrx_word' id='word_1_168' title='bbox 292 2592 426 2665; x_wconf 79' lang='grc' dir='ltr'><strong>λόγῳ</strong></span> <span class='ocrx_word' id='word_1_169' title='bbox 457 2595 645 2648; x_wconf 81' lang='grc' dir='ltr'>αὐτῶν</span> <span class='ocrx_word' id='word_1_170' title='bbox 666 2636 679 2657; x_wconf 85' lang='grc'><strong>,</strong></span> <span class='ocrx_word' id='word_1_171' title='bbox 712 2597 912 2666; x_wconf 77' lang='grc' dir='ltr'>φαμὲν,</span> <span class='ocrx_word' id='word_1_172' title='bbox 946 2598 1025 2650; x_wconf 79' lang='grc' dir='ltr'>ὅτι</span> <span class='ocrx_word' id='word_1_173' title='bbox 1059 2598 1200 2651; x_wconf 86' lang='grc' dir='ltr'>κατὰ</span> <span class='ocrx_word' id='word_1_174' title='bbox 1243 2599 1341 2670; x_wconf 85' lang='grc' dir='ltr'>μὲν</span> <span class='ocrx_word' id='word_1_175' title='bbox 1380 2600 1476 2670; x_wconf 79' lang='grc' dir='ltr'>τὴν</span> <span class='ocrx_word' id='word_1_176' title='bbox 1510 2601 1757 2672; x_wconf 82' lang='grc' dir='ltr'>θεότητα,</span> 
     </span>
    </p>
   </div>
   <div class='ocr_carea' id='block_1_25' title="bbox 200 2684 1753 2764">
    <p class='ocr_par' dir='ltr' id='par_1_25' title="bbox 200 2684 1753 2764">
     <span class='ocr_line' id='line_1_25' title="bbox 200 2684 1753 2764; baseline 0.006 -27"><span class='ocrx_word' id='word_1_177' title='bbox 200 2684 343 2748; x_wconf 58' lang='lat' dir='ltr'><strong>circa;</strong></span> <span class='ocrx_word' id='word_1_178' title='bbox 392 2687 489 2757; x_wconf 81' lang='grc' dir='ltr'>τῆς</span> <span class='ocrx_word' id='word_1_179' title='bbox 537 2687 788 2757; x_wconf 74' lang='grc' dir='ltr'>γεωργοῦ</span> <span class='ocrx_word' id='word_1_180' title='bbox 843 2688 1195 2753; x_wconf 83' lang='grc' dir='ltr'>ὑποστάσεως</span> <span class='ocrx_word' id='word_1_181' title='bbox 1242 2692 1453 2762; x_wconf 79' lang='grc' dir='ltr'>καρπὸς</span> <span class='ocrx_word' id='word_1_182' title='bbox 1491 2692 1753 2764; x_wconf 67' lang='grc' dir='ltr'>ὑπάρχει*</span> 
     </span>
    </p>
   </div>
   <div class='ocr_carea' id='block_1_26' title="bbox 203 2779 1760 2855">
    <p class='ocr_par' dir='ltr' id='par_1_26' title="bbox 203 2779 1760 2855">
     <span class='ocr_line' id='line_1_26' title="bbox 203 2779 1760 2855; baseline 0.006 -26"><span class='ocrx_word' id='word_1_183' title='bbox 203 2779 327 2830; x_wconf 70' lang='grc' dir='ltr'>κατὰ</span> <span class='ocrx_word' id='word_1_184' title='bbox 354 2779 408 2831; x_wconf 75' lang='grc' dir='ltr'>δὲ</span> <span class='ocrx_word' id='word_1_185' title='bbox 444 2780 543 2850; x_wconf 75' lang='grc' dir='ltr'>τὴν</span> <span class='ocrx_word' id='word_1_186' title='bbox 575 2781 779 2851; x_wconf 85' lang='grc' dir='ltr'>σάρκα,</span> <span class='ocrx_word' id='word_1_187' title='bbox 821 2784 980 2852; x_wconf 81' lang='grc' dir='ltr'>ἡμεῖς</span> <span class='ocrx_word' id='word_1_188' title='bbox 1016 2781 1178 2836; x_wconf 82' lang='grc' dir='ltr'>αὑτοῦ</span> <span class='ocrx_word' id='word_1_189' title='bbox 1219 2783 1472 2853; x_wconf 85' lang='grc' dir='ltr'>κλήματα</span> <span class='ocrx_word' id='word_1_190' title='bbox 1501 2786 1760 2855; x_wconf 78' lang='grc' dir='ltr'>τυγχάνο-</span> 
     </span>
    </p>
   </div>
   <div class='ocr_carea' id='block_1_27' title="bbox 204 2873 1760 2948">
    <p class='ocr_par' dir='ltr' id='par_1_27' title="bbox 204 2873 1760 2948">
     <span class='ocr_line' id='line_1_27' title="bbox 204 2873 1760 2948; baseline 0.006 -26"><span class='ocrx_word' id='word_1_191' title='bbox 204 2888 318 2938; x_wconf 80' lang='grc' dir='ltr'>μεν’</span> <span class='ocrx_word' id='word_1_192' title='bbox 348 2873 705 2944; x_wconf 80' lang='grc' dir='ltr'>προσέχοντες</span> <span class='ocrx_word' id='word_1_193' title='bbox 730 2876 824 2944; x_wconf 78' lang='grc' dir='ltr'>οὐχ</span> <span class='ocrx_word' id='word_1_194' title='bbox 855 2877 1051 2946; x_wconf 76' lang='grc' dir='ltr'>ἥκιστα</span> <span class='ocrx_word' id='word_1_195' title='bbox 1079 2876 1170 2929; x_wconf 68' lang='grc' dir='ltr'><strong>καὶ</strong></span> <span class='ocrx_word' id='word_1_196' title='bbox 1196 2876 1389 2948; x_wconf 85' lang='grc' dir='ltr'>Παύλῳ</span> <span class='ocrx_word' id='word_1_197' title='bbox 1419 2877 1760 2947; x_wconf 82' lang='grc' dir='ltr'>δογματικῶς</span> 
     </span>
    </p>
   </div>
   <div class='ocr_carea' id='block_1_28' title="bbox 202 2960 1756 3040">
    <p class='ocr_par' dir='ltr' id='par_1_28' title="bbox 202 2960 1756 3040">
     <span class='ocr_line' id='line_1_28' title="bbox 202 2960 1756 3040; baseline 0.007 -29"><span class='ocrx_word' id='word_1_198' title='bbox 202 2960 594 3034; x_wconf 79' lang='grc' dir='ltr'>διατεινομένῳ·</span> <span class='ocrx_word' id='word_1_199' title='bbox 636 2984 654 3016; x_wconf 80' lang='lat' dir='ltr'><strong>t</strong></span> <span class='ocrx_word' id='word_1_200' title='bbox 706 2965 897 3036; x_wconf 81' lang='grc' dir='ltr'>Ἡμεῖς</span> <span class='ocrx_word' id='word_1_201' title='bbox 932 2967 1040 3035; x_wconf 87' lang='grc' dir='ltr'>γάρ</span> <span class='ocrx_word' id='word_1_202' title='bbox 1084 2969 1249 3037; x_wconf 77' lang='grc' dir='ltr'>ἐσμεν</span> <span class='ocrx_word' id='word_1_203' title='bbox 1297 2967 1454 3038; x_wconf 83' lang='grc' dir='ltr'>σῶμα</span> <span class='ocrx_word' id='word_1_204' title='bbox 1497 2969 1756 3040; x_wconf 86' lang='grc' dir='ltr'>Χριστοῦ,</span> 
     </span>
    </p>
   </div>
   <div class='ocr_carea' id='block_1_29' title="bbox 203 3052 1755 3128">
    <p class='ocr_par' dir='ltr' id='par_1_29' title="bbox 203 3052 1755 3128">
     <span class='ocr_line' id='line_1_29' title="bbox 203 3052 1755 3128; baseline 0.006 -24"><span class='ocrx_word' id='word_1_205' title='bbox 203 3052 285 3104; x_wconf 79' lang='grc' dir='ltr'><strong>καί</strong></span> <span class='ocrx_word' id='word_1_206' title='bbox 322 3054 450 3125; x_wconf 76' lang='grc' dir='ltr'>μέλη</span> <span class='ocrx_word' id='word_1_207' title='bbox 502 3057 566 3109; x_wconf 84' lang='grc' dir='ltr'>ὲκ</span> <span class='ocrx_word' id='word_1_208' title='bbox 613 3056 843 3128; x_wconf 78' lang='grc' dir='ltr'>μέρους·</span> <span class='ocrx_word' id='word_1_209' title='bbox 896 3078 913 3110; x_wconf 76' lang='grc' dir='ltr'><strong>ι</strong></span> <span class='ocrx_word' id='word_1_210' title='bbox 944 3054 1099 3123; x_wconf 75' lang='grc' dir='ltr'>αὖθίς</span> <span class='ocrx_word' id='word_1_211' title='bbox 1137 3077 1196 3113; x_wconf 92' lang='grc' dir='ltr'><strong>τε</strong></span> <span class='ocrx_word' id='word_1_212' title='bbox 1242 3056 1339 3114; x_wconf 83' lang='grc' dir='ltr'>αῦ·</span> <span class='ocrx_word' id='word_1_213' title='bbox 1369 3080 1386 3111; x_wconf 76' lang='grc' dir='ltr'><strong>ι</strong></span> <span class='ocrx_word' id='word_1_214' title='bbox 1421 3062 1533 3113; x_wconf 86' lang='grc' dir='ltr'>Ούκ</span> <span class='ocrx_word' id='word_1_215' title='bbox 1559 3061 1755 3123; x_wconf 76' lang='grc' dir='ltr'>οἴδατε,</span> 
     </span>
    </p>
   </div>
   <div class='ocr_carea' id='block_1_30' title="bbox 1250 311 2356 370">
    <p class='ocr_par' dir='ltr' id='par_1_30' title="bbox 1250 311 2356 370">
     <span class='ocr_line' id='line_1_30' title="bbox 1250 311 2356 370; baseline 0.004 -5"><span class='ocrx_word' id='word_1_216' title='bbox 1250 311 1339 366; x_wconf 75' lang='lat' dir='ltr'><strong>DE</strong></span> <span class='ocrx_word' id='word_1_217' title='bbox 1375 312 1747 368; x_wconf 79' lang='lat' dir='ltr'><strong>TRINITATE</strong></span> <span class='ocrx_word' id='word_1_218' title='bbox 1787 313 1986 369; x_wconf 73' lang='lat' dir='ltr'><strong>LIBER</strong></span> <span class='ocrx_word' id='word_1_219' title='bbox 2028 312 2356 370; x_wconf 70' lang='lat' dir='ltr'><strong>TERTIUS.</strong></span> 
     </span>
    </p>
   </div>
   <div class='ocr_carea' id='block_1_31' title="bbox 3316 311 3421 368">
    <p class='ocr_par' dir='ltr' id='par_1_31' title="bbox 3316 311 3421 368">
     <span class='ocr_line' id='line_1_31' title="bbox 3316 311 3421 368; baseline 0.01 -1"><span class='ocrx_word' id='word_1_220' title='bbox 3316 311 3421 368; x_wconf 75' lang='grc' dir='ltr'><strong>8ῖο</strong></span> 
     </span>
    </p>
   </div>
   <div class='ocr_carea' id='block_1_32' title="bbox 2489 426 2791 484">
    <p class='ocr_par' dir='ltr' id='par_1_32' title="bbox 2489 426 2791 484">
     <span class='ocr_line' id='line_1_32' title="bbox 2489 426 2791 484; baseline -0.007 0"><span class='ocrx_word' id='word_1_221' title='bbox 2489 426 2639 484; x_wconf 85' lang='lat' dir='ltr'><strong>CAP.</strong></span> <span class='ocrx_word' id='word_1_222' title='bbox 2678 426 2791 484; x_wconf 82' lang='lat' dir='ltr'><strong>VII.</strong></span> 
     </span>
    </p>
   </div>
   <div class='ocr_carea' id='block_1_33' title="bbox 1944 517 3427 590">
    <p class='ocr_par' dir='ltr' id='par_1_33' title="bbox 1944 517 3427 590">
     <span class='ocr_line' id='line_1_33' title="bbox 1944 517 3427 590; baseline 0 -17"><span class='ocrx_word' id='word_1_223' title='bbox 1944 521 2316 590; x_wconf 84' lang='lat' dir='ltr'><strong>Btasphemias</strong></span> <span class='ocrx_word' id='word_1_224' title='bbox 2353 518 2701 588; x_wconf 87' lang='lat' dir='ltr'><strong>blasphemiis</strong></span> <span class='ocrx_word' id='word_1_225' title='bbox 2732 517 3068 573; x_wconf 76' lang='lat' dir='ltr'><strong>cumulantes</strong></span> <span class='ocrx_word' id='word_1_226' title='bbox 3098 520 3281 574; x_wconf 89' lang='lat' dir='ltr'><strong>statim</strong></span> <span class='ocrx_word' id='word_1_227' title='bbox 3311 527 3427 587; x_wconf 84' lang='lat' dir='ltr'><strong>pust</strong></span> 
     </span>
    </p>
   </div>
   <div class='ocr_carea' id='block_1_34' title="bbox 1864 608 3429 682">
    <p class='ocr_par' dir='ltr' id='par_1_34' title="bbox 1864 608 3429 682">
     <span class='ocr_line' id='line_1_34' title="bbox 1864 608 3429 682; baseline 0.001 -20"><span class='ocrx_word' id='word_1_228' title='bbox 1864 625 1958 675; x_wconf 86' lang='lat' dir='ltr'><strong>ea,</strong></span> <span class='ocrx_word' id='word_1_229' title='bbox 2007 627 2127 681; x_wconf 72' lang='lat' dir='ltr'><strong>qua:</strong></span> <span class='ocrx_word' id='word_1_230' title='bbox 2174 611 2539 682; x_wconf 88' lang='lat' dir='ltr'><strong>protulerunt,</strong></span> <span class='ocrx_word' id='word_1_231' title='bbox 2590 610 2640 664; x_wconf 92' lang='lat' dir='ltr'><strong>id</strong></span> <span class='ocrx_word' id='word_1_232' title='bbox 2685 609 2954 678; x_wconf 79' lang='lat' dir='ltr'><strong>allegant,</strong></span> <span class='ocrx_word' id='word_1_233' title='bbox 2998 610 3139 677; x_wconf 85' lang='lat' dir='ltr'><strong>quod</strong></span> <span class='ocrx_word' id='word_1_234' title='bbox 3182 623 3212 663; x_wconf 87' lang='lat' dir='ltr'><strong>a</strong></span> <span class='ocrx_word' id='word_1_235' title='bbox 3260 608 3429 664; x_wconf 89' lang='lat' dir='ltr'><strong>Paulo</strong></span> 
     </span>
    </p>
   </div>
   <div class='ocr_carea' id='block_1_35' title="bbox 1867 698 3425 770">
    <p class='ocr_par' dir='ltr' id='par_1_35' title="bbox 1867 698 3425 770">
     <span class='ocr_line' id='line_1_35' title="bbox 1867 698 3425 770; baseline -0.003 -14"><span class='ocrx_word' id='word_1_236' title='bbox 1867 702 2161 769; x_wconf 76' lang='lat' dir='ltr'><strong>theologica</strong></span> <span class='ocrx_word' id='word_1_237' title='bbox 2206 703 2405 757; x_wconf 90' lang='lat' dir='ltr'><strong>dictum</strong></span> <span class='ocrx_word' id='word_1_238' title='bbox 2449 700 2586 755; x_wconf 80' lang='lat' dir='ltr'><strong>fuit:</strong></span> <span class='ocrx_word' id='word_1_239' title='bbox 2620 719 2639 753; x_wconf 86' lang='grc'><strong>‹</strong></span> <span class='ocrx_word' id='word_1_240' title='bbox 2670 700 2943 755; x_wconf 84' lang='lat' dir='ltr'><strong>Christum</strong></span> <span class='ocrx_word' id='word_1_241' title='bbox 2975 699 3089 770; x_wconf 73' lang='lat'><strong>(65)</strong></span> <span class='ocrx_word' id='word_1_242' title='bbox 3125 698 3219 753; x_wconf 89' lang='lat' dir='ltr'><strong>Dei</strong></span> <span class='ocrx_word' id='word_1_243' title='bbox 3252 701 3425 753; x_wconf 87' lang='lat' dir='ltr'><strong>virtu-</strong></span> 
     </span>
    </p>
   </div>
   <div class='ocr_carea' id='block_1_36' title="bbox 1866 776 3430 864">
    <p class='ocr_par' dir='ltr' id='par_1_36' title="bbox 1866 776 3430 864">
     <span class='ocr_line' id='line_1_36' title="bbox 1866 776 3430 864; baseline -0.001 -18"><span class='ocrx_word' id='word_1_244' title='bbox 1866 776 1969 847; x_wconf 86' lang='lat' dir='ltr'><strong>tem</strong></span> <span class='ocrx_word' id='word_1_245' title='bbox 2003 794 2138 864; x_wconf 90' lang='lat' dir='ltr'><strong>(seu</strong></span> <span class='ocrx_word' id='word_1_246' title='bbox 2172 792 2542 862; x_wconf 88' lang='lat' dir='ltr'><strong>potentiam),</strong></span> <span class='ocrx_word' id='word_1_247' title='bbox 2568 803 2621 845; x_wconf 90' lang='lat' dir='ltr'><strong>et</strong></span> <span class='ocrx_word' id='word_1_248' title='bbox 2648 791 2737 845; x_wconf 89' lang='lat' dir='ltr'><strong>Dei</strong></span> <span class='ocrx_word' id='word_1_249' title='bbox 2768 790 3127 860; x_wconf 83' lang='lat' dir='ltr'><strong>sapientiam:</strong></span> <span class='ocrx_word' id='word_1_250' title='bbox 3158 808 3177 843; x_wconf 74' lang='grc' dir='ltr'><strong>ι</strong></span> <span class='ocrx_word' id='word_1_251' title='bbox 3208 791 3430 860; x_wconf 81' lang='lat' dir='ltr'><strong>suisque</strong></span> 
     </span>
    </p>
   </div>
   <div class='ocr_carea' id='block_1_37' title="bbox 1865 879 3430 952">
    <p class='ocr_par' dir='ltr' id='par_1_37' title="bbox 1865 879 3430 952">
     <span class='ocr_line' id='line_1_37' title="bbox 1865 879 3430 952; baseline -0.001 -17"><span class='ocrx_word' id='word_1_252' title='bbox 1865 882 2361 937; x_wconf 90' lang='lat' dir='ltr'><strong>ratiocinationibus</strong></span> <span class='ocrx_word' id='word_1_253' title='bbox 2381 881 2545 952; x_wconf 76' lang='lat'><strong>360</strong></span> <span class='ocrx_word' id='word_1_254' title='bbox 2568 882 2851 935; x_wconf 84' lang='lat' dir='ltr'><strong>abutentes</strong></span> <span class='ocrx_word' id='word_1_255' title='bbox 2874 894 2940 933; x_wconf 91' lang='lat' dir='ltr'><strong>eo</strong></span> <span class='ocrx_word' id='word_1_256' title='bbox 2959 879 3008 931; x_wconf 91' lang='lat' dir='ltr'><strong>id</strong></span> <span class='ocrx_word' id='word_1_257' title='bbox 3041 880 3257 934; x_wconf 86' lang='lat' dir='ltr'><strong>trahunt</strong></span> <span class='ocrx_word' id='word_1_258' title='bbox 3280 920 3295 943; x_wconf 95' lang='lat'><strong>,</strong></span> <span class='ocrx_word' id='word_1_259' title='bbox 3324 895 3430 948; x_wconf 85' lang='lat' dir='ltr'><strong>quo</strong></span> 
     </span>
    </p>
   </div>
   <div class='ocr_carea' id='block_1_38' title="bbox 1864 969 3426 1040">
    <p class='ocr_par' dir='ltr' id='par_1_38' title="bbox 1864 969 3426 1040">
     <span class='ocr_line' id='line_1_38' title="bbox 1864 969 3426 1040; baseline -0.002 -14"><span class='ocrx_word' id='word_1_260' title='bbox 1864 972 1993 1040; x_wconf 85' lang='lat' dir='ltr'><strong>ipsis</strong></span> <span class='ocrx_word' id='word_1_261' title='bbox 2032 972 2202 1038; x_wconf 89' lang='lat' dir='ltr'><strong>libet;</strong></span> <span class='ocrx_word' id='word_1_262' title='bbox 2243 987 2365 1025; x_wconf 88' lang='lat' dir='ltr'><strong>nam</strong></span> <span class='ocrx_word' id='word_1_263' title='bbox 2400 969 2696 1035; x_wconf 74' lang='lat' dir='ltr'><strong>signiﬁcari</strong></span> <span class='ocrx_word' id='word_1_264' title='bbox 2751 969 2972 1038; x_wconf 86' lang='lat' dir='ltr'><strong>volunt,</strong></span> <span class='ocrx_word' id='word_1_265' title='bbox 3016 969 3289 1024; x_wconf 80' lang='lat' dir='ltr'><strong>Christum</strong></span> <span class='ocrx_word' id='word_1_266' title='bbox 3328 986 3426 1038; x_wconf 89' lang='lat' dir='ltr'><strong>po-</strong></span> 
     </span>
    </p>
   </div>
   <div class='ocr_carea' id='block_1_39' title="bbox 1864 1057 3429 1129">
    <p class='ocr_par' dir='ltr' id='par_1_39' title="bbox 1864 1057 3429 1129">
     <span class='ocr_line' id='line_1_39' title="bbox 1864 1057 3429 1129; baseline -0.001 -16"><span class='ocrx_word' id='word_1_267' title='bbox 1864 1061 2026 1113; x_wconf 86' lang='lat' dir='ltr'><strong>tentia</strong></span> <span class='ocrx_word' id='word_1_268' title='bbox 2059 1074 2120 1113; x_wconf 91' lang='lat' dir='ltr'><strong>ac</strong></span> <span class='ocrx_word' id='word_1_269' title='bbox 2154 1059 2417 1129; x_wconf 76' lang='lat' dir='ltr'><strong>sapientia</strong></span> <span class='ocrx_word' id='word_1_270' title='bbox 2452 1058 2544 1112; x_wconf 89' lang='lat' dir='ltr'><strong>Dei</strong></span> <span class='ocrx_word' id='word_1_271' title='bbox 2578 1066 2820 1112; x_wconf 89' lang='lat' dir='ltr'><strong>creatum</strong></span> <span class='ocrx_word' id='word_1_272' title='bbox 2852 1071 2993 1111; x_wconf 90' lang='lat' dir='ltr'><strong>esse.</strong></span> <span class='ocrx_word' id='word_1_273' title='bbox 3028 1057 3099 1111; x_wconf 89' lang='lat' dir='ltr'><strong>At</strong></span> <span class='ocrx_word' id='word_1_274' title='bbox 3130 1057 3309 1112; x_wconf 81' lang='lat' dir='ltr'><strong>verbis</strong></span> <span class='ocrx_word' id='word_1_275' title='bbox 3347 1058 3429 1127; x_wconf 89' lang='lat' dir='ltr'><strong>ip-</strong></span> 
     </span>
    </p>
   </div>
   <div class='ocr_carea' id='block_1_40' title="bbox 1873 1147 3427 1217">
    <p class='ocr_par' dir='ltr' id='par_1_40' title="bbox 1873 1147 3427 1217">
     <span class='ocr_line' id='line_1_40' title="bbox 1873 1147 3427 1217; baseline -0.001 -14"><span class='ocrx_word' id='word_1_276' title='bbox 1873 1151 1949 1205; x_wconf 87' lang='lat' dir='ltr'><strong>sis</strong></span> <span class='ocrx_word' id='word_1_277' title='bbox 1992 1149 2143 1203; x_wconf 82' lang='lat' dir='ltr'><strong>Pauli</strong></span> <span class='ocrx_word' id='word_1_278' title='bbox 2179 1162 2473 1217; x_wconf 90' lang='lat' dir='ltr'><strong>eorumque</strong></span> <span class='ocrx_word' id='word_1_279' title='bbox 2497 1162 2657 1202; x_wconf 89' lang='lat' dir='ltr'><strong>sensu</strong></span> <span class='ocrx_word' id='word_1_280' title='bbox 2686 1148 2974 1213; x_wconf 90' lang='lat' dir='ltr'><strong>indicatur,</strong></span> <span class='ocrx_word' id='word_1_281' title='bbox 3002 1147 3427 1203; x_wconf 86' lang='lat' dir='ltr'><strong>lncarnationem</strong></span> 
     </span>
    </p>
   </div>
   <div class='ocr_carea' id='block_1_41' title="bbox 1861 1237 3430 1308">
    <p class='ocr_par' dir='ltr' id='par_1_41' title="bbox 1861 1237 3430 1308">
     <span class='ocr_line' id='line_1_41' title="bbox 1861 1237 3430 1308; baseline 0.001 -15"><span class='ocrx_word' id='word_1_282' title='bbox 1861 1240 1928 1294; x_wconf 86' lang='lat' dir='ltr'><strong>ab</strong></span> <span class='ocrx_word' id='word_1_283' title='bbox 1949 1254 2016 1295; x_wconf 89' lang='lat' dir='ltr'><strong>eo</strong></span> <span class='ocrx_word' id='word_1_284' title='bbox 2041 1238 2274 1308; x_wconf 87' lang='lat' dir='ltr'><strong>spectari</strong></span> <span class='ocrx_word' id='word_1_285' title='bbox 2303 1255 2317 1305; x_wconf 90' lang='lat'><strong>;</strong></span> <span class='ocrx_word' id='word_1_286' title='bbox 2352 1239 2402 1291; x_wconf 91' lang='lat' dir='ltr'><strong>in</strong></span> <span class='ocrx_word' id='word_1_287' title='bbox 2433 1238 2534 1292; x_wconf 88' lang='lat' dir='ltr'><strong>hac</strong></span> <span class='ocrx_word' id='word_1_288' title='bbox 2555 1240 2699 1292; x_wconf 87' lang='lat' dir='ltr'><strong>enim</strong></span> <span class='ocrx_word' id='word_1_289' title='bbox 2729 1237 2923 1292; x_wconf 81' lang='lat' dir='ltr'><strong>Filium</strong></span> <span class='ocrx_word' id='word_1_290' title='bbox 2951 1238 3281 1293; x_wconf 85' lang='lat' dir='ltr'><strong>nominatum</strong></span> <span class='ocrx_word' id='word_1_291' title='bbox 3307 1254 3430 1294; x_wconf 87' lang='lat' dir='ltr'><strong>esse</strong></span> 
     </span>
    </p>
   </div>
   <div class='ocr_carea' id='block_1_42' title="bbox 1861 1328 3427 1397">
    <p class='ocr_par' dir='ltr' id='par_1_42' title="bbox 1861 1328 3427 1397">
     <span class='ocr_line' id='line_1_42' title="bbox 1861 1328 3427 1397; baseline 0 -13"><span class='ocrx_word' id='word_1_292' title='bbox 1861 1330 1970 1385; x_wconf 85' lang='lat' dir='ltr'><strong>vult</strong></span> <span class='ocrx_word' id='word_1_293' title='bbox 2014 1328 2289 1385; x_wconf 88' lang='lat' dir='ltr'><strong>Christum</strong></span> <span class='ocrx_word' id='word_1_294' title='bbox 2338 1330 2510 1382; x_wconf 86' lang='lat' dir='ltr'><strong>instar</strong></span> <span class='ocrx_word' id='word_1_295' title='bbox 2548 1342 2735 1382; x_wconf 89' lang='lat' dir='ltr'><strong>eorum</strong></span> <span class='ocrx_word' id='word_1_296' title='bbox 2769 1328 2860 1397; x_wconf 90' lang='lat' dir='ltr'><strong>qui</strong></span> <span class='ocrx_word' id='word_1_297' title='bbox 2912 1339 3037 1383; x_wconf 88' lang='lat' dir='ltr'><strong>ante</strong></span> <span class='ocrx_word' id='word_1_298' title='bbox 3070 1329 3219 1383; x_wconf 90' lang='lat' dir='ltr'><strong>illum</strong></span> <span class='ocrx_word' id='word_1_299' title='bbox 3250 1330 3427 1384; x_wconf 88' lang='lat' dir='ltr'><strong>vocati</strong></span> 
     </span>
    </p>
   </div>
   <div class='ocr_carea' id='block_1_43' title="bbox 1860 1418 3429 1489">
    <p class='ocr_par' dir='ltr' id='par_1_43' title="bbox 1860 1418 3429 1489">
     <span class='ocr_line' id='line_1_43' title="bbox 1860 1418 3429 1489; baseline 0 -13"><span class='ocrx_word' id='word_1_300' title='bbox 1860 1431 1989 1476; x_wconf 88' lang='lat' dir='ltr'><strong>sunt</strong></span> <span class='ocrx_word' id='word_1_301' title='bbox 2025 1420 2238 1476; x_wconf 87' lang='lat' dir='ltr'><strong>christi.</strong></span> <span class='ocrx_word' id='word_1_302' title='bbox 2277 1419 2429 1485; x_wconf 82' lang='lat' dir='ltr'><strong>Quod</strong></span> <span class='ocrx_word' id='word_1_303' title='bbox 2464 1418 2510 1472; x_wconf 84' lang='lat' dir='ltr'><strong>si</strong></span> <span class='ocrx_word' id='word_1_304' title='bbox 2544 1420 2706 1473; x_wconf 89' lang='lat' dir='ltr'><strong>etiam</strong></span> <span class='ocrx_word' id='word_1_305' title='bbox 2743 1419 2811 1474; x_wconf 91' lang='lat' dir='ltr'><strong>de</strong></span> <span class='ocrx_word' id='word_1_306' title='bbox 2843 1419 2958 1489; x_wconf 84' lang='lat' dir='ltr'><strong>ejus</strong></span> <span class='ocrx_word' id='word_1_307' title='bbox 2983 1420 3263 1475; x_wconf 84' lang='lat' dir='ltr'><strong>divinitate</strong></span> <span class='ocrx_word' id='word_1_308' title='bbox 3285 1421 3429 1476; x_wconf 84' lang='lat' dir='ltr'><strong>acci-</strong></span> 
     </span>
    </p>
   </div>
   <div class='ocr_carea' id='block_1_44' title="bbox 1859 1508 3426 1582">
    <p class='ocr_par' dir='ltr' id='par_1_44' title="bbox 1859 1508 3426 1582">
     <span class='ocr_line' id='line_1_44' title="bbox 1859 1508 3426 1582; baseline 0 -17"><span class='ocrx_word' id='word_1_309' title='bbox 1859 1513 2108 1582; x_wconf 89' lang='lat' dir='ltr'><strong>piendum</strong></span> <span class='ocrx_word' id='word_1_310' title='bbox 2144 1512 2213 1565; x_wconf 86' lang='lat' dir='ltr'><strong>sit</strong></span> <span class='ocrx_word' id='word_1_311' title='bbox 2241 1508 2393 1564; x_wconf 86' lang='lat' dir='ltr'><strong>Pauli</strong></span> <span class='ocrx_word' id='word_1_312' title='bbox 2423 1510 2625 1564; x_wconf 87' lang='lat' dir='ltr'><strong>dictum</strong></span> <span class='ocrx_word' id='word_1_313' title='bbox 2650 1547 2665 1573; x_wconf 92' lang='lat'><strong>,</strong></span> <span class='ocrx_word' id='word_1_314' title='bbox 2700 1510 2832 1563; x_wconf 90' lang='lat' dir='ltr'><strong>nihil</strong></span> <span class='ocrx_word' id='word_1_315' title='bbox 2859 1510 3003 1564; x_wconf 91' lang='lat' dir='ltr'><strong>aliud</strong></span> <span class='ocrx_word' id='word_1_316' title='bbox 3031 1510 3226 1565; x_wconf 89' lang='lat' dir='ltr'><strong>ibidem</strong></span> <span class='ocrx_word' id='word_1_317' title='bbox 3257 1512 3426 1580; x_wconf 88' lang='lat' dir='ltr'><strong>signi-</strong></span> 
     </span>
    </p>
   </div>
   <div class='ocr_carea' id='block_1_45' title="bbox 1860 1599 3426 1670">
    <p class='ocr_par' dir='ltr' id='par_1_45' title="bbox 1860 1599 3426 1670">
     <span class='ocr_line' id='line_1_45' title="bbox 1860 1599 3426 1670; baseline 0.001 -15"><span class='ocrx_word' id='word_1_318' title='bbox 1860 1603 2076 1670; x_wconf 80' lang='lat' dir='ltr'><strong>ﬁcatur,</strong></span> <span class='ocrx_word' id='word_1_319' title='bbox 2109 1602 2211 1657; x_wconf 89' lang='lat' dir='ltr'><strong>nisi</strong></span> <span class='ocrx_word' id='word_1_320' title='bbox 2240 1617 2362 1656; x_wconf 89' lang='lat' dir='ltr'><strong>eum</strong></span> <span class='ocrx_word' id='word_1_321' title='bbox 2400 1615 2788 1670; x_wconf 86' lang='lat' dir='ltr'><strong>usquequaque</strong></span> <span class='ocrx_word' id='word_1_322' title='bbox 2820 1599 2967 1655; x_wconf 83' lang='lat' dir='ltr'><strong>Patri</strong></span> <span class='ocrx_word' id='word_1_323' title='bbox 2990 1602 3426 1656; x_wconf 87' lang='lat' dir='ltr'><strong>consubstantia-</strong></span> 
     </span>
    </p>
   </div>
   <div class='ocr_carea' id='block_1_46' title="bbox 1859 1688 3424 1761">
    <p class='ocr_par' dir='ltr' id='par_1_46' title="bbox 1859 1688 3424 1761">
     <span class='ocr_line' id='line_1_46' title="bbox 1859 1688 3424 1761; baseline 0.001 -17"><span class='ocrx_word' id='word_1_324' title='bbox 1859 1691 1962 1745; x_wconf 91' lang='lat' dir='ltr'><strong>lem</strong></span> <span class='ocrx_word' id='word_1_325' title='bbox 1993 1707 2110 1746; x_wconf 87' lang='lat' dir='ltr'><strong>esse</strong></span> <span class='ocrx_word' id='word_1_326' title='bbox 2137 1706 2153 1758; x_wconf 91' lang='lat'><strong>;</strong></span> <span class='ocrx_word' id='word_1_327' title='bbox 2176 1706 2390 1745; x_wconf 89' lang='lat' dir='ltr'><strong>omnem</strong></span> <span class='ocrx_word' id='word_1_328' title='bbox 2422 1691 2563 1744; x_wconf 91' lang='lat' dir='ltr'><strong>enim</strong></span> <span class='ocrx_word' id='word_1_329' title='bbox 2596 1688 2771 1743; x_wconf 88' lang='lat' dir='ltr'><strong>Patris</strong></span> <span class='ocrx_word' id='word_1_330' title='bbox 2797 1706 2920 1744; x_wconf 92' lang='lat' dir='ltr'><strong>cum</strong></span> <span class='ocrx_word' id='word_1_331' title='bbox 2948 1692 3240 1761; x_wconf 87' lang='lat' dir='ltr'><strong>potentiam</strong></span> <span class='ocrx_word' id='word_1_332' title='bbox 3262 1730 3279 1755; x_wconf 93' lang='lat'><strong>,</strong></span> <span class='ocrx_word' id='word_1_333' title='bbox 3314 1701 3424 1746; x_wconf 90' lang='lat' dir='ltr'><strong>tum</strong></span> 
     </span>
    </p>
   </div>
   <div class='ocr_carea' id='block_1_47' title="bbox 1860 1778 3425 1852">
    <p class='ocr_par' dir='ltr' id='par_1_47' title="bbox 1860 1778 3425 1852">
     <span class='ocr_line' id='line_1_47' title="bbox 1860 1778 3425 1852; baseline 0.001 -16"><span class='ocrx_word' id='word_1_334' title='bbox 1860 1782 2181 1852; x_wconf 88' lang='lat' dir='ltr'><strong>sapientiam</strong></span> <span class='ocrx_word' id='word_1_335' title='bbox 2232 1782 2283 1834; x_wconf 89' lang='lat' dir='ltr'><strong>in</strong></span> <span class='ocrx_word' id='word_1_336' title='bbox 2328 1778 2480 1850; x_wconf 88' lang='lat' dir='ltr'><strong>ipso,</strong></span> <span class='ocrx_word' id='word_1_337' title='bbox 2519 1791 2775 1851; x_wconf 91' lang='lat' dir='ltr'><strong>tanquam</strong></span> <span class='ocrx_word' id='word_1_338' title='bbox 2832 1781 2884 1835; x_wconf 93' lang='lat' dir='ltr'><strong>in</strong></span> <span class='ocrx_word' id='word_1_339' title='bbox 2923 1780 3099 1837; x_wconf 82' lang='lat' dir='ltr'><strong>Verbo</strong></span> <span class='ocrx_word' id='word_1_340' title='bbox 3131 1781 3425 1850; x_wconf 88' lang='lat' dir='ltr'><strong>Creatore,</strong></span> 
     </span>
    </p>
   </div>
   <div class='ocr_carea' id='block_1_48' title="bbox 1858 1871 2911 1943">
    <p class='ocr_par' dir='ltr' id='par_1_48' title="bbox 1858 1871 2911 1943">
     <span class='ocr_line' id='line_1_48' title="bbox 1858 1871 2911 1943; baseline -0.003 -14"><span class='ocrx_word' id='word_1_341' title='bbox 1858 1884 1913 1929; x_wconf 87' lang='lat' dir='ltr'><strong>et</strong></span> <span class='ocrx_word' id='word_1_342' title='bbox 1944 1888 2070 1930; x_wconf 86' lang='lat' dir='ltr'><strong>vero</strong></span> <span class='ocrx_word' id='word_1_343' title='bbox 2099 1871 2214 1943; x_wconf 82' lang='lat' dir='ltr'><strong>ejus</strong></span> <span class='ocrx_word' id='word_1_344' title='bbox 2242 1871 2414 1937; x_wconf 76' lang='lat' dir='ltr'><strong>Filio,</strong></span> <span class='ocrx_word' id='word_1_345' title='bbox 2449 1872 2627 1926; x_wconf 88' lang='lat' dir='ltr'><strong>inesse</strong></span> <span class='ocrx_word' id='word_1_346' title='bbox 2654 1872 2911 1926; x_wconf 85' lang='lat' dir='ltr'><strong>declarat.</strong></span> 
     </span>
    </p>
   </div>
   <div class='ocr_carea' id='block_1_49' title="bbox 2483 1961 2808 2017">
    <p class='ocr_par' dir='ltr' id='par_1_49' title="bbox 2483 1961 2808 2017">
     <span class='ocr_line' id='line_1_49' title="bbox 2483 1961 2808 2017; baseline 0 -1"><span class='ocrx_word' id='word_1_347' title='bbox 2483 1961 2635 2017; x_wconf 83' lang='lat' dir='ltr'><strong>CAP.</strong></span> <span class='ocrx_word' id='word_1_348' title='bbox 2681 1961 2808 2016; x_wconf 87' lang='lat' dir='ltr'><strong>Vlll.</strong></span> 
     </span>
    </p>
   </div>
   <div class='ocr_carea' id='block_1_50' title="bbox 1929 2051 3424 2123">
    <p class='ocr_par' dir='ltr' id='par_1_50' title="bbox 1929 2051 3424 2123">
     <span class='ocr_line' id='line_1_50' title="bbox 1929 2051 3424 2123; baseline -0.003 -14"><span class='ocrx_word' id='word_1_349' title='bbox 1929 2054 1984 2109; x_wconf 94' lang='lat' dir='ltr'><strong>ln</strong></span> <span class='ocrx_word' id='word_1_350' title='bbox 2016 2069 2081 2109; x_wconf 87' lang='lat' dir='ltr'><strong>eo</strong></span> <span class='ocrx_word' id='word_1_351' title='bbox 2110 2062 2272 2108; x_wconf 75' lang='lat' dir='ltr'><strong>etiam</strong></span> <span class='ocrx_word' id='word_1_352' title='bbox 2299 2063 2525 2122; x_wconf 89' lang='lat' dir='ltr'><strong>peccant</strong></span> <span class='ocrx_word' id='word_1_353' title='bbox 2557 2053 2798 2107; x_wconf 88' lang='lat' dir='ltr'><strong>haeretici</strong></span> <span class='ocrx_word' id='word_1_354' title='bbox 2820 2091 2836 2116; x_wconf 96' lang='lat'><strong>,</strong></span> <span class='ocrx_word' id='word_1_355' title='bbox 2862 2051 3009 2121; x_wconf 88' lang='lat' dir='ltr'><strong>quod</strong></span> <span class='ocrx_word' id='word_1_356' title='bbox 3037 2052 3112 2105; x_wconf 85' lang='lat' dir='ltr'><strong>sic</strong></span> <span class='ocrx_word' id='word_1_357' title='bbox 3136 2066 3424 2123; x_wconf 84' lang='lat' dir='ltr'><strong>argumen-</strong></span> 
     </span>
    </p>
   </div>
   <div class='ocr_carea' id='block_1_51' title="bbox 1864 2141 3412 2211">
    <p class='ocr_par' dir='ltr' id='par_1_51' title="bbox 1864 2141 3412 2211">
     <span class='ocr_line' id='line_1_51' title="bbox 1864 2141 3412 2211; baseline -0.004 -10"><span class='ocrx_word' id='word_1_358' title='bbox 1864 2156 2044 2201; x_wconf 90' lang='lat' dir='ltr'><strong>tentur</strong></span> <span class='ocrx_word' id='word_1_359' title='bbox 2072 2164 2086 2200; x_wconf 90' lang='lat'><strong>:</strong></span> <span class='ocrx_word' id='word_1_360' title='bbox 2119 2142 2224 2199; x_wconf 89' lang='lat' dir='ltr'><strong>Viti</strong></span> <span class='ocrx_word' id='word_1_361' title='bbox 2258 2144 2530 2200; x_wconf 85' lang='lat' dir='ltr'><strong>Christum</strong></span> <span class='ocrx_word' id='word_1_362' title='bbox 2572 2143 2907 2211; x_wconf 85' lang='lat' dir='ltr'><strong>comparavit</strong></span> <span class='ocrx_word' id='word_1_363' title='bbox 2950 2142 3260 2211; x_wconf 86' lang='lat' dir='ltr'><strong>Scriptura,</strong></span> <span class='ocrx_word' id='word_1_364' title='bbox 3294 2141 3412 2211; x_wconf 85' lang='lat' dir='ltr'><strong>pal-</strong></span> 
     </span>
    </p>
   </div>
   <div class='ocr_carea' id='block_1_52' title="bbox 1859 2232 3421 2304">
    <p class='ocr_par' dir='ltr' id='par_1_52' title="bbox 1859 2232 3421 2304">
     <span class='ocr_line' id='line_1_52' title="bbox 1859 2232 3421 2304; baseline -0.003 -13"><span class='ocrx_word' id='word_1_365' title='bbox 1859 2237 2079 2292; x_wconf 89' lang='lat' dir='ltr'><strong>mitibus</strong></span> <span class='ocrx_word' id='word_1_366' title='bbox 2126 2235 2409 2298; x_wconf 81' lang='lat' dir='ltr'><strong>hutttines,</strong></span> <span class='ocrx_word' id='word_1_367' title='bbox 2458 2234 2712 2304; x_wconf 72' lang='lat' dir='ltr'><strong>agricola:</strong></span> <span class='ocrx_word' id='word_1_368' title='bbox 2763 2248 2893 2289; x_wconf 91' lang='lat' dir='ltr'><strong>vero</strong></span> <span class='ocrx_word' id='word_1_369' title='bbox 2924 2232 3160 2288; x_wconf 84' lang='lat' dir='ltr'><strong>Patrem.</strong></span> <span class='ocrx_word' id='word_1_370' title='bbox 3192 2234 3261 2287; x_wconf 89' lang='lat' dir='ltr'><strong>At</strong></span> <span class='ocrx_word' id='word_1_371' title='bbox 3294 2234 3421 2287; x_wconf 89' lang='lat' dir='ltr'><strong>vitis</strong></span> 
     </span>
    </p>
   </div>
   <div class='ocr_carea' id='block_1_53' title="bbox 1858 2324 3418 2393">
    <p class='ocr_par' dir='ltr' id='par_1_53' title="bbox 1858 2324 3418 2393">
     <span class='ocr_line' id='line_1_53' title="bbox 1858 2324 3418 2393; baseline -0.003 -9"><span class='ocrx_word' id='word_1_372' title='bbox 1858 2329 2101 2384; x_wconf 88' lang='lat' dir='ltr'><strong>eamdem</strong></span> <span class='ocrx_word' id='word_1_373' title='bbox 2138 2337 2385 2380; x_wconf 87' lang='lat' dir='ltr'><strong>naturam</strong></span> <span class='ocrx_word' id='word_1_374' title='bbox 2419 2326 2582 2379; x_wconf 90' lang='lat' dir='ltr'><strong>habet</strong></span> <span class='ocrx_word' id='word_1_375' title='bbox 2609 2340 2731 2379; x_wconf 90' lang='lat' dir='ltr'><strong>cum</strong></span> <span class='ocrx_word' id='word_1_376' title='bbox 2767 2324 3077 2393; x_wconf 87' lang='lat' dir='ltr'><strong>palmitibus</strong></span> <span class='ocrx_word' id='word_1_377' title='bbox 3099 2365 3115 2391; x_wconf 92' lang='lat'><strong>,</strong></span> <span class='ocrx_word' id='word_1_378' title='bbox 3148 2339 3253 2379; x_wconf 93' lang='lat' dir='ltr'><strong>non</strong></span> <span class='ocrx_word' id='word_1_379' title='bbox 3288 2339 3418 2379; x_wconf 88' lang='lat' dir='ltr'><strong>vero</strong></span> 
     </span>
    </p>
   </div>
   <div class='ocr_carea' id='block_1_54' title="bbox 1861 2416 3419 2488">
    <p class='ocr_par' dir='ltr' id='par_1_54' title="bbox 1861 2416 3419 2488">
     <span class='ocr_line' id='line_1_54' title="bbox 1861 2416 3419 2488; baseline -0.002 -13"><span class='ocrx_word' id='word_1_380' title='bbox 1861 2435 1981 2475; x_wconf 86' lang='lat' dir='ltr'><strong>cum</strong></span> <span class='ocrx_word' id='word_1_381' title='bbox 2027 2419 2279 2488; x_wconf 81' lang='lat' dir='ltr'><strong>agricola.</strong></span> <span class='ocrx_word' id='word_1_382' title='bbox 2321 2416 2458 2471; x_wconf 82' lang='lat' dir='ltr'><strong>Filio</strong></span> <span class='ocrx_word' id='word_1_383' title='bbox 2508 2417 2690 2486; x_wconf 76' lang='lat' dir='ltr'><strong>igitur,</strong></span> <span class='ocrx_word' id='word_1_384' title='bbox 2743 2416 3027 2484; x_wconf 79' lang='lat' dir='ltr'><strong>inquiunt,</strong></span> <span class='ocrx_word' id='word_1_385' title='bbox 3076 2430 3419 2472; x_wconf 87' lang='lat' dir='ltr'><strong>communem</strong></span> 
     </span>
    </p>
   </div>
   <div class='ocr_carea' id='block_1_55' title="bbox 1859 2505 3413 2590">
    <p class='ocr_par' dir='ltr' id='par_1_55' title="bbox 1859 2505 3413 2590">
     <span class='ocr_line' id='line_1_55' title="bbox 1859 2505 3413 2590; baseline -0.003 -25"><span class='ocrx_word' id='word_1_386' title='bbox 1859 2526 1979 2565; x_wconf 80' lang='lat' dir='ltr'><strong>cum</strong></span> <span class='ocrx_word' id='word_1_387' title='bbox 2013 2509 2353 2571; x_wconf 89' lang='lat' dir='ltr'><strong>hominibus,</strong></span> <span class='ocrx_word' id='word_1_388' title='bbox 2383 2523 2486 2590; x_wconf 78' lang='lat' dir='ltr'><strong>non</strong></span> <span class='ocrx_word' id='word_1_389' title='bbox 2519 2522 2646 2561; x_wconf 84' lang='lat' dir='ltr'><strong>vero</strong></span> <span class='ocrx_word' id='word_1_390' title='bbox 2675 2522 2795 2561; x_wconf 86' lang='lat' dir='ltr'><strong>cum</strong></span> <span class='ocrx_word' id='word_1_391' title='bbox 2827 2505 2935 2559; x_wconf 85' lang='lat' dir='ltr'><strong>Deo</strong></span> <span class='ocrx_word' id='word_1_392' title='bbox 2972 2516 3028 2560; x_wconf 92' lang='lat' dir='ltr'><strong>et</strong></span> <span class='ocrx_word' id='word_1_393' title='bbox 3066 2506 3227 2561; x_wconf 88' lang='lat' dir='ltr'><strong>Patre</strong></span> <span class='ocrx_word' id='word_1_394' title='bbox 3252 2546 3268 2573; x_wconf 91' lang='lat'><strong>,</strong></span> <span class='ocrx_word' id='word_1_395' title='bbox 3314 2522 3413 2561; x_wconf 88' lang='lat' dir='ltr'><strong>na-</strong></span> 
     </span>
    </p>
   </div>
   <div class='ocr_carea' id='block_1_56' title="bbox 1860 2596 3421 2654">
    <p class='ocr_par' dir='ltr' id='par_1_56' title="bbox 1860 2596 3421 2654">
     <span class='ocr_line' id='line_1_56' title="bbox 1860 2596 3421 2654; baseline -0.002 0"><span class='ocrx_word' id='word_1_396' title='bbox 1860 2610 2033 2654; x_wconf 65' lang='lat' dir='ltr'><strong>turam</strong></span> <span class='ocrx_word' id='word_1_397' title='bbox 2068 2613 2186 2654; x_wconf 86' lang='lat' dir='ltr'><strong>esse</strong></span> <span class='ocrx_word' id='word_1_398' title='bbox 2218 2598 2494 2654; x_wconf 88' lang='lat' dir='ltr'><strong>declarant</strong></span> <span class='ocrx_word' id='word_1_399' title='bbox 2556 2596 2736 2651; x_wconf 88' lang='lat' dir='ltr'><strong>divina</strong></span> <span class='ocrx_word' id='word_1_400' title='bbox 2786 2596 3024 2653; x_wconf 87' lang='lat' dir='ltr'><strong>oracula.</strong></span> <span class='ocrx_word' id='word_1_401' title='bbox 3077 2596 3187 2651; x_wconf 82' lang='lat' dir='ltr'><strong>Nos</strong></span> <span class='ocrx_word' id='word_1_402' title='bbox 3240 2607 3421 2652; x_wconf 90' lang='lat' dir='ltr'><strong>autem</strong></span> 
     </span>
    </p>
   </div>
   <div class='ocr_carea' id='block_1_57' title="bbox 1859 2687 3419 2758">
    <p class='ocr_par' dir='ltr' id='par_1_57' title="bbox 1859 2687 3419 2758">
     <span class='ocr_line' id='line_1_57' title="bbox 1859 2687 3419 2758; baseline 0.001 -14"><span class='ocrx_word' id='word_1_403' title='bbox 1859 2707 2047 2745; x_wconf 81' lang='lat' dir='ltr'><strong>eortun</strong></span> <span class='ocrx_word' id='word_1_404' title='bbox 2081 2698 2400 2758; x_wconf 77' lang='lat' dir='ltr'><strong>argumento</strong></span> <span class='ocrx_word' id='word_1_405' title='bbox 2444 2689 2514 2742; x_wconf 90' lang='lat' dir='ltr'><strong>ita</strong></span> <span class='ocrx_word' id='word_1_406' title='bbox 2556 2689 2916 2743; x_wconf 88' lang='lat' dir='ltr'><strong>occurrimus.</strong></span> <span class='ocrx_word' id='word_1_407' title='bbox 2965 2687 3272 2744; x_wconf 75' lang='lat' dir='ltr'><strong>Secundum</strong></span> <span class='ocrx_word' id='word_1_408' title='bbox 3306 2690 3419 2746; x_wconf 87' lang='lat' dir='ltr'><strong>dei-</strong></span> 
     </span>
    </p>
   </div>
   <div class='ocr_carea' id='block_1_58' title="bbox 1863 2779 3423 2850">
    <p class='ocr_par' dir='ltr' id='par_1_58' title="bbox 1863 2779 3423 2850">
     <span class='ocr_line' id='line_1_58' title="bbox 1863 2779 3423 2850; baseline -0.001 -15"><span class='ocrx_word' id='word_1_409' title='bbox 1863 2791 2021 2837; x_wconf 60' lang='lat' dir='ltr'><strong>tatem</strong></span> <span class='ocrx_word' id='word_1_410' title='bbox 2047 2781 2262 2847; x_wconf 88' lang='lat' dir='ltr'><strong>quidem</strong></span> <span class='ocrx_word' id='word_1_411' title='bbox 2289 2779 2539 2834; x_wconf 86' lang='lat' dir='ltr'><strong>Christus</strong></span> <span class='ocrx_word' id='word_1_412' title='bbox 2564 2790 2648 2833; x_wconf 88' lang='lat' dir='ltr'><strong>est</strong></span> <span class='ocrx_word' id='word_1_413' title='bbox 2673 2779 2878 2833; x_wconf 81' lang='lat' dir='ltr'><strong>fructus</strong></span> <span class='ocrx_word' id='word_1_414' title='bbox 2906 2780 3252 2850; x_wconf 82' lang='lat' dir='ltr'><strong>hypostascos</strong></span> <span class='ocrx_word' id='word_1_415' title='bbox 3276 2779 3423 2849; x_wconf 85' lang='lat' dir='ltr'><strong>agri-</strong></span> 
     </span>
    </p>
   </div>
   <div class='ocr_carea' id='block_1_59' title="bbox 1860 2868 3425 2937">
    <p class='ocr_par' dir='ltr' id='par_1_59' title="bbox 1860 2868 3425 2937">
     <span class='ocr_line' id='line_1_59' title="bbox 1860 2868 3425 2937; baseline -0.001 -12"><span class='ocrx_word' id='word_1_416' title='bbox 1860 2874 2008 2925; x_wconf 60' lang='lat' dir='ltr'><strong>colae.</strong></span> <span class='ocrx_word' id='word_1_417' title='bbox 2057 2871 2151 2924; x_wconf 88' lang='lat' dir='ltr'><strong>Sin</strong></span> <span class='ocrx_word' id='word_1_418' title='bbox 2188 2878 2367 2922; x_wconf 87' lang='lat' dir='ltr'><strong>autem</strong></span> <span class='ocrx_word' id='word_1_419' title='bbox 2399 2869 2691 2922; x_wconf 87' lang='lat' dir='ltr'><strong>secundum</strong></span> <span class='ocrx_word' id='word_1_420' title='bbox 2724 2882 2941 2922; x_wconf 80' lang='lat' dir='ltr'><strong>carnem</strong></span> <span class='ocrx_word' id='word_1_421' title='bbox 2971 2877 3264 2937; x_wconf 90' lang='lat' dir='ltr'><strong>spectetur,</strong></span> <span class='ocrx_word' id='word_1_422' title='bbox 3305 2868 3425 2936; x_wconf 78' lang='lat' dir='ltr'><strong>ejus</strong></span> 
     </span>
    </p>
   </div>
   <div class='ocr_carea' id='block_1_60' title="bbox 1860 2956 3419 3028">
    <p class='ocr_par' dir='ltr' id='par_1_60' title="bbox 1860 2956 3419 3028">
     <span class='ocr_line' id='line_1_60' title="bbox 1860 2956 3419 3028; baseline 0 -18"><span class='ocrx_word' id='word_1_423' title='bbox 1860 2960 2109 3028; x_wconf 77' lang='lat' dir='ltr'><strong>palmites</strong></span> <span class='ocrx_word' id='word_1_424' title='bbox 2137 2972 2323 3014; x_wconf 89' lang='lat' dir='ltr'><strong>sumus</strong></span> <span class='ocrx_word' id='word_1_425' title='bbox 2355 2973 2470 3012; x_wconf 86' lang='lat' dir='ltr'><strong>nos.</strong></span> <span class='ocrx_word' id='word_1_426' title='bbox 2507 2956 2637 3024; x_wconf 75' lang='lat' dir='ltr'><strong>Quae</strong></span> <span class='ocrx_word' id='word_1_427' title='bbox 2664 2958 2789 3011; x_wconf 91' lang='lat' dir='ltr'><strong>dum</strong></span> <span class='ocrx_word' id='word_1_428' title='bbox 2814 2957 3043 3011; x_wconf 88' lang='lat' dir='ltr'><strong>dicimus</strong></span> <span class='ocrx_word' id='word_1_429' title='bbox 3064 2997 3081 3021; x_wconf 91' lang='lat'><strong>,</strong></span> <span class='ocrx_word' id='word_1_430' title='bbox 3110 2957 3177 3010; x_wconf 91' lang='lat' dir='ltr'><strong>ad</strong></span> <span class='ocrx_word' id='word_1_431' title='bbox 3207 2972 3269 3013; x_wconf 87' lang='lat' dir='ltr'><strong>ea</strong></span> <span class='ocrx_word' id='word_1_432' title='bbox 3305 2973 3419 3011; x_wconf 81' lang='lat' dir='ltr'><strong>Ina-</strong></span> 
     </span>
    </p>
   </div>
   <div class='ocr_carea' id='block_1_61' title="bbox 1860 3044 3425 3114">
    <p class='ocr_par' dir='ltr' id='par_1_61' title="bbox 1860 3044 3425 3114">
     <span class='ocr_line' id='line_1_61' title="bbox 1860 3044 3425 3114; baseline 0.001 -15"><span class='ocrx_word' id='word_1_433' title='bbox 1860 3045 2004 3099; x_wconf 78' lang='lat' dir='ltr'><strong>xiine</strong></span> <span class='ocrx_word' id='word_1_434' title='bbox 2052 3045 2291 3100; x_wconf 85' lang='lat' dir='ltr'><strong>animum</strong></span> <span class='ocrx_word' id='word_1_435' title='bbox 2336 3046 2663 3100; x_wconf 89' lang='lat' dir='ltr'><strong>attendimus</strong></span> <span class='ocrx_word' id='word_1_436' title='bbox 2688 3084 2704 3108; x_wconf 93' lang='lat'><strong>,</strong></span> <span class='ocrx_word' id='word_1_437' title='bbox 2728 3060 2848 3114; x_wconf 69' lang='lat' dir='ltr'><strong>qua:</strong></span> <span class='ocrx_word' id='word_1_438' title='bbox 2888 3044 3088 3101; x_wconf 89' lang='lat' dir='ltr'><strong>Paulus</strong></span> <span class='ocrx_word' id='word_1_439' title='bbox 3121 3047 3425 3114; x_wconf 83' lang='lat' dir='ltr'><strong>dogmatice</strong></span> 
     </span>
    </p>
   </div>
   <div class='ocr_carea' id='block_1_62' title="bbox 204 3128 1758 3223">
    <p class='ocr_par' dir='ltr' id='par_1_62' title="bbox 204 3144 1752 3223">
     <span class='ocr_line' id='line_1_62' title="bbox 204 3144 1752 3223; baseline 0.012 -29"><span class='ocrx_word' id='word_1_440' title='bbox 204 3144 272 3196; x_wconf 79' lang='grc' dir='ltr'>ὅτι</span> <span class='ocrx_word' id='word_1_441' title='bbox 300 3146 362 3199; x_wconf 79' lang='grc' dir='ltr'>τὰ</span> <span class='ocrx_word' id='word_1_442' title='bbox 389 3147 617 3219; x_wconf 87' lang='grc' dir='ltr'>σώματα</span> <span class='ocrx_word' id='word_1_443' title='bbox 639 3149 791 3220; x_wconf 83' lang='grc' dir='ltr'>ὑμῶν</span> <span class='ocrx_word' id='word_1_444' title='bbox 818 3150 951 3221; x_wconf 80' lang='grc' dir='ltr'>μέλη</span> <span class='ocrx_word' id='word_1_445' title='bbox 974 3151 1209 3221; x_wconf 87' lang='grc' dir='ltr'>Χριστοῦ</span> <span class='ocrx_word' id='word_1_446' title='bbox 1236 3153 1415 3218; x_wconf 85' lang='grc' dir='ltr'>ὲστιν;</span> <span class='ocrx_word' id='word_1_447' title='bbox 1452 3171 1471 3204; x_wconf 72' lang='grc' dir='ltr'><strong>ι</strong></span> <span class='ocrx_word' id='word_1_448' title='bbox 1521 3153 1614 3205; x_wconf 85' lang='grc' dir='ltr'>Ἐκ</span> <span class='ocrx_word' id='word_1_449' title='bbox 1646 3153 1752 3223; x_wconf 83' lang='grc' dir='ltr'><strong>γὰρ</strong></span> 
     </span>
    </p>
   </div>
   <div class='ocr_carea' id='block_1_63' title="bbox 1899 3128 3419 3223">
    <p class='ocr_par' dir='ltr' id='par_1_63' title="bbox 1899 3128 3419 3208">
     <span class='ocr_line' id='line_1_63' title="bbox 1899 3128 3419 3208; baseline 0.001 -18"><span class='ocrx_word' id='word_1_450' title='bbox 1899 3138 2187 3192; x_wconf 84' lang='lat' dir='ltr'><strong>sseveravit</strong></span> <span class='ocrx_word' id='word_1_451' title='bbox 2216 3154 2230 3190; x_wconf 89' lang='lat'>:</span> <span class='ocrx_word' id='word_1_452' title='bbox 2262 3153 2280 3188; x_wconf 80' lang='grc' dir='ltr'><strong>ι</strong></span> <span class='ocrx_word' id='word_1_453' title='bbox 2308 3128 2415 3191; x_wconf 80' lang='lat' dir='ltr'><strong>Nos</strong></span> <span class='ocrx_word' id='word_1_454' title='bbox 2441 3136 2583 3190; x_wconf 88' lang='lat' dir='ltr'><strong>enim</strong></span> <span class='ocrx_word' id='word_1_455' title='bbox 2614 3134 2724 3205; x_wconf 73' lang='grc'><strong>(64)</strong></span> <span class='ocrx_word' id='word_1_456' title='bbox 2753 3151 2938 3191; x_wconf 90' lang='lat' dir='ltr'><strong>sumus</strong></span> <span class='ocrx_word' id='word_1_457' title='bbox 2962 3150 3158 3208; x_wconf 90' lang='lat' dir='ltr'><strong>corpus</strong></span> <span class='ocrx_word' id='word_1_458' title='bbox 3180 3137 3419 3202; x_wconf 90' lang='lat' dir='ltr'><strong>Christi,</strong></span> 
     </span>
    </p>
   </div>
   <div class='ocr_carea' id='block_1_64' title="bbox 205 3226 1758 3311">
    <p class='ocr_par' dir='ltr' id='par_1_64' title="bbox 205 3232 1753 3311">
     <span class='ocr_line' id='line_1_64' title="bbox 205 3232 1753 3311; baseline 0.008 -28"><span class='ocrx_word' id='word_1_459' title='bbox 205 3232 257 3300; x_wconf 83' lang='grc' dir='ltr'>δὴ</span> <span class='ocrx_word' id='word_1_460' title='bbox 290 3238 380 3303; x_wconf 85' lang='grc' dir='ltr'>τῆς</span> <span class='ocrx_word' id='word_1_461' title='bbox 417 3239 636 3291; x_wconf 77' lang='grc' dir='ltr'>τοιᾶσδε</span> <span class='ocrx_word' id='word_1_462' title='bbox 691 3239 1051 3310; x_wconf 83' lang='grc' dir='ltr'>ἀποστολικῆς</span> <span class='ocrx_word' id='word_1_463' title='bbox 1102 3241 1353 3311; x_wconf 81' lang='grc' dir='ltr'>φράσεως</span> <span class='ocrx_word' id='word_1_464' title='bbox 1402 3240 1753 3295; x_wconf 70' lang='grc' dir='ltr'>ἐκϐάλλονται</span> 
     </span>
    </p>
   </div>
   <div class='ocr_carea' id='block_1_65' title="bbox 1899 3226 3424 3311">
    <p class='ocr_par' dir='ltr' id='par_1_65' title="bbox 1899 3226 3424 3299">
     <span class='ocr_line' id='line_1_65' title="bbox 1899 3226 3424 3299; baseline -0.001 -16"><span class='ocrx_word' id='word_1_465' title='bbox 1899 3240 1907 3282; x_wconf 76' lang='lat' dir='ltr'><strong>l</strong></span> <span class='ocrx_word' id='word_1_466' title='bbox 1935 3229 2174 3283; x_wconf 90' lang='lat' dir='ltr'><strong>membra</strong></span> <span class='ocrx_word' id='word_1_467' title='bbox 2201 3244 2264 3283; x_wconf 83' lang='lat' dir='ltr'><strong>ex</strong></span> <span class='ocrx_word' id='word_1_468' title='bbox 2295 3230 2535 3282; x_wconf 89' lang='lat' dir='ltr'><strong>membro</strong></span> <span class='ocrx_word' id='word_1_469' title='bbox 2563 3226 2728 3299; x_wconf 63' lang='lat'><strong>(65).:</strong></span> <span class='ocrx_word' id='word_1_470' title='bbox 2756 3228 2821 3281; x_wconf 87' lang='lat' dir='ltr'><strong>Et</strong></span> <span class='ocrx_word' id='word_1_471' title='bbox 2848 3243 3067 3284; x_wconf 87' lang='lat' dir='ltr'><strong>rursus:</strong></span> <span class='ocrx_word' id='word_1_472' title='bbox 3099 3246 3117 3279; x_wconf 77' lang='grc' dir='ltr'><strong>ι</strong></span> <span class='ocrx_word' id='word_1_473' title='bbox 3136 3229 3217 3282; x_wconf 81' lang='lat' dir='ltr'><strong>An</strong></span> <span class='ocrx_word' id='word_1_474' title='bbox 3248 3230 3424 3283; x_wconf 91' lang='lat' dir='ltr'><strong>nesci-</strong></span> 
     </span>
    </p>
   </div>
   <div class='ocr_carea' id='block_1_66' title="bbox 206 3324 1754 3403">
    <p class='ocr_par' dir='ltr' id='par_1_66' title="bbox 206 3324 1754 3403">
     <span class='ocr_line' id='line_1_66' title="bbox 206 3324 1754 3403; baseline 0.008 -29"><span class='ocrx_word' id='word_1_475' title='bbox 206 3324 286 3374; x_wconf 70' lang='grc' dir='ltr'><strong>καὶ</strong></span> <span class='ocrx_word' id='word_1_476' title='bbox 313 3324 413 3377; x_wconf 83' lang='grc' dir='ltr'>οἵδε</span> <span class='ocrx_word' id='word_1_477' title='bbox 457 3328 507 3379; x_wconf 86' lang='grc' dir='ltr'>οἱ</span> <span class='ocrx_word' id='word_1_478' title='bbox 555 3328 845 3399; x_wconf 70' lang='grc' dir='ltr'>αἱρετικοὶ,</span> <span class='ocrx_word' id='word_1_479' title='bbox 880 3330 974 3382; x_wconf 78' lang='grc' dir='ltr'><strong>καὶ</strong></span> <span class='ocrx_word' id='word_1_480' title='bbox 1015 3330 1068 3382; x_wconf 79' lang='grc' dir='ltr'><strong>οἱ</strong></span> <span class='ocrx_word' id='word_1_481' title='bbox 1112 3329 1386 3400; x_wconf 81' lang='grc' dir='ltr'>κρίνοντες</span> <span class='ocrx_word' id='word_1_482' title='bbox 1431 3331 1529 3401; x_wconf 80' lang='grc' dir='ltr'>τὴν</span> <span class='ocrx_word' id='word_1_483' title='bbox 1577 3333 1754 3403; x_wconf 85' lang='grc' dir='ltr'>σάρκα</span> 
     </span>
    </p>
   </div>
   <div class='ocr_carea' id='block_1_67' title="bbox 206 3415 1757 3495">
    <p class='ocr_par' dir='ltr' id='par_1_67' title="bbox 206 3415 1757 3495">
     <span class='ocr_line' id='line_1_67' title="bbox 206 3415 1757 3495; baseline 0.008 -31"><span class='ocrx_word' id='word_1_484' title='bbox 206 3415 286 3466; x_wconf 78' lang='grc' dir='ltr'><strong>τοῦ</strong></span> <span class='ocrx_word' id='word_1_485' title='bbox 311 3418 568 3473; x_wconf 83' lang='grc' dir='ltr'>Δεσπότου</span> <span class='ocrx_word' id='word_1_486' title='bbox 605 3420 666 3487; x_wconf 76' lang='grc' dir='ltr'>ἐξ</span> <span class='ocrx_word' id='word_1_487' title='bbox 693 3419 943 3492; x_wconf 87' lang='grc' dir='ltr'>ούρανοῦ,</span> <span class='ocrx_word' id='word_1_488' title='bbox 966 3419 1079 3474; x_wconf 85' lang='grc' dir='ltr'>ἀλλ’</span> <span class='ocrx_word' id='word_1_489' title='bbox 1108 3422 1209 3475; x_wconf 85' lang='grc' dir='ltr'><strong>οὐκ</strong></span> <span class='ocrx_word' id='word_1_490' title='bbox 1246 3421 1588 3495; x_wconf 83' lang='grc' dir='ltr'>ἀνθρωπείαν</span> <span class='ocrx_word' id='word_1_491' title='bbox 1625 3439 1757 3492; x_wconf 84' lang='grc' dir='ltr'><strong>τυγ-</strong></span> 
     </span>
    </p>
   </div>
   <div class='ocr_carea' id='block_1_68' title="bbox 208 3505 389 3575">
    <p class='ocr_par' dir='ltr' id='par_1_68' title="bbox 208 3505 389 3575">
     <span class='ocr_line' id='line_1_68' title="bbox 208 3505 389 3575; baseline 0.028 -17"><span class='ocrx_word' id='word_1_492' title='bbox 208 3505 389 3575; x_wconf 76' lang='grc' dir='ltr'>χάνειν.</span> 
     </span>
    </p>
   </div>
   <div class='ocr_carea' id='block_1_69' title="bbox 214 3855 1749 3933">
    <p class='ocr_par' dir='ltr' id='par_1_69' title="bbox 214 3855 1749 3933">
     <span class='ocr_line' id='line_1_69' title="bbox 214 3855 1749 3933; baseline 0.008 -28"><span class='ocrx_word' id='word_1_493' title='bbox 214 3855 625 3933; x_wconf 67' lang='lat' dir='ltr'><strong>(impeccahilis)</strong></span> <span class='ocrx_word' id='word_1_494' title='bbox 654 3879 668 3915; x_wconf 90' lang='lat'><strong>:</strong></span> <span class='ocrx_word' id='word_1_495' title='bbox 702 3878 721 3913; x_wconf 76' lang='grc' dir='ltr'><strong>ι</strong></span> <span class='ocrx_word' id='word_1_496' title='bbox 761 3870 1025 3929; x_wconf 89' lang='lat' dir='ltr'><strong>quatenus</strong></span> <span class='ocrx_word' id='word_1_497' title='bbox 1064 3864 1243 3919; x_wconf 90' lang='lat' dir='ltr'><strong>nullus</strong></span> <span class='ocrx_word' id='word_1_498' title='bbox 1272 3859 1429 3933; x_wconf 87' lang='lat' dir='ltr'><strong>plane</strong></span> <span class='ocrx_word' id='word_1_499' title='bbox 1466 3879 1532 3919; x_wconf 82' lang='lat' dir='ltr'><strong>ex</strong></span> <span class='ocrx_word' id='word_1_500' title='bbox 1576 3865 1749 3919; x_wconf 86' lang='lat' dir='ltr'><strong>omni-</strong></span> 
     </span>
    </p>
   </div>
   <div class='ocr_carea' id='block_1_70' title="bbox 214 3925 1747 4006">
    <p class='ocr_par' dir='ltr' id='par_1_70' title="bbox 214 3925 1747 4006">
     <span class='ocr_line' id='line_1_70' title="bbox 214 3925 1747 4006; baseline 0.009 -30"><span class='ocrx_word' id='word_1_501' title='bbox 214 3925 300 4006; x_wconf 76' lang='lat' dir='ltr'><strong>bus</strong></span> <span class='ocrx_word' id='word_1_502' title='bbox 320 3925 620 4006; x_wconf 70' lang='lat' dir='ltr'><strong>hominibus</strong></span> <span class='ocrx_word' id='word_1_503' title='bbox 642 3925 887 4006; x_wconf 69' lang='lat' dir='ltr'><strong>coss-usu</strong></span> <span class='ocrx_word' id='word_1_504' title='bbox 914 3943 993 4006; x_wconf 82' lang='lat' dir='ltr'><strong>est</strong></span> <span class='ocrx_word' id='word_1_505' title='bbox 1027 3925 1439 4006; x_wconf 71' lang='grc' dir='ltr'>ἀναμάρτητος,</span> <span class='ocrx_word' id='word_1_506' title='bbox 1489 3950 1592 4006; x_wconf 84' lang='lat' dir='ltr'><strong>seu</strong></span> <span class='ocrx_word' id='word_1_507' title='bbox 1620 3950 1747 4004; x_wconf 83' lang='lat' dir='ltr'><strong>pec-</strong></span> 
     </span>
    </p>
   </div>
   <div class='ocr_carea' id='block_1_71' title="bbox 214 3999 1753 4077">
    <p class='ocr_par' dir='ltr' id='par_1_71' title="bbox 214 3999 1753 4077">
     <span class='ocr_line' id='line_1_71' title="bbox 214 3999 1753 4077; baseline 0.008 -31"><span class='ocrx_word' id='word_1_508' title='bbox 214 3999 530 4077; x_wconf 35' lang='lat' dir='ltr'><strong>eitiexperﬁs,</strong></span> <span class='ocrx_word' id='word_1_509' title='bbox 566 3999 819 4077; x_wconf 75' lang='lat' dir='ltr'><strong>videlicet</strong></span> <span class='ocrx_word' id='word_1_510' title='bbox 868 4021 886 4055; x_wconf 79' lang='grc' dir='ltr'><strong>ι</strong></span> <span class='ocrx_word' id='word_1_511' title='bbox 911 3999 1339 4073; x_wconf 67' lang='lat' dir='ltr'><strong>impeccabilis,&#39;i</strong></span> <span class='ocrx_word' id='word_1_512' title='bbox 1383 4020 1490 4074; x_wconf 90' lang='lat' dir='ltr'><strong>quo</strong></span> <span class='ocrx_word' id='word_1_513' title='bbox 1527 3999 1647 4061; x_wconf 80' lang='lat' dir='ltr'><strong>talis</strong></span> <span class='ocrx_word' id='word_1_514' title='bbox 1668 4013 1753 4061; x_wconf 88' lang='lat' dir='ltr'><strong>est</strong></span> 
     </span>
    </p>
   </div>
   <div class='ocr_carea' id='block_1_72' title="bbox 215 4066 746 4123">
    <p class='ocr_par' dir='ltr' id='par_1_72' title="bbox 215 4066 746 4123">
     <span class='ocr_line' id='line_1_72' title="bbox 215 4066 746 4123; baseline 0.013 -7"><span class='ocrx_word' id='word_1_515' title='bbox 215 4066 433 4123; x_wconf 79' lang='lat' dir='ltr'><strong>Christus</strong></span> <span class='ocrx_word' id='word_1_516' title='bbox 464 4068 746 4123; x_wconf 86' lang='lat' dir='ltr'><strong>Dominus.</strong></span> 
     </span>
    </p>
   </div>
   <div class='ocr_carea' id='block_1_73' title="bbox 277 4137 1759 4207">
    <p class='ocr_par' dir='ltr' id='par_1_73' title="bbox 277 4137 1759 4207">
     <span class='ocr_line' id='line_1_73' title="bbox 277 4137 1759 4207; baseline 0.006 -18"><span class='ocrx_word' id='word_1_517' title='bbox 277 4137 376 4205; x_wconf 80' lang='lat'><strong>(63)</strong></span> <span class='ocrx_word' id='word_1_518' title='bbox 412 4138 696 4193; x_wconf 76' lang='lat' dir='ltr'><strong>Christum.</strong></span> <span class='ocrx_word' id='word_1_519' title='bbox 729 4141 745 4194; x_wconf 95' lang='grc' dir='ltr'><strong>Ι</strong></span> <span class='ocrx_word' id='word_1_520' title='bbox 774 4139 900 4195; x_wconf 87' lang='lat' dir='ltr'><strong>Cor.</strong></span> <span class='ocrx_word' id='word_1_521' title='bbox 933 4156 972 4207; x_wconf 83' lang='grc' dir='ltr'><strong>ι,</strong></span> <span class='ocrx_word' id='word_1_522' title='bbox 999 4141 1090 4197; x_wconf 63' lang='grc' dir='ltr'>ει.</span> <span class='ocrx_word' id='word_1_523' title='bbox 1121 4142 1493 4203; x_wconf 86' lang='lat' dir='ltr'><strong>Theodoretus</strong></span> <span class='ocrx_word' id='word_1_524' title='bbox 1527 4144 1580 4198; x_wconf 92' lang='lat' dir='ltr'><strong>in</strong></span> <span class='ocrx_word' id='word_1_525' title='bbox 1618 4159 1759 4198; x_wconf 80' lang='lat' dir='ltr'><strong>com-</strong></span> 
     </span>
    </p>
   </div>
   <div class='ocr_carea' id='block_1_74' title="bbox 221 4210 1752 4283">
    <p class='ocr_par' dir='ltr' id='par_1_74' title="bbox 221 4210 1752 4283">
     <span class='ocr_line' id='line_1_74' title="bbox 221 4210 1752 4283; baseline 0.009 -27"><span class='ocrx_word' id='word_1_526' title='bbox 221 4210 469 4283; x_wconf 73' lang='lat' dir='ltr'><strong>mentariis</strong></span> <span class='ocrx_word' id='word_1_527' title='bbox 498 4212 566 4264; x_wconf 87' lang='lat' dir='ltr'><strong>ad</strong></span> <span class='ocrx_word' id='word_1_528' title='bbox 604 4210 745 4265; x_wconf 89' lang='lat' dir='ltr'><strong>hunc</strong></span> <span class='ocrx_word' id='word_1_529' title='bbox 772 4210 944 4283; x_wconf 82' lang='lat' dir='ltr'><strong>locum</strong></span> <span class='ocrx_word' id='word_1_530' title='bbox 978 4228 992 4264; x_wconf 91' lang='lat'><strong>:</strong></span> <span class='ocrx_word' id='word_1_531' title='bbox 1026 4230 1044 4263; x_wconf 78' lang='grc' dir='ltr'><strong>ι</strong></span> <span class='ocrx_word' id='word_1_532' title='bbox 1067 4213 1355 4267; x_wconf 86' lang='lat' dir='ltr'><strong>Sciendum</strong></span> <span class='ocrx_word' id='word_1_533' title='bbox 1398 4223 1505 4279; x_wconf 83' lang='lat' dir='ltr'><strong>est,</strong></span> <span class='ocrx_word' id='word_1_534' title='bbox 1556 4214 1752 4283; x_wconf 89' lang='lat' dir='ltr'><strong>inquit,</strong></span> 
     </span>
    </p>
   </div>
   <div class='ocr_carea' id='block_1_75' title="bbox 224 4277 1785 4353">
    <p class='ocr_par' dir='ltr' id='par_1_75' title="bbox 224 4277 1785 4353">
     <span class='ocr_line' id='line_1_75' title="bbox 224 4277 1785 4353; baseline 0.008 -26"><span class='ocrx_word' id='word_1_535' title='bbox 224 4277 551 4353; x_wconf 49' lang='lat' dir='ltr'><strong>{sapientiam</strong></span> <span class='ocrx_word' id='word_1_536' title='bbox 624 4288 709 4353; x_wconf 42' lang='lat' dir='ltr'><strong>et“</strong></span> <span class='ocrx_word' id='word_1_537' title='bbox 748 4280 1080 4353; x_wconf 52' lang='lat' dir='ltr'><strong>potentiam}</strong></span> <span class='ocrx_word' id='word_1_538' title='bbox 1154 4285 1408 4353; x_wconf 84' lang='lat' dir='ltr'><strong>appellari</strong></span> <span class='ocrx_word' id='word_1_539' title='bbox 1468 4277 1499 4337; x_wconf 56' lang='grc' dir='ltr'>δ</span> <span class='ocrx_word' id='word_1_540' title='bbox 1576 4277 1785 4339; x_wconf 51' lang='lat' dir='ltr'><strong>ili-vitio&quot;</strong></span> 
     </span>
    </p>
   </div>
   <div class='ocr_carea' id='block_1_76' title="bbox 221 4346 1757 4417">
    <p class='ocr_par' dir='ltr' id='par_1_76' title="bbox 221 4346 1757 4417">
     <span class='ocr_line' id='line_1_76' title="bbox 221 4346 1757 4417; baseline 0.008 -21"><span class='ocrx_word' id='word_1_541' title='bbox 221 4349 446 4417; x_wconf 78' lang='lat' dir='ltr'><strong>Apostulo</strong></span> <span class='ocrx_word' id='word_1_542' title='bbox 497 4366 606 4404; x_wconf 91' lang='lat' dir='ltr'><strong>non</strong></span> <span class='ocrx_word' id='word_1_543' title='bbox 668 4346 935 4415; x_wconf 70' lang='lat' dir='ltr'><strong>Unigeniti</strong></span> <span class='ocrx_word' id='word_1_544' title='bbox 1000 4346 1368 4417; x_wconf 74' lang='lat' dir='ltr'><strong>divinitaiem,</strong></span> <span class='ocrx_word' id='word_1_545' title='bbox 1425 4353 1519 4408; x_wconf 89' lang='lat' dir='ltr'><strong>sed</strong></span> <span class='ocrx_word' id='word_1_546' title='bbox 1579 4357 1757 4409; x_wconf 85' lang='lat' dir='ltr'><strong>crucis</strong></span> 
     </span>
    </p>
   </div>
   <div class='ocr_carea' id='block_1_77' title="bbox 222 4416 1753 4494">
    <p class='ocr_par' dir='ltr' id='par_1_77' title="bbox 222 4416 1753 4494">
     <span class='ocr_line' id='line_1_77' title="bbox 222 4416 1753 4494; baseline 0.007 -28"><span class='ocrx_word' id='word_1_547' title='bbox 222 4416 652 4494; x_wconf 61' lang='lat' dir='ltr'><strong>praedicationem.</strong></span> <span class='ocrx_word' id='word_1_548' title='bbox 677 4419 754 4494; x_wconf 83' lang='lat' dir='ltr'><strong>Ac</strong></span> <span class='ocrx_word' id='word_1_549' title='bbox 774 4420 1004 4494; x_wconf 79' lang='lat' dir='ltr'><strong>Arianos</strong></span> <span class='ocrx_word' id='word_1_550' title='bbox 1033 4421 1500 4494; x_wconf 81' lang='lat' dir='ltr'><strong>Ennomianosque</strong></span> <span class='ocrx_word' id='word_1_551' title='bbox 1542 4422 1753 4486; x_wconf 81' lang='lat' dir='ltr'><strong>refellit,</strong></span> 
     </span>
    </p>
   </div>
   <div class='ocr_carea' id='block_1_78' title="bbox 224 4490 1756 4560">
    <p class='ocr_par' dir='ltr' id='par_1_78' title="bbox 224 4490 1756 4560">
     <span class='ocr_line' id='line_1_78' title="bbox 224 4490 1756 4560; baseline 0.007 -25"><span class='ocrx_word' id='word_1_552' title='bbox 224 4490 299 4560; x_wconf 78' lang='lat' dir='ltr'><strong>qui</strong></span> <span class='ocrx_word' id='word_1_553' title='bbox 328 4500 603 4560; x_wconf 83' lang='lat' dir='ltr'><strong>perperam</strong></span> <span class='ocrx_word' id='word_1_554' title='bbox 628 4505 691 4541; x_wconf 78' lang='lat' dir='ltr'><strong>ex</strong></span> <span class='ocrx_word' id='word_1_555' title='bbox 728 4492 829 4560; x_wconf 77' lang='lat' dir='ltr'><strong>hoc</strong></span> <span class='ocrx_word' id='word_1_556' title='bbox 871 4490 988 4544; x_wconf 84' lang='lat' dir='ltr'><strong>loco</strong></span> <span class='ocrx_word' id='word_1_557' title='bbox 1020 4492 1265 4545; x_wconf 90' lang='lat' dir='ltr'><strong>nituntur</strong></span> <span class='ocrx_word' id='word_1_558' title='bbox 1290 4490 1573 4547; x_wconf 87' lang='lat' dir='ltr'><strong>ostendere</strong></span> <span class='ocrx_word' id='word_1_559' title='bbox 1622 4510 1641 4543; x_wconf 74' lang='grc' dir='ltr'><strong>ι</strong></span> <span class='ocrx_word' id='word_1_560' title='bbox 1668 4508 1756 4546; x_wconf 84' lang='lat' dir='ltr'><strong>sa-</strong></span> 
     </span>
    </p>
   </div>
   <div class='ocr_carea' id='block_1_79' title="bbox 224 4558 1756 4617">
    <p class='ocr_par' dir='ltr' id='par_1_79' title="bbox 224 4558 1756 4617">
     <span class='ocr_line' id='line_1_79' title="bbox 224 4558 1756 4617; baseline 0.01 -15"><span class='ocrx_word' id='word_1_561' title='bbox 224 4558 451 4616; x_wconf 81' lang='lat' dir='ltr'><strong>pientiam</strong></span> <span class='ocrx_word' id='word_1_562' title='bbox 474 4578 493 4609; x_wconf 73' lang='grc' dir='ltr'><strong>ι</strong></span> <span class='ocrx_word' id='word_1_563' title='bbox 537 4560 703 4612; x_wconf 83' lang='lat' dir='ltr'><strong>Deum</strong></span> <span class='ocrx_word' id='word_1_564' title='bbox 736 4558 967 4613; x_wconf 82' lang='lat' dir='ltr'><strong>Verbum</strong></span> <span class='ocrx_word' id='word_1_565' title='bbox 1005 4563 1288 4615; x_wconf 83' lang='lat' dir='ltr'><strong>nominari.</strong></span> <span class='ocrx_word' id='word_1_566' title='bbox 1311 4581 1330 4614; x_wconf 71' lang='grc' dir='ltr'><strong>ι</strong></span> <span class='ocrx_word' id='word_1_567' title='bbox 1389 4562 1536 4617; x_wconf 87' lang='lat' dir='ltr'><strong>Hanc</strong></span> <span class='ocrx_word' id='word_1_568' title='bbox 1584 4563 1756 4616; x_wconf 87' lang='lat' dir='ltr'><strong>inter-</strong></span> 
     </span>
    </p>
   </div>
   <div class='ocr_carea' id='block_1_80' title="bbox 226 4628 1758 4700">
    <p class='ocr_par' dir='ltr' id='par_1_80' title="bbox 226 4628 1758 4700">
     <span class='ocr_line' id='line_1_80' title="bbox 226 4628 1758 4700; baseline 0.007 -25"><span class='ocrx_word' id='word_1_569' title='bbox 226 4628 551 4700; x_wconf 58' lang='lat' dir='ltr'><strong>pretationem</strong></span> <span class='ocrx_word' id='word_1_570' title='bbox 605 4628 773 4683; x_wconf 82' lang='lat' dir='ltr'><strong>fusius</strong></span> <span class='ocrx_word' id='word_1_571' title='bbox 817 4630 1032 4700; x_wconf 69' lang='lat' dir='ltr'><strong>exponit</strong></span> <span class='ocrx_word' id='word_1_572' title='bbox 1084 4629 1310 4685; x_wconf 79' lang='lat' dir='ltr'><strong>Ruﬁnus</strong></span> <span class='ocrx_word' id='word_1_573' title='bbox 1349 4631 1662 4685; x_wconf 66' lang='lat' dir='ltr'><strong>Palaestinus</strong></span> <span class='ocrx_word' id='word_1_574' title='bbox 1705 4634 1758 4685; x_wconf 87' lang='lat' dir='ltr'><strong>in</strong></span> 
     </span>
    </p>
   </div>
   <div class='ocr_carea' id='block_1_81' title="bbox 228 4688 1755 4772">
    <p class='ocr_par' dir='ltr' id='par_1_81' title="bbox 228 4688 1755 4772">
     <span class='ocr_line' id='line_1_81' title="bbox 228 4688 1755 4772; baseline 0.009 -30"><span class='ocrx_word' id='word_1_575' title='bbox 228 4688 345 4772; x_wconf 56' lang='lat' dir='ltr'><strong>libro</strong></span> <span class='ocrx_word' id='word_1_576' title='bbox 375 4694 445 4748; x_wconf 90' lang='lat' dir='ltr'><strong>De</strong></span> <span class='ocrx_word' id='word_1_577' title='bbox 465 4696 601 4772; x_wconf 62' lang='lat' dir='ltr'><strong>ﬁde,</strong></span> <span class='ocrx_word' id='word_1_578' title='bbox 640 4714 787 4752; x_wconf 91' lang='lat' dir='ltr'><strong>num.</strong></span> <span class='ocrx_word' id='word_1_579' title='bbox 820 4688 912 4752; x_wconf 49' lang='lat' dir='ltr'><strong>ll&#39;.</strong></span> <span class='ocrx_word' id='word_1_580' title='bbox 942 4701 1011 4753; x_wconf 82' lang='lat' dir='ltr'><strong>At</strong></span> <span class='ocrx_word' id='word_1_581' title='bbox 1041 4715 1157 4753; x_wconf 90' lang='lat' dir='ltr'><strong>eam</strong></span> <span class='ocrx_word' id='word_1_582' title='bbox 1185 4716 1474 4772; x_wconf 77' lang='lat' dir='ltr'><strong>nusquam,</strong></span> <span class='ocrx_word' id='word_1_583' title='bbox 1503 4702 1555 4754; x_wconf 86' lang='grc' dir='ltr'>ιιὶ</span> <span class='ocrx_word' id='word_1_584' title='bbox 1583 4700 1755 4772; x_wconf 74' lang='lat' dir='ltr'><strong>fallor.</strong></span> 
     </span>
    </p>
   </div>
   <div class='ocr_carea' id='block_1_82' title="bbox 229 4764 1759 4839">
    <p class='ocr_par' dir='ltr' id='par_1_82' title="bbox 229 4764 1759 4839">
     <span class='ocr_line' id='line_1_82' title="bbox 229 4764 1759 4839; baseline 0.008 -29"><span class='ocrx_word' id='word_1_585' title='bbox 229 4764 410 4839; x_wconf 68' lang='lat' dir='ltr'><strong>indie-it</strong></span> <span class='ocrx_word' id='word_1_586' title='bbox 441 4769 715 4837; x_wconf 78' lang='lat' dir='ltr'><strong>theologus</strong></span> <span class='ocrx_word' id='word_1_587' title='bbox 742 4779 939 4828; x_wconf 86' lang='lat' dir='ltr'><strong>noster,</strong></span> <span class='ocrx_word' id='word_1_588' title='bbox 972 4772 1217 4835; x_wconf 80' lang='lat' dir='ltr'><strong>quamvis</strong></span> <span class='ocrx_word' id='word_1_589' title='bbox 1241 4764 1435 4839; x_wconf 54' lang='lat' dir='ltr'><strong>saepius</strong></span> <span class='ocrx_word' id='word_1_590' title='bbox 1466 4771 1578 4824; x_wconf 72' lang='lat' dir='ltr'><strong>hzec</strong></span> <span class='ocrx_word' id='word_1_591' title='bbox 1612 4770 1759 4824; x_wconf 87' lang='lat' dir='ltr'><strong>Pauli</strong></span> 
     </span>
    </p>
   </div>
   <div class='ocr_carea' id='block_1_83' title="bbox 228 4832 1760 4908">
    <p class='ocr_par' dir='ltr' id='par_1_83' title="bbox 228 4832 1760 4908">
     <span class='ocr_line' id='line_1_83' title="bbox 228 4832 1760 4908; baseline 0.007 -26"><span class='ocrx_word' id='word_1_592' title='bbox 228 4832 369 4908; x_wconf 42' lang='lat' dir='ltr'><strong>{erba</strong></span> <span class='ocrx_word' id='word_1_593' title='bbox 400 4832 645 4890; x_wconf 60' lang='lat' dir='ltr'><strong>inculcet&#39;</strong></span> <span class='ocrx_word' id='word_1_594' title='bbox 674 4848 826 4908; x_wconf 88' lang='lat' dir='ltr'><strong>_tum_</strong></span> <span class='ocrx_word' id='word_1_595' title='bbox 850 4838 900 4889; x_wconf 92' lang='lat' dir='ltr'><strong>in</strong></span> <span class='ocrx_word' id='word_1_596' title='bbox 934 4832 1035 4892; x_wconf 78' lang='lat' dir='ltr'><strong>hoc</strong></span> <span class='ocrx_word' id='word_1_597' title='bbox 1073 4854 1257 4907; x_wconf 86' lang='lat' dir='ltr'><strong>opere,</strong></span> <span class='ocrx_word' id='word_1_598' title='bbox 1288 4832 1399 4895; x_wconf 78' lang='lat' dir='ltr'><strong>tum</strong></span> <span class='ocrx_word' id='word_1_599' title='bbox 1436 4840 1486 4893; x_wconf 91' lang='lat' dir='ltr'><strong>in</strong></span> <span class='ocrx_word' id='word_1_600' title='bbox 1516 4840 1652 4895; x_wconf 85' lang='lat' dir='ltr'><strong>aliis.</strong></span> <span class='ocrx_word' id='word_1_601' title='bbox 1705 4839 1760 4893; x_wconf 92' lang='lat' dir='ltr'><strong>In</strong></span> 
     </span>
    </p>
   </div>
   <div class='ocr_carea' id='block_1_84' title="bbox 232 4895 1757 4975">
    <p class='ocr_par' dir='ltr' id='par_1_84' title="bbox 232 4895 1757 4975">
     <span class='ocr_line' id='line_1_84' title="bbox 232 4895 1757 4975; baseline 0.009 -26"><span class='ocrx_word' id='word_1_602' title='bbox 232 4895 348 4975; x_wconf 64' lang='lat' dir='ltr'><strong>libro</strong></span> <span class='ocrx_word' id='word_1_603' title='bbox 396 4908 606 4975; x_wconf 72' lang='lat' dir='ltr'><strong>qnidem</strong></span> <span class='ocrx_word' id='word_1_604' title='bbox 663 4906 737 4959; x_wconf 81' lang='lat' dir='ltr'><strong>De</strong></span> <span class='ocrx_word' id='word_1_605' title='bbox 789 4905 990 4973; x_wconf 82' lang='lat' dir='ltr'><strong>Spiritu</strong></span> <span class='ocrx_word' id='word_1_606' title='bbox 1061 4895 1274 4975; x_wconf 38' lang='lat' dir='ltr'><strong>sancto,</strong></span> <span class='ocrx_word' id='word_1_607' title='bbox 1329 4925 1476 4963; x_wconf 89' lang='lat' dir='ltr'><strong>num.</strong></span> <span class='ocrx_word' id='word_1_608' title='bbox 1522 4910 1588 4963; x_wconf 69' lang='lat'><strong>21</strong></span> <span class='ocrx_word' id='word_1_609' title='bbox 1635 4910 1757 4964; x_wconf 85' lang='lat' dir='ltr'><strong>ait:</strong></span> 
     </span>
    </p>
   </div>
   <div class='ocr_carea' id='block_1_85' title="bbox 236 4969 1760 5053">
    <p class='ocr_par' dir='ltr' id='par_1_85' title="bbox 236 4969 1760 5053">
     <span class='ocr_line' id='line_1_85' title="bbox 236 4969 1760 5053; baseline 0.006 -30"><span class='ocrx_word' id='word_1_610' title='bbox 236 4986 257 5053; x_wconf 53' lang='grc' dir='ltr'><strong>ι</strong></span> <span class='ocrx_word' id='word_1_611' title='bbox 274 4969 394 5053; x_wconf 49' lang='grc' dir='ltr'>θυαε</span> <span class='ocrx_word' id='word_1_612' title='bbox 413 4969 690 5053; x_wconf 69' lang='lat' dir='ltr'><strong>Sapientia</strong></span> <span class='ocrx_word' id='word_1_613' title='bbox 707 4969 975 5053; x_wconf 72' lang='lat' dir='ltr'><strong>Dominus</strong></span> <span class='ocrx_word' id='word_1_614' title='bbox 1003 4990 1088 5053; x_wconf 72' lang='lat' dir='ltr'><strong>est</strong></span> <span class='ocrx_word' id='word_1_615' title='bbox 1108 4969 1290 5053; x_wconf 62' lang='lat' dir='ltr'><strong>uoster</strong></span> <span class='ocrx_word' id='word_1_616' title='bbox 1307 4977 1471 5053; x_wconf 63' lang='lat' dir='ltr'><strong>desus</strong></span> <span class='ocrx_word' id='word_1_617' title='bbox 1491 4977 1760 5053; x_wconf 69' lang='lat' dir='ltr'><strong>Christus,</strong></span> 
     </span>
    </p>
   </div>
   <div class='ocr_carea' id='block_1_86' title="bbox 233 5043 1762 5116">
    <p class='ocr_par' dir='ltr' id='par_1_86' title="bbox 233 5043 1762 5116">
     <span class='ocr_line' id='line_1_86' title="bbox 233 5043 1762 5116; baseline 0.005 -21"><span class='ocrx_word' id='word_1_618' title='bbox 233 5043 542 5116; x_wconf 71' lang='lat' dir='ltr'><strong>qtli_di_citur</strong></span> <span class='ocrx_word' id='word_1_619' title='bbox 580 5044 672 5116; x_wconf 67' lang='lat' dir='ltr'><strong>Dei</strong></span> <span class='ocrx_word' id='word_1_620' title='bbox 707 5044 1015 5116; x_wconf 81' lang='lat' dir='ltr'><strong>Virttts,_et</strong></span> <span class='ocrx_word' id='word_1_621' title='bbox 1061 5050 1150 5101; x_wconf 84' lang='lat' dir='ltr'><strong>Dei</strong></span> <span class='ocrx_word' id='word_1_622' title='bbox 1194 5048 1490 5116; x_wconf 88' lang='lat' dir='ltr'><strong>Sapientia.</strong></span> <span class='ocrx_word' id='word_1_623' title='bbox 1519 5067 1538 5099; x_wconf 69' lang='grc' dir='ltr'><strong>ι</strong></span> <span class='ocrx_word' id='word_1_624' title='bbox 1590 5048 1762 5104; x_wconf 87' lang='lat' dir='ltr'><strong>Simili</strong></span> 
     </span>
    </p>
   </div>
   <div class='ocr_carea' id='block_1_87' title="bbox 236 5110 1765 5185">
    <p class='ocr_par' dir='ltr' id='par_1_87' title="bbox 236 5110 1765 5185">
     <span class='ocr_line' id='line_1_87' title="bbox 236 5110 1765 5185; baseline 0.008 -25"><span class='ocrx_word' id='word_1_625' title='bbox 236 5110 371 5162; x_wconf 88' lang='lat' dir='ltr'><strong>modo</strong></span> <span class='ocrx_word' id='word_1_626' title='bbox 390 5111 618 5185; x_wconf 65' lang='lat' dir='ltr'><strong>loquitur</strong></span> <span class='ocrx_word' id='word_1_627' title='bbox 646 5113 905 5185; x_wconf 84' lang='lat' dir='ltr'><strong>Didymus</strong></span> <span class='ocrx_word' id='word_1_628' title='bbox 928 5114 980 5168; x_wconf 91' lang='lat' dir='ltr'><strong>in</strong></span> <span class='ocrx_word' id='word_1_629' title='bbox 1013 5110 1304 5173; x_wconf 73' lang='lat' dir='ltr'><strong>counneni.</strong></span> <span class='ocrx_word' id='word_1_630' title='bbox 1342 5118 1395 5171; x_wconf 81' lang='lat' dir='ltr'><strong>in</strong></span> <span class='ocrx_word' id='word_1_631' title='bbox 1425 5116 1667 5172; x_wconf 78' lang='lat' dir='ltr'><strong>Psalmos</strong></span> <span class='ocrx_word' id='word_1_632' title='bbox 1698 5120 1765 5172; x_wconf 87' lang='lat' dir='ltr'><strong>ad</strong></span> 
     </span>
    </p>
   </div>
   <div class='ocr_carea' id='block_1_88' title="bbox 236 5180 1761 5259">
    <p class='ocr_par' dir='ltr' id='par_1_88' title="bbox 236 5180 1761 5259">
     <span class='ocr_line' id='line_1_88' title="bbox 236 5180 1761 5259; baseline 0.008 -29"><span class='ocrx_word' id='word_1_633' title='bbox 236 5188 368 5259; x_wconf 42' lang='lat' dir='ltr'><strong>vers.</strong></span> <span class='ocrx_word' id='word_1_634' title='bbox 390 5180 448 5235; x_wconf 84' lang='grc'><strong>51</strong></span> <span class='ocrx_word' id='word_1_635' title='bbox 492 5185 680 5259; x_wconf 71' lang='lat' dir='ltr'><strong>psalmi</strong></span> <span class='ocrx_word' id='word_1_636' title='bbox 731 5180 845 5259; x_wconf 66' lang='lat' dir='ltr'><strong>ivit</strong></span> <span class='ocrx_word' id='word_1_637' title='bbox 871 5194 926 5239; x_wconf 91' lang='lat' dir='ltr'><strong>et</strong></span> <span class='ocrx_word' id='word_1_638' title='bbox 964 5188 1028 5241; x_wconf 87' lang='lat' dir='ltr'><strong>ad</strong></span> <span class='ocrx_word' id='word_1_639' title='bbox 1060 5203 1196 5259; x_wconf 86' lang='lat' dir='ltr'><strong>vers.</strong></span> <span class='ocrx_word' id='word_1_640' title='bbox 1229 5188 1283 5249; x_wconf 79' lang='lat' dir='ltr'><strong>l,</strong></span> <span class='ocrx_word' id='word_1_641' title='bbox 1316 5188 1504 5253; x_wconf 85' lang='lat' dir='ltr'><strong>psalmi</strong></span> <span class='ocrx_word' id='word_1_642' title='bbox 1531 5203 1657 5259; x_wconf 87' lang='lat' dir='ltr'><strong>_t.ttt,</strong></span> <span class='ocrx_word' id='word_1_643' title='bbox 1681 5203 1761 5252; x_wconf 87' lang='lat' dir='ltr'><strong>ac,</strong></span> 
     </span>
    </p>
   </div>
   <div class='ocr_carea' id='block_1_89' title="bbox 239 5251 1765 5327">
    <p class='ocr_par' dir='ltr' id='par_1_89' title="bbox 239 5251 1765 5327">
     <span class='ocr_line' id='line_1_89' title="bbox 239 5251 1765 5327; baseline 0.01 -31"><span class='ocrx_word' id='word_1_644' title='bbox 239 5251 430 5327; x_wconf 64' lang='lat' dir='ltr'><strong>tttalios</strong></span> <span class='ocrx_word' id='word_1_645' title='bbox 459 5253 737 5327; x_wconf 33' lang='lat' dir='ltr'><strong>omittam,</strong></span> <span class='ocrx_word' id='word_1_646' title='bbox 763 5255 1096 5312; x_wconf 86' lang='lat' dir='ltr'><strong>Athanasius</strong></span> <span class='ocrx_word' id='word_1_647' title='bbox 1129 5258 1180 5310; x_wconf 88' lang='lat' dir='ltr'><strong>itt</strong></span> <span class='ocrx_word' id='word_1_648' title='bbox 1213 5251 1458 5311; x_wconf 80' lang='lat' dir='ltr'><strong>oratione</strong></span> <span class='ocrx_word' id='word_1_649' title='bbox 1503 5256 1543 5309; x_wconf 92' lang='lat' dir='ltr'><strong>ll</strong></span> <span class='ocrx_word' id='word_1_650' title='bbox 1577 5251 1765 5311; x_wconf 84' lang='lat' dir='ltr'><strong>contra</strong></span> 
     </span>
    </p>
   </div>
   <div class='ocr_carea' id='block_1_90' title="bbox 240 5317 1765 5446">
    <p class='ocr_par' dir='ltr' id='par_1_90' title="bbox 240 5317 1765 5446">
     <span class='ocr_line' id='line_1_90' title="bbox 240 5317 1765 5446; baseline 0.016 -80"><span class='ocrx_word' id='word_1_651' title='bbox 240 5317 455 5446; x_wconf 50' lang='grc' dir='ltr'>ςέἑαηρῖ,</span> <span class='ocrx_word' id='word_1_652' title='bbox 496 5338 644 5378; x_wconf 89' lang='lat' dir='ltr'><strong>num.</strong></span> <span class='ocrx_word' id='word_1_653' title='bbox 676 5323 765 5389; x_wconf 67' lang='grc'><strong>42,</strong></span> <span class='ocrx_word' id='word_1_654' title='bbox 801 5334 857 5378; x_wconf 87' lang='lat' dir='ltr'><strong>et</strong></span> <span class='ocrx_word' id='word_1_655' title='bbox 893 5328 944 5380; x_wconf 92' lang='lat' dir='ltr'><strong>in</strong></span> <span class='ocrx_word' id='word_1_656' title='bbox 979 5343 1231 5382; x_wconf 87' lang='lat' dir='ltr'><strong>sermone</strong></span> <span class='ocrx_word' id='word_1_657' title='bbox 1271 5327 1476 5396; x_wconf 76' lang='lat' dir='ltr'><strong>majore</strong></span> <span class='ocrx_word' id='word_1_658' title='bbox 1520 5326 1599 5382; x_wconf 85' lang='lat' dir='ltr'><strong>De</strong></span> <span class='ocrx_word' id='word_1_659' title='bbox 1640 5330 1765 5396; x_wconf 65' lang='lat' dir='ltr'><strong>ﬁde,</strong></span> 
     </span>
    </p>
   </div>
   <div class='ocr_carea' id='block_1_91' title="bbox 298 5455 1767 5528">
    <p class='ocr_par' dir='ltr' id='par_1_91' title="bbox 298 5455 1767 5528">
     <span class='ocr_line' id='line_1_91' title="bbox 298 5455 1767 5528; baseline 0.002 -12"><span class='ocrx_word' id='word_1_660' title='bbox 298 5455 396 5528; x_wconf 63' lang='lat'><strong>{64)</strong></span> <span class='ocrx_word' id='word_1_661' title='bbox 449 5460 558 5513; x_wconf 75' lang='lat' dir='ltr'><strong>Nos</strong></span> <span class='ocrx_word' id='word_1_662' title='bbox 600 5464 759 5517; x_wconf 70' lang='lat' dir='ltr'><strong>enim.</strong></span> <span class='ocrx_word' id='word_1_663' title='bbox 822 5461 839 5515; x_wconf 94' lang='lat' dir='ltr'><strong>l</strong></span> <span class='ocrx_word' id='word_1_664' title='bbox 892 5464 1017 5520; x_wconf 92' lang='lat' dir='ltr'><strong>Cor.</strong></span> <span class='ocrx_word' id='word_1_665' title='bbox 1074 5481 1171 5528; x_wconf 79' lang='lat' dir='ltr'><strong>xu,</strong></span> <span class='ocrx_word' id='word_1_666' title='bbox 1222 5464 1309 5517; x_wconf 72' lang='lat'><strong>27.</strong></span> <span class='ocrx_word' id='word_1_667' title='bbox 1365 5464 1549 5519; x_wconf 71' lang='lat' dir='ltr'><strong>Grmca</strong></span> <span class='ocrx_word' id='word_1_668' title='bbox 1605 5468 1767 5520; x_wconf 82' lang='lat' dir='ltr'><strong>editio</strong></span> 
     </span>
    </p>
   </div>
   <div class='ocr_carea' id='block_1_92' title="bbox 244 5518 1761 5603">
    <p class='ocr_par' dir='ltr' id='par_1_92' title="bbox 244 5518 1761 5603">
     <span class='ocr_line' id='line_1_92' title="bbox 244 5518 1761 5603; baseline 0.008 -26"><span class='ocrx_word' id='word_1_669' title='bbox 244 5518 399 5587; x_wconf 72' lang='lat' dir='ltr'><strong>habet;</strong></span> <span class='ocrx_word' id='word_1_670' title='bbox 438 5529 620 5598; x_wconf 85' lang='grc' dir='ltr'>Ὑμεῖς</span> <span class='ocrx_word' id='word_1_671' title='bbox 668 5533 725 5584; x_wconf 86' lang='grc' dir='ltr'>δέ</span> <span class='ocrx_word' id='word_1_672' title='bbox 765 5518 916 5598; x_wconf 68' lang='grc' dir='ltr'>ἐστε,</span> <span class='ocrx_word' id='word_1_673' title='bbox 945 5518 1109 5590; x_wconf 47' lang='grc' dir='ltr'>ωίεει</span> <span class='ocrx_word' id='word_1_674' title='bbox 1159 5518 1297 5590; x_wconf 66' lang='grc' dir='ltr'><strong>ἱνυδ</strong></span> <span class='ocrx_word' id='word_1_675' title='bbox 1342 5518 1522 5591; x_wconf 81' lang='lat' dir='ltr'><strong>autem</strong></span> <span class='ocrx_word' id='word_1_676' title='bbox 1559 5518 1761 5603; x_wconf 55' lang='lat' dir='ltr'><strong>estis,i</strong></span> 
     </span>
    </p>
   </div>
   <div class='ocr_carea' id='block_1_93' title="bbox 243 5603 926 5657">
    <p class='ocr_par' dir='ltr' id='par_1_93' title="bbox 243 5603 926 5657">
     <span class='ocr_line' id='line_1_93' title="bbox 243 5603 926 5657; baseline 0.019 -15"><span class='ocrx_word' id='word_1_677' title='bbox 243 5603 326 5656; x_wconf 79' lang='lat' dir='ltr'><strong>pro</strong></span> <span class='ocrx_word' id='word_1_678' title='bbox 367 5612 383 5644; x_wconf 80' lang='grc' dir='ltr'><strong>ι</strong></span> <span class='ocrx_word' id='word_1_679' title='bbox 403 5613 494 5651; x_wconf 86' lang='lat' dir='ltr'><strong>nos</strong></span> <span class='ocrx_word' id='word_1_680' title='bbox 514 5605 653 5652; x_wconf 85' lang='lat' dir='ltr'><strong>enim</strong></span> <span class='ocrx_word' id='word_1_681' title='bbox 678 5620 881 5657; x_wconf 81' lang='lat' dir='ltr'><strong>sumus.</strong></span> <span class='ocrx_word' id='word_1_682' title='bbox 908 5624 926 5655; x_wconf 75' lang='grc' dir='ltr'><strong>ι</strong></span> 
     </span>
    </p>
   </div>
   <div class='ocr_carea' id='block_1_94' title="bbox 306 5661 1761 5743">
    <p class='ocr_par' dir='ltr' id='par_1_94' title="bbox 306 5661 1761 5743">
     <span class='ocr_line' id='line_1_94' title="bbox 306 5661 1761 5743; baseline 0.009 -28"><span class='ocrx_word' id='word_1_683' title='bbox 306 5661 406 5735; x_wconf 83' lang='grc'><strong>(65)</strong></span> <span class='ocrx_word' id='word_1_684' title='bbox 441 5664 795 5743; x_wconf 54' lang='grc' dir='ltr'>Ετμιεηιρτο.</span> <span class='ocrx_word' id='word_1_685' title='bbox 852 5674 959 5728; x_wconf 78' lang='lat' dir='ltr'><strong>Aut</strong></span> <span class='ocrx_word' id='word_1_686' title='bbox 988 5676 1052 5726; x_wconf 86' lang='lat' dir='ltr'><strong>ad</strong></span> <span class='ocrx_word' id='word_1_687' title='bbox 1093 5674 1340 5738; x_wconf 90' lang='lat' dir='ltr'><strong>verbum,</strong></span> <span class='ocrx_word' id='word_1_688' title='bbox 1397 5689 1496 5727; x_wconf 71' lang='lat' dir='ltr'><strong>«ex</strong></span> <span class='ocrx_word' id='word_1_689' title='bbox 1539 5685 1712 5743; x_wconf 84' lang='lat' dir='ltr'><strong>parte.</strong></span> <span class='ocrx_word' id='word_1_690' title='bbox 1743 5697 1761 5728; x_wconf 74' lang='grc' dir='ltr'><strong>ι</strong></span> 
     </span>
    </p>
   </div>
   <div class='ocr_carea' id='block_1_95' title="bbox 248 5727 1769 5817">
    <p class='ocr_par' dir='ltr' id='par_1_95' title="bbox 248 5727 1769 5817">
     <span class='ocr_line' id='line_1_95' title="bbox 248 5727 1769 5817; baseline 0.012 -34"><span class='ocrx_word' id='word_1_691' title='bbox 248 5727 592 5793; x_wconf 50' lang='grc' dir='ltr'>ΙιίιιόιιιιιιΙΙῙΞ</span> <span class='ocrx_word' id='word_1_692' title='bbox 619 5742 892 5802; x_wconf 74' lang='lat' dir='ltr'><strong>codicibus</strong></span> <span class='ocrx_word' id='word_1_693' title='bbox 937 5727 1154 5815; x_wconf 70' lang='lat' dir='ltr'><strong>legitur,</strong></span> <span class='ocrx_word' id='word_1_694' title='bbox 1204 5727 1294 5797; x_wconf 71' lang='grc' dir='ltr'>ἐκ</span> <span class='ocrx_word' id='word_1_695' title='bbox 1319 5727 1769 5817; x_wconf 28' lang='grc' dir='ltr'>μέλουςίίύῆσδι</span> 
     </span>
    </p>
   </div>
   <div class='ocr_carea' id='block_1_96' title="bbox 1855 3319 3418 3392">
    <p class='ocr_par' dir='ltr' id='par_1_96' title="bbox 1855 3319 3418 3392">
     <span class='ocr_line' id='line_1_96' title="bbox 1855 3319 3418 3392; baseline -0.001 -19"><span class='ocrx_word' id='word_1_696' title='bbox 1855 3322 1922 3376; x_wconf 91' lang='lat' dir='ltr'><strong>tis</strong></span> <span class='ocrx_word' id='word_1_697' title='bbox 1947 3320 2059 3392; x_wconf 90' lang='lat'><strong>(66)</strong></span> <span class='ocrx_word' id='word_1_698' title='bbox 2076 3360 2091 3385; x_wconf 90' lang='lat'><strong>,</strong></span> <span class='ocrx_word' id='word_1_699' title='bbox 2114 3322 2253 3389; x_wconf 91' lang='lat' dir='ltr'><strong>quod</strong></span> <span class='ocrx_word' id='word_1_700' title='bbox 2274 3334 2499 3391; x_wconf 90' lang='lat' dir='ltr'><strong>corpora</strong></span> <span class='ocrx_word' id='word_1_701' title='bbox 2522 3331 2701 3374; x_wconf 88' lang='lat' dir='ltr'><strong>vestra</strong></span> <span class='ocrx_word' id='word_1_702' title='bbox 2725 3319 2963 3374; x_wconf 86' lang='lat' dir='ltr'><strong>membra</strong></span> <span class='ocrx_word' id='word_1_703' title='bbox 2989 3330 3117 3376; x_wconf 91' lang='lat' dir='ltr'><strong>sunt</strong></span> <span class='ocrx_word' id='word_1_704' title='bbox 3138 3320 3376 3376; x_wconf 80' lang='lat' dir='ltr'><strong>Christi?</strong></span> <span class='ocrx_word' id='word_1_705' title='bbox 3399 3337 3418 3371; x_wconf 71' lang='grc' dir='ltr'><strong>ι</strong></span> 
     </span>
    </p>
   </div>
   <div class='ocr_carea' id='block_1_97' title="bbox 1858 3410 3421 3483">
    <p class='ocr_par' dir='ltr' id='par_1_97' title="bbox 1858 3410 3421 3483">
     <span class='ocr_line' id='line_1_97' title="bbox 1858 3410 3421 3483; baseline -0.002 -14"><span class='ocrx_word' id='word_1_706' title='bbox 1858 3413 2032 3483; x_wconf 81' lang='lat' dir='ltr'><strong>Hujus</strong></span> <span class='ocrx_word' id='word_1_707' title='bbox 2058 3412 2201 3467; x_wconf 92' lang='lat' dir='ltr'><strong>enim</strong></span> <span class='ocrx_word' id='word_1_708' title='bbox 2230 3412 2680 3482; x_wconf 89' lang='lat' dir='ltr'><strong>nuncupationis,</strong></span> <span class='ocrx_word' id='word_1_709' title='bbox 2718 3426 2880 3481; x_wconf 90' lang='lat' dir='ltr'><strong>quam</strong></span> <span class='ocrx_word' id='word_1_710' title='bbox 2929 3412 3086 3466; x_wconf 91' lang='lat' dir='ltr'><strong>nobis</strong></span> <span class='ocrx_word' id='word_1_711' title='bbox 3127 3410 3421 3480; x_wconf 86' lang='lat' dir='ltr'><strong>Apostolus</strong></span> 
     </span>
    </p>
   </div>
   <div class='ocr_carea' id='block_1_98' title="bbox 1865 3502 3425 3576">
    <p class='ocr_par' dir='ltr' id='par_1_98' title="bbox 1865 3502 3425 3576">
     <span class='ocr_line' id='line_1_98' title="bbox 1865 3502 3425 3576; baseline -0.001 -17"><span class='ocrx_word' id='word_1_712' title='bbox 1865 3506 2083 3571; x_wconf 86' lang='lat' dir='ltr'><strong>tribuit,</strong></span> <span class='ocrx_word' id='word_1_713' title='bbox 2131 3505 2424 3576; x_wconf 87' lang='lat' dir='ltr'><strong>participes</strong></span> <span class='ocrx_word' id='word_1_714' title='bbox 2472 3502 2720 3573; x_wconf 74' lang='lat' dir='ltr'><strong>profecto</strong></span> <span class='ocrx_word' id='word_1_715' title='bbox 2766 3519 2870 3558; x_wconf 93' lang='lat' dir='ltr'><strong>non</strong></span> <span class='ocrx_word' id='word_1_716' title='bbox 2903 3514 3032 3558; x_wconf 92' lang='lat' dir='ltr'><strong>sunt</strong></span> <span class='ocrx_word' id='word_1_717' title='bbox 3063 3518 3161 3559; x_wconf 86' lang='lat' dir='ltr'><strong>nec</strong></span> <span class='ocrx_word' id='word_1_718' title='bbox 3189 3504 3276 3558; x_wconf 89' lang='lat' dir='ltr'><strong>isti</strong></span> <span class='ocrx_word' id='word_1_719' title='bbox 3311 3503 3425 3559; x_wconf 75' lang='lat' dir='ltr'><strong>ha:-</strong></span> 
     </span>
    </p>
   </div>
   <div class='ocr_carea' id='block_1_99' title="bbox 1864 3592 3426 3667">
    <p class='ocr_par' dir='ltr' id='par_1_99' title="bbox 1864 3592 3426 3667">
     <span class='ocr_line' id='line_1_99' title="bbox 1864 3592 3426 3667; baseline -0.001 -16"><span class='ocrx_word' id='word_1_720' title='bbox 1864 3598 2015 3657; x_wconf 85' lang='lat' dir='ltr'><strong>retici</strong></span> <span class='ocrx_word' id='word_1_721' title='bbox 2037 3637 2053 3664; x_wconf 93' lang='lat'><strong>,</strong></span> <span class='ocrx_word' id='word_1_722' title='bbox 2082 3612 2183 3652; x_wconf 90' lang='lat' dir='ltr'><strong>nec</strong></span> <span class='ocrx_word' id='word_1_723' title='bbox 2213 3596 2247 3651; x_wconf 92' lang='lat' dir='ltr'><strong>ii</strong></span> <span class='ocrx_word' id='word_1_724' title='bbox 2279 3597 2373 3667; x_wconf 92' lang='lat' dir='ltr'><strong>qni</strong></span> <span class='ocrx_word' id='word_1_725' title='bbox 2399 3610 2619 3653; x_wconf 87' lang='lat' dir='ltr'><strong>carnem</strong></span> <span class='ocrx_word' id='word_1_726' title='bbox 2652 3594 2871 3651; x_wconf 88' lang='lat' dir='ltr'><strong>Domini</strong></span> <span class='ocrx_word' id='word_1_727' title='bbox 2894 3610 2961 3651; x_wconf 77' lang='lat' dir='ltr'><strong>ex</strong></span> <span class='ocrx_word' id='word_1_728' title='bbox 2996 3593 3132 3651; x_wconf 81' lang='lat' dir='ltr'><strong>coelo</strong></span> <span class='ocrx_word' id='word_1_729' title='bbox 3164 3592 3276 3665; x_wconf 86' lang='lat'><strong>(67)</strong></span> <span class='ocrx_word' id='word_1_730' title='bbox 3306 3607 3426 3649; x_wconf 88' lang='lat' dir='ltr'><strong>esse</strong></span> 
     </span>
    </p>
   </div>
   <div class='ocr_carea' id='block_1_100' title="bbox 1864 3688 2720 3755">
    <p class='ocr_par' dir='ltr' id='par_1_100' title="bbox 1864 3688 2720 3755">
     <span class='ocr_line' id='line_1_100' title="bbox 1864 3688 2720 3755; baseline -0.004 -12"><span class='ocrx_word' id='word_1_731' title='bbox 1864 3698 2071 3755; x_wconf 90' lang='lat' dir='ltr'><strong>rentur,</strong></span> <span class='ocrx_word' id='word_1_732' title='bbox 2104 3702 2210 3742; x_wconf 92' lang='lat' dir='ltr'><strong>non</strong></span> <span class='ocrx_word' id='word_1_733' title='bbox 2239 3702 2371 3743; x_wconf 89' lang='lat' dir='ltr'><strong>vero</strong></span> <span class='ocrx_word' id='word_1_734' title='bbox 2404 3688 2720 3742; x_wconf 85' lang='lat' dir='ltr'><strong>humanam.</strong></span> 
     </span>
    </p>
   </div>
   <div class='ocr_carea' id='block_1_101' title="bbox 1861 3859 3421 3931">
    <p class='ocr_par' dir='ltr' id='par_1_101' title="bbox 1861 3859 3421 3931">
     <span class='ocr_line' id='line_1_101' title="bbox 1861 3859 3421 3931; baseline 0.001 -16"><span class='ocrx_word' id='word_1_735' title='bbox 1861 3879 1963 3917; x_wconf 72' lang='lat' dir='ltr'><strong>«ex</strong></span> <span class='ocrx_word' id='word_1_736' title='bbox 2020 3862 2349 3917; x_wconf 69' lang='lat' dir='ltr'><strong>membron</strong></span> <span class='ocrx_word' id='word_1_737' title='bbox 2407 3877 2512 3931; x_wconf 86' lang='lat' dir='ltr'><strong>quo</strong></span> <span class='ocrx_word' id='word_1_738' title='bbox 2563 3862 2723 3916; x_wconf 85' lang='lat' dir='ltr'><strong>modo</strong></span> <span class='ocrx_word' id='word_1_739' title='bbox 2781 3861 3014 3916; x_wconf 78' lang='lat' dir='ltr'><strong>fortasse</strong></span> <span class='ocrx_word' id='word_1_740' title='bbox 3083 3859 3211 3930; x_wconf 88' lang='lat' dir='ltr'><strong>legit</strong></span> <span class='ocrx_word' id='word_1_741' title='bbox 3267 3860 3421 3931; x_wconf 82' lang='lat' dir='ltr'><strong>Vulg.</strong></span> 
     </span>
    </p>
   </div>
   <div class='ocr_carea' id='block_1_102' title="bbox 1856 3931 3296 4002">
    <p class='ocr_par' dir='ltr' id='par_1_102' title="bbox 1856 3931 3296 4002">
     <span class='ocr_line' id='line_1_102' title="bbox 1856 3931 3296 4002; baseline -0.003 -13"><span class='ocrx_word' id='word_1_742' title='bbox 1856 3935 2142 3999; x_wconf 86' lang='lat' dir='ltr'><strong>interpres.</strong></span> <span class='ocrx_word' id='word_1_743' title='bbox 2180 3932 2285 3986; x_wconf 89' lang='lat' dir='ltr'><strong>Sed</strong></span> <span class='ocrx_word' id='word_1_744' title='bbox 2320 3932 2506 3987; x_wconf 65' lang='lat' dir='ltr'><strong>Graeca</strong></span> <span class='ocrx_word' id='word_1_745' title='bbox 2539 3932 2704 3987; x_wconf 88' lang='lat' dir='ltr'><strong>editio</strong></span> <span class='ocrx_word' id='word_1_746' title='bbox 2743 3931 2904 3986; x_wconf 89' lang='lat' dir='ltr'><strong>habet</strong></span> <span class='ocrx_word' id='word_1_747' title='bbox 2928 3942 2985 3987; x_wconf 91' lang='lat' dir='ltr'><strong>ut</strong></span> <span class='ocrx_word' id='word_1_748' title='bbox 3017 3931 3296 4002; x_wconf 83' lang='lat' dir='ltr'><strong>Didymus.</strong></span> 
     </span>
    </p>
   </div>
   <div class='ocr_carea' id='block_1_103' title="bbox 1928 4002 2880 4071">
    <p class='ocr_par' dir='ltr' id='par_1_103' title="bbox 1928 4002 2880 4071">
     <span class='ocr_line' id='line_1_103' title="bbox 1928 4002 2880 4071; baseline -0.001 -15"><span class='ocrx_word' id='word_1_749' title='bbox 1928 4004 2043 4071; x_wconf 82' lang='lat'><strong>(66)</strong></span> <span class='ocrx_word' id='word_1_750' title='bbox 2084 4005 2165 4055; x_wconf 79' lang='lat' dir='ltr'><strong>An</strong></span> <span class='ocrx_word' id='word_1_751' title='bbox 2205 4004 2435 4056; x_wconf 80' lang='lat' dir='ltr'><strong>nescitis.</strong></span> <span class='ocrx_word' id='word_1_752' title='bbox 2471 4002 2486 4056; x_wconf 97' lang='lat' dir='ltr'><strong>I</strong></span> <span class='ocrx_word' id='word_1_753' title='bbox 2520 4003 2648 4059; x_wconf 89' lang='lat' dir='ltr'><strong>Cor.</strong></span> <span class='ocrx_word' id='word_1_754' title='bbox 2686 4018 2758 4067; x_wconf 88' lang='lat' dir='ltr'><strong>vl,</strong></span> <span class='ocrx_word' id='word_1_755' title='bbox 2792 4002 2880 4056; x_wconf 83' lang='grc'><strong>15.</strong></span> 
     </span>
    </p>
   </div>
   <div class='ocr_carea' id='block_1_104' title="bbox 1928 4069 3429 4145">
    <p class='ocr_par' dir='ltr' id='par_1_104' title="bbox 1928 4069 3429 4145">
     <span class='ocr_line' id='line_1_104' title="bbox 1928 4069 3429 4145; baseline -0.003 -17"><span class='ocrx_word' id='word_1_756' title='bbox 1928 4069 2040 4145; x_wconf 82' lang='grc'><strong>(67)</strong></span> <span class='ocrx_word' id='word_1_757' title='bbox 2084 4072 2167 4126; x_wconf 76' lang='lat' dir='ltr'><strong>Ea:</strong></span> <span class='ocrx_word' id='word_1_758' title='bbox 2206 4074 2353 4145; x_wconf 69' lang='lat' dir='ltr'><strong>caelo.</strong></span> <span class='ocrx_word' id='word_1_759' title='bbox 2399 4073 2625 4143; x_wconf 89' lang='lat' dir='ltr'><strong>Aliquos</strong></span> <span class='ocrx_word' id='word_1_760' title='bbox 2668 4072 2952 4145; x_wconf 64' lang='lat' dir='ltr'><strong>exstitisse</strong></span> <span class='ocrx_word' id='word_1_761' title='bbox 3002 4069 3211 4145; x_wconf 78' lang='lat' dir='ltr'><strong>Didymi</strong></span> <span class='ocrx_word' id='word_1_762' title='bbox 3265 4078 3429 4145; x_wconf 68' lang='lat' dir='ltr'><strong>aetate</strong></span> 
     </span>
    </p>
   </div>
   <div class='ocr_carea' id='block_1_105' title="bbox 1861 4140 3425 4212">
    <p class='ocr_par' dir='ltr' id='par_1_105' title="bbox 1861 4140 3425 4212">
     <span class='ocr_line' id='line_1_105' title="bbox 1861 4140 3425 4212; baseline -0.005 -11"><span class='ocrx_word' id='word_1_763' title='bbox 1861 4140 2183 4207; x_wconf 73' lang='lat' dir='ltr'><strong>hzereticos,</strong></span> <span class='ocrx_word' id='word_1_764' title='bbox 2247 4142 2341 4212; x_wconf 89' lang='lat' dir='ltr'><strong>qui</strong></span> <span class='ocrx_word' id='word_1_765' title='bbox 2386 4140 2603 4197; x_wconf 77' lang='lat' dir='ltr'><strong>carnem</strong></span> <span class='ocrx_word' id='word_1_766' title='bbox 2661 4141 2860 4196; x_wconf 82' lang='lat' dir='ltr'><strong>Christi</strong></span> <span class='ocrx_word' id='word_1_767' title='bbox 2919 4140 3193 4212; x_wconf 57' lang='lat' dir='ltr'><strong>caelestem</strong></span> <span class='ocrx_word' id='word_1_768' title='bbox 3259 4140 3425 4212; x_wconf 82' lang='lat' dir='ltr'><strong>fuisse</strong></span> 
     </span>
    </p>
   </div>
   <div class='ocr_carea' id='block_1_106' title="bbox 1858 4209 3431 4278">
    <p class='ocr_par' dir='ltr' id='par_1_106' title="bbox 1858 4209 3431 4278">
     <span class='ocr_line' id='line_1_106' title="bbox 1858 4209 3431 4278; baseline -0.002 -11"><span class='ocrx_word' id='word_1_769' title='bbox 1858 4213 2129 4276; x_wconf 87' lang='lat' dir='ltr'><strong>volebant,</strong></span> <span class='ocrx_word' id='word_1_770' title='bbox 2173 4209 2280 4266; x_wconf 79' lang='lat' dir='ltr'><strong>non</strong></span> <span class='ocrx_word' id='word_1_771' title='bbox 2307 4211 2617 4278; x_wconf 87' lang='lat' dir='ltr'><strong>humanam,</strong></span> <span class='ocrx_word' id='word_1_772' title='bbox 2663 4220 2871 4266; x_wconf 84' lang='lat' dir='ltr'><strong>certum</strong></span> <span class='ocrx_word' id='word_1_773' title='bbox 2903 4222 3007 4267; x_wconf 90' lang='lat' dir='ltr'><strong>est.</strong></span> <span class='ocrx_word' id='word_1_774' title='bbox 3037 4209 3170 4264; x_wconf 82' lang='lat' dir='ltr'><strong>Nam</strong></span> <span class='ocrx_word' id='word_1_775' title='bbox 3204 4222 3257 4265; x_wconf 92' lang='lat' dir='ltr'><strong>et</strong></span> <span class='ocrx_word' id='word_1_776' title='bbox 3286 4210 3431 4265; x_wconf 80' lang='lat' dir='ltr'><strong>Basi-</strong></span> 
     </span>
    </p>
   </div>
   <div class='ocr_carea' id='block_1_107' title="bbox 1860 4280 3425 4350">
    <p class='ocr_par' dir='ltr' id='par_1_107' title="bbox 1860 4280 3425 4350">
     <span class='ocr_line' id='line_1_107' title="bbox 1860 4280 3425 4350; baseline -0.003 -12"><span class='ocrx_word' id='word_1_777' title='bbox 1860 4284 1963 4338; x_wconf 88' lang='lat' dir='ltr'><strong>lius</strong></span> <span class='ocrx_word' id='word_1_778' title='bbox 2009 4285 2166 4350; x_wconf 83' lang='lat' dir='ltr'><strong>epist.</strong></span> <span class='ocrx_word' id='word_1_779' title='bbox 2201 4280 2297 4336; x_wconf 85' lang='grc'><strong>161</strong></span> <span class='ocrx_word' id='word_1_780' title='bbox 2332 4282 2401 4334; x_wconf 83' lang='lat' dir='ltr'><strong>ad</strong></span> <span class='ocrx_word' id='word_1_781' title='bbox 2442 4280 2841 4349; x_wconf 73' lang='lat' dir='ltr'><strong>Sozopolitanos</strong></span> <span class='ocrx_word' id='word_1_782' title='bbox 2884 4295 3026 4335; x_wconf 83' lang='lat' dir='ltr'><strong>annn</strong></span> <span class='ocrx_word' id='word_1_783' title='bbox 3071 4281 3176 4334; x_wconf 78' lang='lat'><strong>377</strong></span> <span class='ocrx_word' id='word_1_784' title='bbox 3220 4281 3425 4349; x_wconf 83' lang='lat' dir='ltr'><strong>scripta</strong></span> 
     </span>
    </p>
   </div>
   <div class='ocr_carea' id='block_1_108' title="bbox 1860 4349 3425 4422">
    <p class='ocr_par' dir='ltr' id='par_1_108' title="bbox 1860 4349 3425 4422">
     <span class='ocr_line' id='line_1_108' title="bbox 1860 4349 3425 4422; baseline -0.003 -15"><span class='ocrx_word' id='word_1_785' title='bbox 1860 4355 1939 4408; x_wconf 85' lang='lat' dir='ltr'><strong>sic</strong></span> <span class='ocrx_word' id='word_1_786' title='bbox 1975 4349 2211 4422; x_wconf 84' lang='lat' dir='ltr'><strong>loquitur</strong></span> <span class='ocrx_word' id='word_1_787' title='bbox 2243 4368 2257 4405; x_wconf 91' lang='lat'><strong>:</strong></span> <span class='ocrx_word' id='word_1_788' title='bbox 2295 4369 2313 4402; x_wconf 73' lang='grc' dir='ltr'><strong>ι</strong></span> <span class='ocrx_word' id='word_1_789' title='bbox 2340 4349 2465 4405; x_wconf 60' lang='lat' dir='ltr'><strong>Haec</strong></span> <span class='ocrx_word' id='word_1_790' title='bbox 2495 4354 2637 4422; x_wconf 88' lang='lat' dir='ltr'><strong>enim</strong></span> <span class='ocrx_word' id='word_1_791' title='bbox 2684 4352 2865 4406; x_wconf 87' lang='lat' dir='ltr'><strong>omnia</strong></span> <span class='ocrx_word' id='word_1_792' title='bbox 2916 4351 3177 4405; x_wconf 91' lang='lat' dir='ltr'><strong>tolluntttr</strong></span> <span class='ocrx_word' id='word_1_793' title='bbox 3216 4354 3284 4404; x_wconf 91' lang='lat' dir='ltr'><strong>ab</strong></span> <span class='ocrx_word' id='word_1_794' title='bbox 3319 4351 3425 4422; x_wconf 6' lang='lat' dir='ltr'><strong>piis,</strong></span> 
     </span>
    </p>
   </div>
   <div class='ocr_carea' id='block_1_109' title="bbox 1860 4420 3425 4493">
    <p class='ocr_par' dir='ltr' id='par_1_109' title="bbox 1860 4420 3425 4493">
     <span class='ocr_line' id='line_1_109' title="bbox 1860 4420 3425 4493; baseline -0.003 -17"><span class='ocrx_word' id='word_1_795' title='bbox 1860 4425 1950 4493; x_wconf 91' lang='lat' dir='ltr'><strong>qui</strong></span> <span class='ocrx_word' id='word_1_796' title='bbox 1977 4420 2473 4493; x_wconf 34' lang='lat' dir='ltr'><strong>DominumAdicunt</strong></span> <span class='ocrx_word' id='word_1_797' title='bbox 2490 4421 2708 4493; x_wconf 62' lang='lat' dir='ltr'><strong>caeleste</strong></span> <span class='ocrx_word' id='word_1_798' title='bbox 2730 4435 2924 4493; x_wconf 89' lang='lat' dir='ltr'><strong>corpus</strong></span> <span class='ocrx_word' id='word_1_799' title='bbox 2954 4423 3237 4493; x_wconf 87' lang='lat' dir='ltr'><strong>habentem</strong></span> <span class='ocrx_word' id='word_1_800' title='bbox 3264 4420 3425 4493; x_wconf 83' lang='lat' dir='ltr'><strong>adve-</strong></span> 
     </span>
    </p>
   </div>
   <div class='ocr_carea' id='block_1_110' title="bbox 1862 4490 3424 4562">
    <p class='ocr_par' dir='ltr' id='par_1_110' title="bbox 1862 4490 3424 4562">
     <span class='ocr_line' id='line_1_110' title="bbox 1862 4490 3424 4562; baseline -0.004 -15"><span class='ocrx_word' id='word_1_801' title='bbox 1862 4490 2049 4547; x_wconf 85' lang='lat' dir='ltr'><strong>nisse:</strong></span> <span class='ocrx_word' id='word_1_802' title='bbox 2089 4509 2107 4543; x_wconf 78' lang='grc' dir='ltr'><strong>ι</strong></span> <span class='ocrx_word' id='word_1_803' title='bbox 2156 4498 2212 4545; x_wconf 87' lang='lat' dir='ltr'><strong>et</strong></span> <span class='ocrx_word' id='word_1_804' title='bbox 2259 4490 2513 4562; x_wconf 87' lang='lat' dir='ltr'><strong>Didymus</strong></span> <span class='ocrx_word' id='word_1_805' title='bbox 2575 4491 2706 4562; x_wconf 68' lang='lat' dir='ltr'><strong>ipse,</strong></span> <span class='ocrx_word' id='word_1_806' title='bbox 2762 4500 2822 4545; x_wconf 91' lang='lat' dir='ltr'><strong>ttt</strong></span> <span class='ocrx_word' id='word_1_807' title='bbox 2863 4492 2999 4562; x_wconf 63' lang='lat' dir='ltr'><strong>alios</strong></span> <span class='ocrx_word' id='word_1_808' title='bbox 3050 4491 3318 4562; x_wconf 88' lang='lat' dir='ltr'><strong>omittam,</strong></span> <span class='ocrx_word' id='word_1_809' title='bbox 3371 4490 3424 4542; x_wconf 89' lang='lat' dir='ltr'><strong>in</strong></span> 
     </span>
    </p>
   </div>
   <div class='ocr_carea' id='block_1_111' title="bbox 1860 4558 3421 4628">
    <p class='ocr_par' dir='ltr' id='par_1_111' title="bbox 1860 4558 3421 4628">
     <span class='ocr_line' id='line_1_111' title="bbox 1860 4558 3421 4628; baseline -0.004 -12"><span class='ocrx_word' id='word_1_810' title='bbox 1860 4563 2204 4616; x_wconf 90' lang='lat' dir='ltr'><strong>enarratione</strong></span> <span class='ocrx_word' id='word_1_811' title='bbox 2244 4562 2299 4614; x_wconf 86' lang='lat' dir='ltr'><strong>in</strong></span> <span class='ocrx_word' id='word_1_812' title='bbox 2341 4558 2564 4628; x_wconf 70' lang='lat' dir='ltr'><strong>primum</strong></span> <span class='ocrx_word' id='word_1_813' title='bbox 2595 4558 2832 4614; x_wconf 30' lang='lat' dir='ltr'><strong>’Joannis</strong></span> <span class='ocrx_word' id='word_1_814' title='bbox 2862 4558 3174 4628; x_wconf 78' lang='lat' dir='ltr'><strong>Epistulam,</strong></span> <span class='ocrx_word' id='word_1_815' title='bbox 3200 4572 3320 4627; x_wconf 89' lang='lat' dir='ltr'><strong>cap.</strong></span> <span class='ocrx_word' id='word_1_816' title='bbox 3348 4574 3421 4620; x_wconf 77' lang='lat' dir='ltr'><strong>tv,</strong></span> 
     </span>
    </p>
   </div>
   <div class='ocr_carea' id='block_1_112' title="bbox 1860 4628 3423 4700">
    <p class='ocr_par' dir='ltr' id='par_1_112' title="bbox 1860 4628 3423 4700">
     <span class='ocr_line' id='line_1_112' title="bbox 1860 4628 3423 4700; baseline -0.004 -13"><span class='ocrx_word' id='word_1_817' title='bbox 1860 4633 1978 4687; x_wconf 66' lang='lat' dir='ltr'><strong>haec</strong></span> <span class='ocrx_word' id='word_1_818' title='bbox 2029 4631 2236 4685; x_wconf 85' lang='lat' dir='ltr'><strong>habet:</strong></span> <span class='ocrx_word' id='word_1_819' title='bbox 2270 4629 2452 4684; x_wconf 69' lang='lat' dir='ltr'><strong>«Sunt</strong></span> <span class='ocrx_word' id='word_1_820' title='bbox 2495 4640 2676 4685; x_wconf 90' lang='lat' dir='ltr'><strong>autem</strong></span> <span class='ocrx_word' id='word_1_821' title='bbox 2727 4629 2946 4700; x_wconf 88' lang='lat' dir='ltr'><strong>quidam</strong></span> <span class='ocrx_word' id='word_1_822' title='bbox 2999 4628 3269 4700; x_wconf 69' lang='lat' dir='ltr'><strong>haeretici,</strong></span> <span class='ocrx_word' id='word_1_823' title='bbox 3331 4628 3423 4697; x_wconf 88' lang='lat' dir='ltr'><strong>qui</strong></span> 
     </span>
    </p>
   </div>
   <div class='ocr_carea' id='block_1_113' title="bbox 1846 4697 3425 4782">
    <p class='ocr_par' dir='ltr' id='par_1_113' title="bbox 1846 4697 3425 4782">
     <span class='ocr_line' id='line_1_113' title="bbox 1846 4697 3425 4782; baseline -0.004 -25"><span class='ocrx_word' id='word_1_824' title='bbox 1846 4717 2035 4782; x_wconf 79' lang='lat' dir='ltr'><strong>‘neqne</strong></span> <span class='ocrx_word' id='word_1_825' title='bbox 2073 4714 2245 4782; x_wconf 72' lang='lat' dir='ltr'><strong>usque</strong></span> <span class='ocrx_word' id='word_1_826' title='bbox 2290 4700 2357 4753; x_wconf 85' lang='lat' dir='ltr'><strong>ad</strong></span> <span class='ocrx_word' id='word_1_827' title='bbox 2405 4714 2709 4782; x_wconf 65' lang='lat' dir='ltr'><strong>sermonem</strong></span> <span class='ocrx_word' id='word_1_828' title='bbox 2746 4697 3104 4782; x_wconf 66' lang='lat' dir='ltr'><strong>consentiunt</strong></span> <span class='ocrx_word' id='word_1_829' title='bbox 3152 4697 3207 4750; x_wconf 88' lang='lat' dir='ltr'><strong>in</strong></span> <span class='ocrx_word' id='word_1_830' title='bbox 3259 4710 3425 4782; x_wconf 63' lang='lat' dir='ltr'><strong>carne</strong></span> 
     </span>
    </p>
   </div>
   <div class='ocr_carea' id='block_1_114' title="bbox 1860 4767 3427 4838">
    <p class='ocr_par' dir='ltr' id='par_1_114' title="bbox 1860 4767 3427 4838">
     <span class='ocr_line' id='line_1_114' title="bbox 1860 4767 3427 4838; baseline -0.003 -15"><span class='ocrx_word' id='word_1_831' title='bbox 1860 4767 2072 4825; x_wconf 86' lang='lat' dir='ltr'><strong>venisse</strong></span> <span class='ocrx_word' id='word_1_832' title='bbox 2105 4767 2307 4833; x_wconf 54' lang='lat' dir='ltr'><strong>Je&#39;sum,</strong></span> <span class='ocrx_word' id='word_1_833' title='bbox 2347 4770 2440 4824; x_wconf 90' lang='lat' dir='ltr'><strong>sed</strong></span> <span class='ocrx_word' id='word_1_834' title='bbox 2479 4778 2573 4823; x_wconf 92' lang='lat' dir='ltr'><strong>aut</strong></span> <span class='ocrx_word' id='word_1_835' title='bbox 2611 4784 2808 4838; x_wconf 91' lang='lat' dir='ltr'><strong>corpus</strong></span> <span class='ocrx_word' id='word_1_836' title='bbox 2844 4767 3067 4838; x_wconf 58' lang='lat' dir='ltr'><strong>caeleste</strong></span> <span class='ocrx_word' id='word_1_837' title='bbox 3107 4767 3427 4838; x_wconf 6' lang='lat' dir='ltr'><strong>enmpdetu.</strong></span> 
     </span>
    </p>
   </div>
   <div class='ocr_carea' id='block_1_115' title="bbox 1864 4836 3426 4907">
    <p class='ocr_par' dir='ltr' id='par_1_115' title="bbox 1864 4836 3426 4907">
     <span class='ocr_line' id='line_1_115' title="bbox 1864 4836 3426 4907; baseline -0.004 -13"><span class='ocrx_word' id='word_1_838' title='bbox 1864 4841 1991 4895; x_wconf 88' lang='lat' dir='ltr'><strong>lisse</strong></span> <span class='ocrx_word' id='word_1_839' title='bbox 2026 4849 2237 4907; x_wconf 90' lang='lat' dir='ltr'><strong>putant,</strong></span> <span class='ocrx_word' id='word_1_840' title='bbox 2275 4849 2369 4892; x_wconf 83' lang='lat' dir='ltr'><strong>aut</strong></span> <span class='ocrx_word' id='word_1_841' title='bbox 2395 4851 2545 4894; x_wconf 91' lang='lat' dir='ltr'><strong>certe</strong></span> <span class='ocrx_word' id='word_1_842' title='bbox 2582 4836 2753 4907; x_wconf 77' lang='lat' dir='ltr'><strong>usque</strong></span> <span class='ocrx_word' id='word_1_843' title='bbox 2778 4838 2845 4892; x_wconf 87' lang='lat' dir='ltr'><strong>ad</strong></span> <span class='ocrx_word' id='word_1_844' title='bbox 2882 4837 3220 4906; x_wconf 79' lang='lat' dir='ltr'><strong>phantasiam</strong></span> <span class='ocrx_word' id='word_1_845' title='bbox 3251 4836 3426 4907; x_wconf 83' lang='lat' dir='ltr'><strong>homi-</strong></span> 
     </span>
    </p>
   </div>
   <div class='ocr_carea' id='block_1_116' title="bbox 1865 4905 3427 4976">
    <p class='ocr_par' dir='ltr' id='par_1_116' title="bbox 1865 4905 3427 4976">
     <span class='ocr_line' id='line_1_116' title="bbox 1865 4905 3427 4976; baseline -0.004 -12"><span class='ocrx_word' id='word_1_846' title='bbox 1865 4927 1986 4964; x_wconf 82' lang='lat' dir='ltr'><strong>nem</strong></span> <span class='ocrx_word' id='word_1_847' title='bbox 2017 4905 2325 4976; x_wconf 81' lang='lat' dir='ltr'><strong>apparuisse</strong></span> <span class='ocrx_word' id='word_1_848' title='bbox 2357 4905 2699 4964; x_wconf 82' lang='lat' dir='ltr'><strong>conﬁrmant.</strong></span> <span class='ocrx_word' id='word_1_849' title='bbox 2732 4926 2752 4961; x_wconf 73' lang='grc' dir='ltr'><strong>ι</strong></span> <span class='ocrx_word' id='word_1_850' title='bbox 2796 4909 2866 4962; x_wconf 83' lang='lat' dir='ltr'><strong>At</strong></span> <span class='ocrx_word' id='word_1_851' title='bbox 2887 4905 3165 4976; x_wconf 81' lang='lat' dir='ltr'><strong>quosnam</strong></span> <span class='ocrx_word' id='word_1_852' title='bbox 3208 4905 3427 4975; x_wconf 88' lang='lat' dir='ltr'><strong>potissi-</strong></span> 
     </span>
    </p>
   </div>
   <div class='ocr_carea' id='block_1_117' title="bbox 1866 4971 3513 5049">
    <p class='ocr_par' dir='ltr' id='par_1_117' title="bbox 1866 4971 3513 5049">
     <span class='ocr_line' id='line_1_117' title="bbox 1866 4971 3513 5049; baseline -0.005 -16"><span class='ocrx_word' id='word_1_853' title='bbox 1866 4996 2007 5033; x_wconf 88' lang='lat' dir='ltr'><strong>mum</strong></span> <span class='ocrx_word' id='word_1_854' title='bbox 2048 4971 2329 5049; x_wconf 60' lang='lat' dir='ltr'><strong>haereticos</strong></span> <span class='ocrx_word' id='word_1_855' title='bbox 2369 4980 2614 5049; x_wconf 78' lang='lat' dir='ltr'><strong>designat</strong></span> <span class='ocrx_word' id='word_1_856' title='bbox 2661 4971 3423 5049; x_wconf 47' lang='lat' dir='ltr'><strong>Didytnus&#39;i_Apollinaristas,</strong></span> <span class='ocrx_word' id='word_1_857' title='bbox 3500 4971 3513 4987; x_wconf 93' lang='lat'><strong>‘</strong></span> 
     </span>
    </p>
   </div>
   <div class='ocr_carea' id='block_1_118' title="bbox 1866 5044 3425 5117">
    <p class='ocr_par' dir='ltr' id='par_1_118' title="bbox 1866 5044 3425 5117">
     <span class='ocr_line' id='line_1_118' title="bbox 1866 5044 3425 5117; baseline -0.002 -15"><span class='ocrx_word' id='word_1_858' title='bbox 1866 5059 1925 5103; x_wconf 84' lang='lat' dir='ltr'><strong>ut</strong></span> <span class='ocrx_word' id='word_1_859' title='bbox 1954 5059 2100 5117; x_wconf 88' lang='lat' dir='ltr'><strong>puto.</strong></span> <span class='ocrx_word' id='word_1_860' title='bbox 2132 5047 2263 5101; x_wconf 80' lang='lat' dir='ltr'><strong>Nam</strong></span> <span class='ocrx_word' id='word_1_861' title='bbox 2296 5044 2526 5115; x_wconf 78' lang='lat' dir='ltr'><strong>primum</strong></span> <span class='ocrx_word' id='word_1_862' title='bbox 2565 5044 2779 5117; x_wconf 71' lang='lat' dir='ltr'><strong>quidem</strong></span> <span class='ocrx_word' id='word_1_863' title='bbox 2821 5045 3185 5117; x_wconf 73' lang='lat' dir='ltr'><strong>Apollinarius</strong></span> <span class='ocrx_word' id='word_1_864' title='bbox 3214 5045 3327 5117; x_wconf 86' lang='lat' dir='ltr'><strong>ipse</strong></span> <span class='ocrx_word' id='word_1_865' title='bbox 3354 5044 3425 5117; x_wconf 80' lang='lat' dir='ltr'><strong>ita</strong></span> 
     </span>
    </p>
   </div>
   <div class='ocr_carea' id='block_1_119' title="bbox 1865 5114 3425 5186">
    <p class='ocr_par' dir='ltr' id='par_1_119' title="bbox 1865 5114 3425 5186">
     <span class='ocr_line' id='line_1_119' title="bbox 1865 5114 3425 5186; baseline -0.005 -12"><span class='ocrx_word' id='word_1_866' title='bbox 1865 5114 2098 5174; x_wconf 77' lang='lat' dir='ltr'><strong>sensisse</strong></span> <span class='ocrx_word' id='word_1_867' title='bbox 2137 5114 2345 5171; x_wconf 81' lang='lat' dir='ltr'><strong>videtur</strong></span> <span class='ocrx_word' id='word_1_868' title='bbox 2375 5136 2389 5173; x_wconf 89' lang='lat'><strong>:</strong></span> <span class='ocrx_word' id='word_1_869' title='bbox 2416 5117 2610 5173; x_wconf 87' lang='lat' dir='ltr'><strong>deinde</strong></span> <span class='ocrx_word' id='word_1_870' title='bbox 2651 5114 3068 5186; x_wconf 61' lang='lat' dir='ltr'><strong>Apollinarium.</strong></span> <span class='ocrx_word' id='word_1_871' title='bbox 3103 5114 3235 5170; x_wconf 89' lang='lat' dir='ltr'><strong>Novi</strong></span> <span class='ocrx_word' id='word_1_872' title='bbox 3269 5114 3425 5184; x_wconf 82' lang='lat' dir='ltr'><strong>equi-</strong></span> 
     </span>
    </p>
   </div>
   <div class='ocr_carea' id='block_1_120' title="bbox 1864 5186 3425 5257">
    <p class='ocr_par' dir='ltr' id='par_1_120' title="bbox 1864 5186 3425 5257">
     <span class='ocr_line' id='line_1_120' title="bbox 1864 5186 3425 5257; baseline -0.002 -16"><span class='ocrx_word' id='word_1_873' title='bbox 1864 5191 1985 5242; x_wconf 89' lang='lat' dir='ltr'><strong>dem</strong></span> <span class='ocrx_word' id='word_1_874' title='bbox 2026 5187 2284 5242; x_wconf 81' lang='lat' dir='ltr'><strong>.lacohum</strong></span> <span class='ocrx_word' id='word_1_875' title='bbox 2324 5188 2641 5257; x_wconf 83' lang='lat' dir='ltr'><strong>Basuagium</strong></span> <span class='ocrx_word' id='word_1_876' title='bbox 2676 5188 2727 5240; x_wconf 93' lang='lat' dir='ltr'><strong>in</strong></span> <span class='ocrx_word' id='word_1_877' title='bbox 2765 5202 2825 5241; x_wconf 83' lang='lat' dir='ltr'><strong>ea</strong></span> <span class='ocrx_word' id='word_1_878' title='bbox 2871 5199 2993 5241; x_wconf 83' lang='lat' dir='ltr'><strong>esse</strong></span> <span class='ocrx_word' id='word_1_879' title='bbox 3024 5186 3309 5257; x_wconf 20' lang='lat' dir='ltr'><strong>Aopinione,</strong></span> <span class='ocrx_word' id='word_1_880' title='bbox 3367 5192 3425 5238; x_wconf 89' lang='lat' dir='ltr'><strong>ut</strong></span> 
     </span>
    </p>
   </div>
   <div class='ocr_carea' id='block_1_121' title="bbox 1868 5254 3425 5328">
    <p class='ocr_par' dir='ltr' id='par_1_121' title="bbox 1868 5254 3425 5328">
     <span class='ocr_line' id='line_1_121' title="bbox 1868 5254 3425 5328; baseline -0.001 -20"><span class='ocrx_word' id='word_1_881' title='bbox 1868 5266 2015 5326; x_wconf 86' lang='lat' dir='ltr'><strong>putet</strong></span> <span class='ocrx_word' id='word_1_882' title='bbox 2048 5257 2433 5328; x_wconf 81' lang='lat' dir='ltr'><strong>Apollinarium</strong></span> <span class='ocrx_word' id='word_1_883' title='bbox 2460 5254 2568 5328; x_wconf 72' lang='lat' dir='ltr'><strong>tam</strong></span> <span class='ocrx_word' id='word_1_884' title='bbox 2597 5271 2783 5328; x_wconf 85' lang='lat' dir='ltr'><strong>crasso</strong></span> <span class='ocrx_word' id='word_1_885' title='bbox 2808 5270 2995 5328; x_wconf 82' lang='lat' dir='ltr'><strong>errore</strong></span> <span class='ocrx_word' id='word_1_886' title='bbox 3019 5254 3287 5328; x_wconf 74' lang='lat' dir='ltr'><strong>imbutum</strong></span> <span class='ocrx_word' id='word_1_887' title='bbox 3319 5270 3425 5328; x_wconf 82' lang='lat' dir='ltr'><strong>non</strong></span> 
     </span>
    </p>
   </div>
   <div class='ocr_carea' id='block_1_122' title="bbox 1869 5325 3423 5397">
    <p class='ocr_par' dir='ltr' id='par_1_122' title="bbox 1869 5325 3423 5397">
     <span class='ocr_line' id='line_1_122' title="bbox 1869 5325 3423 5397; baseline -0.003 -16"><span class='ocrx_word' id='word_1_888' title='bbox 1869 5325 2032 5383; x_wconf 73' lang='lat' dir='ltr'><strong>fuisse</strong></span> <span class='ocrx_word' id='word_1_889' title='bbox 2064 5325 2249 5397; x_wconf 76' lang='lat' dir='ltr'><strong>:qttod</strong></span> <span class='ocrx_word' id='word_1_890' title='bbox 2281 5338 2336 5380; x_wconf 85' lang='grc' dir='ltr'><strong>ιιι</strong></span> <span class='ocrx_word' id='word_1_891' title='bbox 2358 5326 2568 5395; x_wconf 86' lang='lat' dir='ltr'><strong>probet,</strong></span> <span class='ocrx_word' id='word_1_892' title='bbox 2586 5326 2712 5397; x_wconf 67' lang='lat' dir='ltr'><strong>haec</strong></span> <span class='ocrx_word' id='word_1_893' title='bbox 2735 5326 3050 5397; x_wconf 81' lang='lat' dir='ltr'><strong>Apollinarii</strong></span> <span class='ocrx_word' id='word_1_894' title='bbox 3077 5326 3243 5393; x_wconf 87' lang='lat' dir='ltr'><strong>ipsius</strong></span> <span class='ocrx_word' id='word_1_895' title='bbox 3259 5325 3423 5379; x_wconf 79' lang='lat' dir='ltr'><strong>verba</strong></span> 
     </span>
    </p>
   </div>
   <div class='ocr_carea' id='block_1_123' title="bbox 1866 5395 3423 5462">
    <p class='ocr_par' dir='ltr' id='par_1_123' title="bbox 1866 5395 3423 5462">
     <span class='ocr_line' id='line_1_123' title="bbox 1866 5395 3423 5462; baseline -0.003 -13"><span class='ocrx_word' id='word_1_896' title='bbox 1866 5398 2072 5462; x_wconf 79' lang='lat' dir='ltr'><strong>profert</strong></span> <span class='ocrx_word' id='word_1_897' title='bbox 2119 5395 2181 5449; x_wconf 75' lang='lat' dir='ltr'><strong>ex</strong></span> <span class='ocrx_word' id='word_1_898' title='bbox 2222 5395 2447 5450; x_wconf 83' lang='lat' dir='ltr'><strong>Leontio</strong></span> <span class='ocrx_word' id='word_1_899' title='bbox 2477 5412 2493 5449; x_wconf 89' lang='lat'><strong>:</strong></span> <span class='ocrx_word' id='word_1_900' title='bbox 2530 5415 2548 5447; x_wconf 78' lang='grc' dir='ltr'>σ</span> <span class='ocrx_word' id='word_1_901' title='bbox 2570 5395 2900 5451; x_wconf 80' lang='lat' dir='ltr'><strong>Concessum</strong></span> <span class='ocrx_word' id='word_1_902' title='bbox 2941 5405 3061 5461; x_wconf 88' lang='lat' dir='ltr'><strong>est,</strong></span> <span class='ocrx_word' id='word_1_903' title='bbox 3098 5406 3157 5449; x_wconf 91' lang='lat' dir='ltr'><strong>ut</strong></span> <span class='ocrx_word' id='word_1_904' title='bbox 3194 5405 3423 5457; x_wconf 87' lang='lat' dir='ltr'><strong>eertum,</strong></span> 
     </span>
    </p>
   </div>
   <div class='ocr_carea' id='block_1_124' title="bbox 1867 5465 3425 5536">
    <p class='ocr_par' dir='ltr' id='par_1_124' title="bbox 1867 5465 3425 5536">
     <span class='ocr_line' id='line_1_124' title="bbox 1867 5465 3425 5536; baseline -0.004 -16"><span class='ocrx_word' id='word_1_905' title='bbox 1867 5485 2060 5536; x_wconf 73' lang='lat' dir='ltr'><strong>corpus</strong></span> <span class='ocrx_word' id='word_1_906' title='bbox 2082 5481 2204 5521; x_wconf 86' lang='lat' dir='ltr'><strong>esse</strong></span> <span class='ocrx_word' id='word_1_907' title='bbox 2226 5483 2293 5519; x_wconf 78' lang='lat' dir='ltr'><strong>ex</strong></span> <span class='ocrx_word' id='word_1_908' title='bbox 2320 5465 2559 5535; x_wconf 85' lang='lat' dir='ltr'><strong>Virgine,</strong></span> <span class='ocrx_word' id='word_1_909' title='bbox 2606 5466 2946 5520; x_wconf 80' lang='lat' dir='ltr'><strong>divinitatem</strong></span> <span class='ocrx_word' id='word_1_910' title='bbox 2973 5480 3006 5521; x_wconf 87' lang='lat' dir='ltr'><strong>e</strong></span> <span class='ocrx_word' id='word_1_911' title='bbox 3032 5467 3204 5528; x_wconf 69' lang='lat' dir='ltr'><strong>cmlo;</strong></span> <span class='ocrx_word' id='word_1_912' title='bbox 3229 5477 3425 5529; x_wconf 85' lang='lat' dir='ltr'><strong>corpus</strong></span> 
     </span>
    </p>
   </div>
   <div class='ocr_carea' id='block_1_125' title="bbox 1869 5538 3423 5598">
    <p class='ocr_par' dir='ltr' id='par_1_125' title="bbox 1869 5538 3423 5598">
     <span class='ocr_line' id='line_1_125' title="bbox 1869 5538 3423 5598; baseline -0.005 -7"><span class='ocrx_word' id='word_1_913' title='bbox 1869 5540 2155 5591; x_wconf 77' lang='lat' dir='ltr'><strong>lurutatunt</strong></span> <span class='ocrx_word' id='word_1_914' title='bbox 2183 5538 2340 5589; x_wconf 87' lang='lat' dir='ltr'><strong>estin</strong></span> <span class='ocrx_word' id='word_1_915' title='bbox 2368 5549 2576 5598; x_wconf 85' lang='lat' dir='ltr'><strong>ventre;</strong></span> <span class='ocrx_word' id='word_1_916' title='bbox 2607 5538 2857 5591; x_wconf 79' lang='lat' dir='ltr'><strong>divinitas</strong></span> <span class='ocrx_word' id='word_1_917' title='bbox 2894 5550 2998 5589; x_wconf 80' lang='lat' dir='ltr'><strong>neu</strong></span> <span class='ocrx_word' id='word_1_918' title='bbox 3029 5545 3232 5597; x_wconf 79' lang='lat' dir='ltr'><strong>creata,</strong></span> <span class='ocrx_word' id='word_1_919' title='bbox 3263 5544 3423 5584; x_wconf 60' lang='lat' dir='ltr'><strong>aeter-</strong></span> 
     </span>
    </p>
   </div>
   <div class='ocr_carea' id='block_1_126' title="bbox 1868 5607 3423 5675">
    <p class='ocr_par' dir='ltr' id='par_1_126' title="bbox 1868 5607 3423 5675">
     <span class='ocr_line' id='line_1_126' title="bbox 1868 5607 3423 5675; baseline -0.007 -13"><span class='ocrx_word' id='word_1_920' title='bbox 1868 5623 1936 5662; x_wconf 86' lang='lat' dir='ltr'><strong>na</strong></span> <span class='ocrx_word' id='word_1_921' title='bbox 1956 5626 1969 5662; x_wconf 90' lang='lat'>:</span> <span class='ocrx_word' id='word_1_922' title='bbox 1991 5610 2043 5662; x_wconf 91' lang='lat' dir='ltr'><strong>in</strong></span> <span class='ocrx_word' id='word_1_923' title='bbox 2075 5607 2465 5672; x_wconf 87' lang='lat' dir='ltr'><strong>compositione</strong></span> <span class='ocrx_word' id='word_1_924' title='bbox 2487 5621 2683 5675; x_wconf 84' lang='lat' dir='ltr'><strong>corpus</strong></span> <span class='ocrx_word' id='word_1_925' title='bbox 2708 5614 3021 5674; x_wconf 83' lang='lat' dir='ltr'><strong>perseverat</strong></span> <span class='ocrx_word' id='word_1_926' title='bbox 3053 5618 3175 5657; x_wconf 85' lang='lat' dir='ltr'><strong>esse</strong></span> <span class='ocrx_word' id='word_1_927' title='bbox 3207 5616 3423 5675; x_wconf 81' lang='lat' dir='ltr'><strong>corpus,</strong></span> 
     </span>
    </p>
   </div>
   <div class='ocr_carea' id='block_1_127' title="bbox 1869 5670 3423 5737">
    <p class='ocr_par' dir='ltr' id='par_1_127' title="bbox 1869 5670 3423 5737">
     <span class='ocr_line' id='line_1_127' title="bbox 1869 5670 3423 5737; baseline -0.008 -5"><span class='ocrx_word' id='word_1_928' title='bbox 1869 5688 1923 5732; x_wconf 89' lang='lat' dir='ltr'><strong>ct</strong></span> <span class='ocrx_word' id='word_1_929' title='bbox 1954 5670 2509 5731; x_wconf 68' lang='lat' dir='ltr'><strong>(livinitasdivinitas.</strong></span> <span class='ocrx_word' id='word_1_930' title='bbox 2535 5693 2553 5726; x_wconf 77' lang='grc' dir='ltr'><strong>ι</strong></span> <span class='ocrx_word' id='word_1_931' title='bbox 2584 5670 2666 5729; x_wconf 80' lang='grc' dir='ltr'><strong>Ἀι</strong></span> <span class='ocrx_word' id='word_1_932' title='bbox 2704 5670 2916 5729; x_wconf 75' lang='lat' dir='ltr'><strong>cuinam</strong></span> <span class='ocrx_word' id='word_1_933' title='bbox 2956 5676 3138 5737; x_wconf 78' lang='lat' dir='ltr'><strong>ignOta</strong></span> <span class='ocrx_word' id='word_1_934' title='bbox 3162 5679 3286 5725; x_wconf 89' lang='lat' dir='ltr'><strong>sunt</strong></span> <span class='ocrx_word' id='word_1_935' title='bbox 3314 5670 3423 5723; x_wconf 72' lang='lat' dir='ltr'><strong>ha:-</strong></span> 
     </span>
    </p>
   </div>
   <div class='ocr_carea' id='block_1_128' title="bbox 1873 5736 3424 5813">
    <p class='ocr_par' dir='ltr' id='par_1_128' title="bbox 1873 5736 3424 5813">
     <span class='ocr_line' id='line_1_128' title="bbox 1873 5736 3424 5813; baseline -0.007 -11"><span class='ocrx_word' id='word_1_936' title='bbox 1873 5748 2162 5805; x_wconf 79' lang='lat' dir='ltr'><strong>reticormn</strong></span> <span class='ocrx_word' id='word_1_937' title='bbox 2208 5744 2473 5802; x_wconf 76' lang='lat' dir='ltr'><strong>artiﬁcia?</strong></span> <span class='ocrx_word' id='word_1_938' title='bbox 2524 5746 2677 5813; x_wconf 62' lang='lat' dir='ltr'><strong>Swpe</strong></span> <span class='ocrx_word' id='word_1_939' title='bbox 2730 5761 2838 5802; x_wconf 87' lang='lat' dir='ltr'><strong>uno</strong></span> <span class='ocrx_word' id='word_1_940' title='bbox 2881 5745 2935 5801; x_wconf 90' lang='lat' dir='ltr'><strong>in</strong></span> <span class='ocrx_word' id='word_1_941' title='bbox 2980 5736 3098 5800; x_wconf 81' lang='lat' dir='ltr'><strong>luco</strong></span> <span class='ocrx_word' id='word_1_942' title='bbox 3139 5743 3190 5797; x_wconf 90' lang='lat' dir='ltr'><strong>id</strong></span> <span class='ocrx_word' id='word_1_943' title='bbox 3230 5752 3424 5810; x_wconf 78' lang='lat' dir='ltr'><strong>negare</strong></span> 
     </span>
    </p>
   </div>
  </div>
