3716 6314
325 295 423 352 851

852 416 1007 489 361
1048 415 1200 474 CAP.
1242 415 1329 470 Ix.

403 510 511 565 Sed
568 498 673 564 alia
723 510 885 565 etiam
936 510 1117 565 divina
1161 508 1376 563 oracula
1423 509 1501 563 sic
1551 509 1892 579 interpretati

329 614 494 669 sunt,
537 611 596 656 ιιι
633 618 663 656 a
708 604 935 658 veritate
978 604 1361 667 dissentirent,
1388 611 1443 656 et
1482 603 1656 656 adhuc
1689 604 1894 658 dissen-

329 694 469 748 tiant
497 710 512 747 :
540 701 667 761 puta
703 691 850 746 illum
877 692 1028 746 Isaia:
1059 692 1338 762 prephette
1371 689 1546 744 locum
1566 731 1579 750 .
1608 691 1696 744 nhi
1734 690 1894 744 Pater

330 784 450 838 ait:
480 800 501 833 ι
534 781 781 852 Magnum
832 780 942 854 (68)
995 782 1089 835 tibi
1140 790 1225 837 est
1253 781 1432 835 vocari
1472 791 1523 835 te
1556 779 1667 851 (69)
1699 781 1892 835 Filium

332 889 513 931 meum
542 892 555 929 :
589 892 609 925 ι
640 873 893 943 quodque
918 888 946 927 a
973 872 1139 927 Paulo
1173 873 1432 940 scriptum
1460 882 1582 927 est:
1614 891 1632 924 ι
1665 873 1764 939 Qui
1799 875 1893 927 de-

333 964 520 1021 ﬁnitus
548 963 662 1035 (70)
698 962 799 1017 fuit
824 962 995 1019 Filius
1019 960 1113 1017 Dei
1147 962 1199 1016 in
1226 963 1426 1017 virtute
1451 963 1744 1017 secundum
1777 962 1897 1032 Spi-

332 1057 498 1111 ritum
532 1054 858 1111 sanctitatis.
892 1073 911 1107 ι
945 1052 1077 1107 Nam
1106 1063 1163 1108 et
1187 1053 1303 1107 haec
1333 1052 1477 1109 illius
1510 1053 1779 1109 divinitati
1812 1054 1893 1105 af-

334 1149 574 1218 lingunt,
616 1160 738 1200 enm
782 1154 959 1199 tamen
1012 1144 1080 1199 de
1126 1144 1310 1199 servili
1362 1144 1572 1210 forma,
1623 1160 1782 1215 quam
1827 1159 1893 1199 ex

330 1237 499 1293 Maria
528 1236 797 1308 sumpsit,
834 1236 979 1292 dicta
1005 1237 1156 1291 sint:
1202 1238 1270 1293 de
1304 1252 1408 1307 qua
1460 1237 1631 1293 forma
1675 1239 1897 1307 angelus

331 1329 509 1385 eidem
535 1327 720 1383 Mariae
763 1327 902 1383 dixit
933 1346 948 1383 :
982 1346 1001 1379 ι
1036 1326 1271 1397 Spiritus
1304 1342 1526 1383 sanctus
1561 1330 1671 1398 (7|)
1706 1346 1893 1397 super-

330 1420 512 1476 veniet
543 1421 597 1476 in
628 1430 709 1487 te,
737 1431 792 1477 et
835 1423 1006 1475 virtus
1042 1421 1304 1475 Altissimi
1359 1421 1703 1477 ohttmhrabit
1753 1422 1843 1474 tibi
1878 1439 1892 1486 ;

330 1512 561 1581 ideoque
588 1522 644 1567 et
688 1512 831 1582 quod
875 1522 1129 1567 nascetur
1171 1522 1416 1568 sanctum
1442 1552 1459 1576 ,
1494 1513 1778 1567 vocabitur
1808 1511 1893 1566 Fi-

329 1604 438 1659 lius
468 1604 584 1662 Dei.
614 1622 633 1657 ι
662 1604 799 1672 Quin
835 1604 997 1659 etiam
1045 1619 1073 1657 a
1106 1604 1332 1659 veritate
1376 1604 1736 1666 dissentiunt,
1767 1605 1893 1655 dum

331 1697 606 1767 explicant
654 1697 824 1752 lllud:
860 1716 878 1749 ι
916 1698 1059 1752 Deus
1113 1696 1229 1766 (72)
1286 1696 1498 1750 Domini
1551 1695 1723 1750 nostri
1770 1693 1892 1751 Jesn

332 1786 532 1841 Christi
557 1826 573 1853 ,
594 1785 753 1842 Pater
774 1787 957 1858 gloria:
980 1804 994 1841 :
1027 1805 1047 1839 ι
1072 1788 1271 1841 etenim
1294 1786 1407 1841 hac
1430 1786 1605 1841 omnia
1631 1786 1893 1840 divinitati

334 1874 503 1943 ipsius
542 1875 870 1930 attribuunt.
913 1875 984 1930 At
1022 1889 1152 1930 vero
1194 1875 1392 1930 Paulus
1431 1876 1535 1930 hoc
1561 1876 1611 1929 in
1645 1874 1765 1929 loco
1800 1873 1897 1928 Pa-

334 1972 472 2018 trem
505 1964 721 2033 quidem
756 1966 887 2020 dicit
921 1965 1039 2035 ejus
1065 1967 1156 2035 qui
1191 1981 1295 2019 non
1330 1966 1689 2036 conspicitur,
1726 1964 1894 2019 Deum

331 2067 462 2108 vero
490 2052 606 2122 ejus
632 2054 725 2125 qui
758 2056 1092 2126 conspicitur
1121 2074 1135 2111 :
1169 2071 1232 2110 ac
1263 2055 1328 2110 de
1356 2056 1462 2110 isto
1501 2056 1749 2110 eumdem
1801 2069 1898 2107 an~

333 2143 512 2214 gelum
559 2144 722 2199 etiam
777 2145 938 2216 paulo
979 2153 1104 2199 ante
1146 2145 1484 2200 convenienti
1537 2154 1814 2213 tempore,
1846 2151 1899 2195 et

333 2236 518 2302 novis,
573 2251 694 2306 quae
745 2244 1169 2291 commemorata
1232 2245 1393 2298 sunt,
1454 2235 1767 2289 nominibus
1826 2233 1895 2286 ita

331 2324 742 2395 evangelizasse
785 2334 997 2378 constat
1030 2344 1044 2379 :
1078 2344 1096 2376 ι
1124 2324 1307 2379 Paries
1345 2323 1454 2393 (75)
1492 2322 1657 2377 lilium
1678 2361 1693 2387 ,
1725 2332 1777 2376 et
1806 2336 1901 2373 vo-

332 2414 482 2470 rabie
515 2429 709 2470 nomen
751 2415 869 2484 ejus
904 2414 1089 2471 Jesum
1128 2434 1143 2469 :
1180 2415 1269 2470 hic
1297 2417 1403 2469 erit
1435 2429 1682 2483 magnus,
1723 2422 1779 2468 et
1811 2413 1898 2468 Fi-

332 2506 441 2562 lius
487 2504 755 2561 Altissimi
821 2505 1124 2561 vocabitur.
1177 2524 1197 2558 ›
1253 2504 1521 2559 Praeterea
1569 2504 1893 2559 dissentiunt

331 2597 546 2652 veritati
578 2596 737 2668 (nam
774 2609 962 2653 eorum
1015 2597 1245 2667 cogitata
1292 2604 1345 2649 et
1380 2596 1519 2651 dicta
1555 2594 1898 2649 contumelia!

332 2687 491 2755 plena
519 2688 691 2758 sunt)
725 2700 845 2742 cum
878 2686 932 2741 id
958 2687 1117 2742 etiam
1153 2687 1598 2755 interpretantur,
1633 2685 1774 2754 quod
1824 2685 1900 2737 ait

331 2778 593 2834 Dominus
618 2798 633 2834 :
669 2796 688 2831 ι
719 2779 867 2834 Vade
894 2778 1008 2851 (7t)
1044 2780 1110 2833 ad
1134 2778 1334 2833 fratres
1364 2792 1544 2845 meos,
1573 2787 1630 2832 et
1663 2778 1748 2832 dic
1774 2778 1851 2832 eis
1881 2797 1893 2832 :

332 2871 580 2926 Ascendo
626 2871 692 2925 ad
736 2870 952 2926 Patrem
1002 2885 1178 2924 meum
1236 2879 1292 2925 et
1354 2867 1569 2925 Patrem
1626 2879 1897 2927 vestrum.

334 2959 503 3015 Deum
534 2976 714 3017 meum
762 2970 818 3018 et
868 2960 1036 3017 Deum
1071 2970 1331 3017 vestrum.
1363 2980 1382 3015 ι
1412 2960 1542 3016 Nam
1569 2961 1657 3015 bic
1687 2974 1900 3029 queque

335 3051 550 3108 Patrem
582 3064 745 3125 vocat
773 3093 790 3119 ,
825 3054 905 3108 sui
938 3054 1110 3123 ipsius
1142 3054 1359 3123 quidem
1402 3052 1699 3107 secundum
1736 3060 1892 3105 natn-
1925 3084 1966 3139 ο

334 3157 493 3209 ram,
528 3150 773 3198 nostrum
800 3158 930 3198 vero
965 3144 1261 3199 secundum
1298 3142 1523 3211 gratiam
1554 3159 1568 3195 :
1601 3141 1766 3195 Deum
1800 3157 1896 3194 au-

335 3242 445 3288 tem
466 3275 483 3301 ,
512 3235 595 3289 sui
626 3235 796 3303 ipsius
821 3234 1036 3303 quidem
1070 3236 1141 3289 ob
1172 3242 1446 3288 recentem
1479 3233 1595 3302 ejus
1627 3231 1857 3286 fortnam
1881 3271 1896 3295 ,

335 3328 585 3377 nostrum
614 3339 744 3380 vero
772 3324 1067 3379 secundum
1104 3325 1390 3379 veritatem
1419 3342 1433 3376 :
1470 3332 1530 3378 ut
1562 3333 1618 3379 et
1645 3324 1786 3392 quod
1818 3334 1911 3379 est'

336 3424 599 3470 aeternum
625 3455 644 3482 ,
675 3424 731 3471 et
769 3416 913 3485 quod
957 3430 1183 3482 recens,
1220 3416 1507 3471 indicetur.
1557 3416 1897 3471 Condescen-

337 3508 474 3562 dens
502 3507 646 3562 enim
678 3509 857 3575 quoad
886 3507 1067 3563 omnia
1099 3507 1274 3563 servis
1307 3507 1597 3571 Dominus,
1642 3521 1762 3560 eum
1807 3506 1899 3573 qui

334 3608 419 3654 est
465 3599 633 3669 ipsius
671 3597 855 3665 Pater,
894 3614 957 3655 ac
1004 3608 1188 3654 noster
1242 3597 1424 3664 Deus,
1476 3606 1682 3667 patrem
1737 3597 1898 3651 etiam

336 3696 583 3744 nostrum
610 3704 711 3760 pro
737 3704 833 3743 sua
865 3689 1108 3744 bonitate
1140 3688 1302 3760 362
1346 3687 1502 3753 fecit,
1549 3702 1669 3742 cum
1709 3700 1900 3740 natura

334 3776 433 3831 filii
468 3792 575 3832 non
615 3778 825 3833 simus:
880 3777 1050 3832 Deum
1093 3792 1225 3832 vero
1272 3776 1435 3832 etiam
1483 3791 1641 3832 suum
1693 3777 1906 3830 vocavit

335 3875 559 3936 propter
586 3865 1019 3925 luearnatiouem
1038 3906 1054 3933 ,
1087 3882 1249 3938 quam
1285 3868 1626 3922 manifestius
1653 3881 1904 3935 praenun-

337 3956 532 4025 tiavit,
581 3972 705 4014 cum
751 3959 921 4016 dixit:
952 3978 971 4012 ι
1003 3960 1081 4013 Ex
1133 3966 1326 4014 ventre
1372 3957 1485 4028 (75)
1536 3959 1727 4013 matris
1772 3974 1905 4013 mea:

1558 298 1792 356 DIDYMI
1830 300 2293 361 ALEXANDRINI

1919 424 1968 479 Α

3458 301 3557 358 85ίέ

2618 425 2773 478 ΚΕΦ.
2806 424 2884 479 8'.

2064 513 2173 565 Kal.
2203 514 2279 575 εἰς
2310 513 2473 584 ’ἐτερα
2499 513 2556 567 δὲ
2587 515 2703 566 θεῖα
2736 514 2873 585 ῥητὰ
2902 511 3263 581 διηνέχθησαν
3298 510 3436 580 πρὸς
3464 512 3559 579 τὴν

1994 599 2268 671 ἀλήθειαν,
2304 602 2395 654 καὶ
2423 601 2503 655 ἔτι
2531 602 2904 674 διαφέρονταιο
2935 596 3046 655 οἷον
3078 602 3157 665 είς
3195 600 3257 653 τὸ
3285 600 3387 667 τῆς
3426 616 3559 669 προσ

1996 688 2221 758 φητείας
2261 689 2509 754 Ἡσαΐου,
2558 691 2687 744 ἔνθα
2724 692 2752 743 ὁ
2797 688 2986 761 Πατὴρ
3023 689 3161 759 ἔφη·
3212 705 3231 738 ι
3275 688 3437 753 Μέγα
3480 688 3560 738 σοί

1996 779 2109 831 ἐστι
2159 780 2420 850 κληθῆναί
2467 800 2524 835 σε
2574 783 2738 836 παῖδά
2783 798 2906 852 μου·
2958 801 2977 834 ι
3014 782 3106 835 καὶ
3148 782 3227 843 εἰς
3270 779 3333 832 τὸ
3369 778 3563 847 Παύλῳ

1995 870 2411 945 γεγκραμμένονο
2454 890 2472 922 ι
2517 872 2576 925 '0
2622 871 2857 942 ὁρισθεὶς
2889 870 3017 933 Υἱὸς
3062 869 3195 922 Θεοῦ
3233 870 3290 921 ἐν
3336 868 3560 934 δυνάμει

1997 958 2137 1013 κατὰ
2183 959 2403 1031 Πνεῦμα
2436 961 2763 1032 ἁγιωσύνης.
2809 981 2826 1011 ι
2867 961 2977 1013 Καὶ
3006 961 3178 1013 ταῦτα
3204 959 3312 1029 γὰρ
3345 961 3412 1029 τῇ
3448 957 3561 1009 Θεό-

1996 1069 2115 1123 τητι
2149 1053 2312 1107 αὑτοῦ
2339 1055 2739 1126 ἐπιρῤιπτοῦσι,
2770 1054 3027 1124 λεχθέντα
3057 1054 3183 1123 περὶ
3214 1052 3312 1122 τῆς
3343 1053 3407 1103 ἐκ
3440 1052 3560 1103 Μα-

2001 1148 2119 1216 ρίας
2138 1146 2647 1218 δουλικῆςμορφῆς,
2676 1147 2805 1218 περὶ
2825 1142 2892 1218 ἧς
2913 1149 2939 1200 ὁ
2966 1144 3193 1214 ἄγγελος
3220 1142 3373 1197 εἶπεν
3401 1143 3559 1211 αὐτῇο

2003 1255 2021 1284 ι
2056 1234 2278 1307 Πνεῦμα
2329 1236 2483 1305 ἆγιον
2532 1237 2884 1290 ἐπελεύσεται
2924 1236 3051 1303 (172
3103 1237 3156 1305 η)
3201 1236 3293 1288 ἐπὶ
3328 1236 3420 1295 σὲ,
3469 1236 3561 1286 καὶ

1997 1328 2223 1399 δύναμις
2266 1329 2521 1398 Ὑψίστου
2550 1330 2859 1383 ἐπισκιάσει
2892 1346 2971 1382 σοι
2991 1346 3004 1359 ’
3037 1329 3117 1381 διὸ
3145 1329 3236 1381 καὶ
3278 1328 3341 1381 τὸ
3364 1327 3563 1395 γεννώ-

2000 1438 2158 1491 μενον
2201 1421 2355 1489 ἆγιον
2398 1420 2729 1491 κληθήσεται
2774 1421 2902 1484 Υἱὸς
2956 1420 3113 1474 Θεοῦ.
3158 1422 3276 1473 Ἔτι
3311 1420 3420 1490 μὴν
3450 1419 3563 1471 δια-

1997 1512 2367 1581 φέρονταικαὶ
2395 1514 2473 1575 είς
2500 1512 2581 1576 τὸ,
2616 1530 2634 1563 ι
2671 1512 2728 1565 ’0
2760 1513 2889 1575 Θεὸς
2906 1512 3000 1566 τοῦ
3031 1512 3234 1582 Κυρίου
3259 1511 3421 1583 ἡμῶν
3459 1511 3561 1578 ’1η-

2000 1602 2092 1656 σοῦ
2118 1602 2374 1673 Χριστοῦ,
2394 1604 2421 1655 ὁ
2446 1602 2633 1674 Πατὴρ
2660 1602 2761 1673 τῆς
2781 1602 2957 1671 δόξης*
2994 1624 3011 1654 ι
3032 1602 3094 1656 τὸ
3122 1604 3227 1656 πᾶν
3249 1605 3316 1672 τῇ
3343 1601 3560 1670 θεότητι

1997 1692 2158 1746 αὑτοῦ
2191 1692 2570 1764 ἀπονέμοντες.
2605 1693 2765 1761 Λέγει
2797 1692 2854 1745 δέ
2898 1691 3127 1745 ἐνταῦθα
3173 1692 3399 1761 Πατέρα
3444 1690 3561 1759 μὲν,

1996 1783 2087 1837 τοῦ
2116 1784 2190 1855 μὴ
2230 1785 2506 1855 ὁρωμένου
2528 1800 2542 1812 ·
2588 1784 2719 1837 Θεὸν
2752 1784 2828 1845 δὲ,
2864 1782 2958 1837 τοῦ
2992 1782 3291 1855 ὁρωμένου.
3331 1782 3471 1850 Περὶ
3504 1773 3563 1832 οἵ)

1994 1872 2022 1924 ὁ
2052 1872 2212 1935 αὐτὸς
2255 1872 2482 1943 ἄγγελος
2531 1873 2625 1927 καὶ
2668 1871 2849 1943 μικρῷ
2890 1872 3124 1943 πρόσθεν
3175 1871 3428 1941 φαίνεται
3472 1870 3565 1920 ἐπὶ

1996 1963 2324 2035 προσήκοντι
2357 1962 2551 2035 καιρῷ,
2589 1964 2684 2017 καὶ
2724 1965 2936 2032 νεαροῖς
2961 1965 3073 2026 τοῖς
3111 1960 3565 2032 μνημονευθείσιν

1995 2053 2250 2123 ὀνόμασιν
2273 2054 2763 2123 εὐαγγελισάμενος
2789 2052 2986 2105 οὑτωσί
3012 2068 3025 2080 ’
3066 2070 3084 2102 ι
3123 2051 3266 2123 Τέξῃ
3294 2051 3436 2112 υἱὸν,
3471 2051 3564 2102 καὶ

1997 2145 2244 2209 καλέσεις
2268 2145 2329 2198 τὸ
2347 2145 2516 2216 ὄνομα
2537 2145 2701 2225 αὐτοῦ
2735 2144 2961 2215 Ἰησοῦν.
2991 2135 3159 2206 Οὗτος
3185 2144 3337 2195 ἔσται
3367 2142 3561 2212 μέγας,

1996 2237 2090 2290 καὶ
2118 2236 2245 2299 Υἱὸς
2284 2235 2539 2306 Ὑψίστου
2567 2235 2915 2307 κληθήσεται.
2950 2254 2968 2287 ι
3012 2234 3243 2305 Προσέτι
3278 2234 3565 2305 διαφέρον⁸

1994 2344 2083 2381 ται
2106 2325 2285 2398 (λώϐη
2310 2326 2417 2397 γάρ
2455 2327 2573 2379 ἐστι
2622 2326 2691 2379 τὰ
2721 2326 2967 2396 νοήματα
2990 2325 3085 2378 καὶ
3108 2326 3328 2395 ῥήματα
3353 2324 3563 2393 αὐτῶν)

1998 2418 2090 2471 καὶ
2142 2418 2221 2481 είς
2282 2417 2438 2488 τήνδε
2509 2416 2609 2489 τὴν
2670 2416 2931 2485 λέγουσαν
2986 2414 3308 2485 δεσποτικὴν
3372 2415 3561 2485 ῥῆσιν·

2002 2530 2020 2562 ι
2060 2509 2296 2581 Πορεύου
2327 2508 2461 2581 πρὸς
2489 2510 2615 2572 τοὺς
2646 2507 2905 2577 ἀδελφούς
2930 2524 3053 2577 μου,
3086 2507 3178 2559 καὶ
3206 2506 3326 2558 εἰπὲ
3358 2506 3562 2566 αὐτοῖς’

2011 2602 2309 2654 ’Λναὸαίνω
2340 2599 2473 2672 πρὸς
2504 2599 2596 2653 τὸν
2630 2599 2852 2670 Πατέρα
2882 2616 2983 2668 μου
3017 2598 3111 2651 καὶ
3144 2595 3362 2667 Πατέρα
3388 2594 3563 2664 ὑμῶν,

1998 2694 2128 2749 Θεόν
2166 2712 2267 2765 μου
2300 2693 2393 2746 καὶ
2442 2691 2574 2745 Θεὸν
2612 2690 2784 2762 ὑμῶν.
2826 2709 2845 2741 ι
2883 2687 3175 2743 Κάνταῦθα
3203 2686 3310 2757 γὰρ
3342 2685 3569 2754 Πατέρα

1999 2786 2173 2849 καλεῖ,
2207 2783 2399 2839 ἑαυτοῦ
2431 2783 2529 2853 μὲν
2558 2783 2701 2836 κατὰ
2736 2781 2917 2851 φύσιν,
2940 2780 3096 2851 ἡμῶν
3119 2779 3175 2831 δὲ
3206 2777 3349 2831 κατὰ
3384 2777 3564 2846 χάριψ

1998 2872 2129 2925 Θεὸν
2157 2872 2235 2939 δὲ,
2271 2870 2464 2925 ἑαυτοῦ
2496 2871 2593 2941 μὲν
2631 2870 2720 2923 διὰ
2748 2871 2847 2941 τὴν
2884 2869 3191 2942 πρόσφατον
3225 2866 3391 2919 αὐτοῦ
3429 2882 3564 2934 μορ-

2000 2964 2125 3034 φὴν,
2170 2960 2327 3033 ἡμῶν
2361 2961 2419 3014 δὲ
2466 2960 2609 3014 κατὰ
2653 2960 2938 3031 ἀλήθειαν·
2973 2959 3061 3012 ἵνα
3094 2958 3187 3012 καὶ
3226 2958 3285 3010 τὸ
3338 2958 3567 3025 ἀρχαῖον

1999 3056 2093 3107 κα)⁸
2154 3053 2215 3106 τὸ
2264 3053 2575 3123 πρόσφατον
2626 3051 2955 3122 σημαίνηται
3042 3047 3400 3117 Συγκαταὸὰς
3459 3048 3569 3117 γὰρ

2000 3146 2079 3208 είς
2152 3144 2251 3197 ὅλα
2305 3144 2416 3205 τοῖς
2476 3141 2682 3204 δούλοις
2745 3143 2774 3195 ὁ
2848 3140 3159 3211 Δεσπότης,
3222 3141 3309 3191 τὸν
3373 3138 3569 3191 ἑαυτοῦ

2001 3235 2249 3304 Πατέρα,
2296 3234 2452 3305 ἡμῶν
2494 3232 2551 3286 δὲ
2588 3233 2738 3292 Θεὸν.
2769 3232 2988 3303 Πατέρα
3023 3232 3119 3302 μὲν
3166 3230 3261 3284 καὶ
3305 3229 3468 3300 ἡμῶν
3503 3230 3569 3281 δι’

1999 3325 2309 3395 ἁγαθότητα
2358 3324 2630 3395 ἐποίησεν,
2668 3326 2769 3378 οὐκ
2814 3324 2981 3377 ὄντων
3030 3322 3191 3392 φύσει
3223 3321 3380 3383 υἱῶν,
3434 3320 3570 3372 Θεὸν

2001 3418 2057 3472 δέ
2082 3417 2175 3472 καὶ
2204 3416 2398 3470 ἑαυτοῦ
2437 3417 2661 3471 ἐκάλεσε
2707 3415 2796 3469 διὰ
2822 3416 2919 3486 τὴν
2942 3413 3349 3485 ἐνανθρώπησιν
3376 3410 3568 3475 αὐτοῦ,

2003 3508 2069 3577 ἢν
2116 3507 2446 3579 σαφέστερον
2493 3506 2964 3578 προανεφώνησεν,
3000 3504 3191 3558 εἰπών’
3242 3523 3262 3555 ι
3309 3503 3407 3555 Ἐκ
3452 3519 3567 3555 κοιο

2005 3600 2125 3663 λίας
2156 3601 2358 3671 μητρός
2392 3617 2492 3670 μου
2518 3600 2647 3663 Θεὸς
2688 3616 2788 3670 μου
2827 3593 2878 3650 εἴ
2906 3596 2990 3651 σύ.
3033 3614 3050 3647 ι
3090 3596 3211 3659 Πῶς
3240 3595 3350 3665 γὰρ
3381 3594 3449 3646 ἂν
3478 3595 3571 3645 καὶ

2000 3694 2231 3763 ἐγχωρεῖ
2274 3692 2366 3744 τοῦ
2408 3689 2722 3760 μονογενοῦς
2752 3687 2916 3742 αὑτοῦ
2972 3686 3102 3740 Υίοῦ
3124 3728 3138 3750 ,
3174 3686 3270 3739 τοῦ
3307 3686 3570 3757 ἀληθινοῦ

2002 3786 2094 3837 καὶ
2136 3783 2372 3854 μεγάλου
2403 3781 2539 3835 Θεοῦ
2565 3822 2583 3847 ,
2628 3778 2764 3835 εἶναι
2802 3780 2977 3845 Θεὸς;
3012 3781 3222 3851 ’Ὠσπερ
3269 3775 3363 3831 οὖν
3412 3778 3571 3849 ἡμῶν

2002 3876 2117 3927 ἐστι
2154 3874 2284 3937 Θεὸς
2318 3876 2382 3945 τῇ
2427 3873 2690 3944 ἀληθείᾳ,
2741 3873 2833 3927 καὶ
2863 3873 2923 3924 οὐ
2976 3871 3167 3942 Πατὴρ
3198 3870 3340 3924 κατὰ.
3385 3870 3567 3939 φύσιν·

2004 3963 2174 4028 οὕτως
2205 3965 2367 4018 αὐτοῦ
2398 3964 2556 4034 μόνου
2589 3962 2804 4034 ἀληθῶς
2833 3963 2952 4016 κατ’
2985 3962 3170 4014 οὐσίαν
3207 3963 3324 4013 ἐστὶ
3356 3961 3573 4030 Πατὴρ,

337 4050 484 4106 Deus
513 4065 667 4106 meus
695 4064 755 4107 es
785 4060 863 4108 tu.
902 4070 922 4104 ι
948 4051 1229 4118 Quomodo
1260 4050 1405 4105 enim
1442 4058 1618 4119 potest
1642 4049 1892 4121 unigeniti

2062 4053 2101 4105 ιὶ
2151 4053 2213 4105 οὐ
2261 4052 2393 4116 Θεὸς
2433 4052 2576 4105 κατὰ
2623 4052 2721 4122 τὴν
2764 4052 2875 4106 ᾰνω
2936 4052 3209 4120 γέννησινο
3262 4052 3356 4103 καὶ
3411 4052 3573 4120 ἡμεῖς

335 4141 419 4195 sui
450 4140 604 4208 Filii,
630 4143 742 4198 veri
764 4152 819 4199 et
846 4142 1024 4213 magni
1061 4142 1185 4204 Dei,
1219 4141 1362 4197 Dens
1386 4142 1552 4196 esse?
1597 4138 1750 4195 Sicut
1774 4156 1892 4210 ergo

2072 4144 2139 4197 72
2185 4143 2239 4215 b]
2285 4143 2501 4214 μέτοχοι
2529 4142 2623 4196 τοῦ
2655 4142 2889 4214 Χριστοῦ
2928 4142 3242 4210 γεγονότες,
3286 4143 3573 4205 καταξιοὺ-

336 4242 584 4290 nostrum
613 4233 892 4291 hominum
944 4249 1071 4291 vere
1118 4234 1263 4291 Deus
1305 4244 1419 4302 est,
1449 4248 1554 4289 non
1592 4248 1721 4289 vero
1748 4244 1892 4303 patet

2062 4234 2153 4289 εθα
2190 4236 2284 4289 τὸν
2325 4234 2646 4307 ἐπουράνιον
2682 4235 2814 4289 Θεὸν
2856 4232 3265 4287 ἐπικαλεῖσθαν
3312 4251 3331 4283 ι
3395 4234 3576 4288 [Id-.20

338 4452 612 4519 videntur,
655 4452 798 4524 quod
836 4454 961 4508 alibi
1001 4463 1186 4524 aperte
1220 4452 1507 4508 aliirmant.
1555 4451 1708 4521 Saepe
1739 4451 1901 4506 etiam
1935 4455 1980 4511 D
2011 4451 2609 4524 tione,_Apollinarium
2630 4491 2646 4516 ,
2690 4460 2785 4524 aut
2819 4451 3235 4524 Apollinartstas
3270 4450 3530 4524 nominat
3562 4494 3570 4503 .

338 4539 405 4578 ex
429 4526 606 4592 primo
628 4520 814 4579 errore
844 4524 896 4577 in
919 4520 1079 4578 alium
1109 4533 1410 4589 transeunt,
1426 4536 1591 4592 quem
1616 4520 1771 4574 antea
1794 4535 1899 4592 non
2008 4524 2148 4589 quod
2178 4520 2407 4576 fortasse
2425 4537 2611 4576 eorum
2648 4520 2877 4576 nomina
2898 4524 3130 4575 nomlum
3161 4523 3231 4573 ita
3263 4520 3497 4592 infamia
3526 4524 3575 4574 ei

339 4590 719 4664 defendebant.
752 4593 1111 4664 Hieronymus
1142 4608 1273 4648 sane
1310 4594 1362 4647 in
1405 4590 1663 4647 Chronico
1693 4592 1808 4644 hate
1835 4590 1903 4644 de
2008 4593 2338 4657 viderentur,
2361 4594 2591 4664 utipsis
2623 4593 3018 4664 quodammodo
3048 4590 3374 4661 parcendum
3398 4591 3577 4645 adhuc

338 4662 673 4732 Apollinario
701 4664 918 4732 scripsit
940 4661 969 4715 τ’
990 4663 1181 4732 «Cujus
1208 4664 1297 4717 hic
1319 4677 1475 4717 error
1499 4672 1601 4724 est,
1624 4669 1902 4714 utasserat
2008 4675 2126 4732 non
2144 4670 2308 4732 esset.
2357 4661 2490 4716 Vide
2509 4673 2619 4714 not.
2656 4664 2707 4726 1,
2730 4677 2848 4731 pag.
2877 4661 2999 4732 175.

339 4731 545 4799 Jesum,
580 4733 753 4788 solum
796 4731 1012 4787 carnem
1072 4731 1190 4787 sine
1246 4733 1423 4786 anima
1476 4731 1898 4797 suscepisse...

339 4800 514 4869 Ipsam
541 4812 723 4858 autem
752 4816 970 4858 carnem
1000 4816 1107 4856 non
1138 4804 1204 4858 de
1231 4801 1395 4855 Maria
1422 4811 1794 4869 assumptam,‘
1807 4800 1902 4853 sed

340 4866 738 4942 Verbialiquid
772 4874 824 4925 in
859 4886 1078 4942 carnem
1124 4872 1293 4942 fuisse
1329 4866 1900 4942 conversumrrﬂuid

336 4941 526 5022 plura?
562 4936 1324 5025 qregoriusNazianzettusjn
1354 4940 1589 5022 Epistola
1610 4939 1686 5025 ’ad
1711 4936 1907 5025 Ngelctui-

341 5008 474 5063 rium
506 5026 565 5066 se
594 5008 787 5083 legisse
816 5011 891 5083 ait
921 5012 1088 5078 ipsius
1113 5008 1427 5083 Apollinarii
1457 5008 1793 5083 nuxtiov,_id
1822 5017 1906 5061 est

343 5096 363 5128 ι
388 5077 731 5148 opusculum,
754 5098 774 5132 ι
829 5080 882 5135 in
922 5077 1029 5149 quo
1071 5077 1254 5150 aperte
1294 5082 1340 5135 is
1370 5080 1568 5150 aiebat,
1604 5077 1902 5150 Christum,

344 5145 703 5218 tpi'iuttquam
745 5166 777 5205 e
828 5145 967 5207 cale
1009 5145 1378 5205 descenderet.
1434 5148 1626 5202 Filium
1674 5145 1906 5199 hominis

340 5217 642 5289 fuisseyac
666 5220 1010 5274 descendisse
1037 5222 1307 5289 propriam
1338 5218 1613 5273 afferenda
1647 5230 1904 5281 carnem;

337 5303 461 5340 eam
483 5288 711 5355 scilicet,
739 5304 900 5357 quam
920 5288 1047 5357 jam
1071 5288 1282 5344 in'cmlu
1308 5289 1559 5352 habebat,
1587 5296 1901 5357 aeternatu.»

339 5357 417 5409 De
447 5354 845 5424 Apollinaristis
887 5354 1015 5411 vero
1057 5357 1278 5427 legenda
1326 5372 1446 5427 qua:
1485 5372 1604 5411 cum
1640 5354 1754 5417 alii,
1792 5363 1904 5407 tum

338 5426 676 5495 Epiphanius
704 5428 893 5496 haeresi
928 5441 1073 5482 van
1117 5426 1358 5496 Scripsit,
1406 5428 1492 5481 ubi
1533 5426 1675 5479 inter
1710 5432 1914 5496 extera.

340 5492 457 5549 haec
498 5498 695 5568 habet;
724 5494 1032 5568 «Nonnulli
1067 5498 1171 5568 (ex
1227 5492 1543 5568 Apollinarii
1588 5492 1905 5568 discipulis)

338 5581 405 5636 eo
430 5567 701 5636 progressi
742 5579 869 5622 sunt
900 5578 961 5620 ut
979 5562 1251 5620 Christum
1278 5562 1484 5635 "corpus
1508 5582 1539 5619 e
1568 5562 1716 5636 cwlo
1748 5562 1903 5636 detu-

340 5631 466 5689 lisse
508 5631 815 5692 dicerent.»
860 5637 1123 5692 (laterum
1173 5631 1428 5707 Didymus
1478 5646 1652 5707 neque
1704 5631 1756 5684 in
1804 5631 1905 5684 hoc

326 5714 526 5774 ,opere',
552 5721 725 5777 neque
759 5709 814 5765 in
842 5722 929 5777 ea,
959 5720 1120 5777 quam
1148 5703 1306 5777 paulo
1335 5717 1458 5762 ante
1482 5703 1644 5761 citavi
1677 5715 1901 5756 enarra-

2080 4729 2193 4800 (68)
2234 4730 2506 4800 Magnum.
2542 4732 2648 4800 lsa.
2689 4729 2837 4791 mi,
2871 4731 2924 4797 6,
2959 4731 3110 4799 juxta
3169 4729 3415 4800 Graecam
3470 4731 3577 4782 edi—

2010 4799 2240 4854 tionem:
2280 4799 2344 4854 εἰ
2385 4816 2491 4867 qua
2548 4799 2909 4869 Hieronymus
2951 4815 3164 4869 quoque
3209 4813 3327 4867 cap.
3354 4799 3389 4850 4
3425 4816 3571 4851 (‘nut-

2010 4880 2176 4922 tnent.
2219 4870 2275 4922 in
2308 4869 2673 4924 Ecclesiastem
2719 4872 2795 4924 ita
2838 4870 2979 4924 hunc
3014 4870 3186 4924 locum
3212 4870 3348 4922 citat
3378 4886 3391 4920 :
3423 4888 3441 4917 ι
3468 4869 3575 4920 Ma-

2008 4954 2168 5010 gnum
2203 4940 2297 4994 tibi
2328 4950 2410 4994 est
2441 4941 2620 4994 vocari
2656 4949 2705 4994 te
2732 4954 2953 5010 puerum
2986 4956 3185 4994 meum.
3210 4957 3228 4990 ι
3266 4936 3459 4991 Latina
3490 4939 3575 4991 Bi-

2006 5007 2113 5061 blia
2149 5008 2351 5063 habent
2378 5026 2392 5063 :
2436 5028 2455 5060 ι
2478 5010 2673 5063 Parum
2712 5007 2875 5063 estut
2907 5011 2984 5064 sis
3011 5010 3140 5063 mihi
3172 5022 3388 5061 servus.
3410 5028 3429 5059 ι

2078 5077 2190 5147 (69)
2232 5077 2412 5131 l’ocnri
2440 5090 2505 5133 te.
2537 5079 2719 5133 Graeca
2750 5079 2862 5143 ed.,
2887 5078 2981 5132 τοῦ
3013 5077 3276 5147 κληθῆναί
3317 5094 3398 5130 σε.

2079 5081 2167 5144 (69
2232 5081 2412 5131 Vocnri
2440 5090 2505 5133 te.
2537 5081 2719 5133 Graeca
2750 5081 2862 5143 ed.,
2887 5081 2981 5132 τοῦ
3013 5081 3276 5147 κληθῆναί
3317 5094 3398 5130 σε.

2079 5081 2192 5219 (7Οέ
2235 5149 2337 5219 Qui
2373 5148 2646 5219 deﬁnitus.
2688 5148 2846 5202 Rom.
2893 5165 2933 5215 ι,
2966 5149 3018 5203 4.
3076 5149 3248 5219 Biblia
3283 5166 3296 5200 :
3342 5148 3439 5200 τοῦ
3471 5148 3570 5217 spx.

2010 5215 2226 5281 σθέντος
2252 5218 2401 5283 Υίοῦ,
2442 5215 2548 5272 etc.

2227 5286 2457 5373 tipirituf‘
2474 5298 2705 5373 sanctus.
2895 5305 2935 5355 l,
2958 5288 3046 5344 55.

2081 5357 2194 5478 (72)
2233 5359 2389 5438 Deus.
2420 5358 2617 5425 Ephes.
2658 5376 2698 5421 ι,
2733 5358 2817 5411 17.

2079 5431 2096 5493 (
2141 5428 2193 5493 5)
2224 5426 2427 5481 Partes.
2456 5426 2585 5482 an.
2620 5446 2658 5493 ι,
2678 5430 2737 5482 51
2764 5441 2817 5481 et
2846 5430 2935 5483 52.

2080 5496 2193 5565 (74)
2248 5496 2405 5551 Vade.
2442 5498 2599 5552 Juan.
2635 5515 2727 5563 xx,
2759 5499 2847 5553 17.

2082 5566 2195 5635 (75)
2236 5567 2316 5619 Ea:
2371 5579 2562 5622 ventre.
2615 5568 2811 5621 Psalnt.
2856 5584 2968 5633 χχι,
3024 5568 3107 5621 11.
3157 5568 3343 5620 Graeca
3401 5566 3567 5635 editio

2006 5634 2107 5709 pro
2162 5639 2224 5690 ἐκ
2276 5636 2503 5704 κοιλίας,
2559 5640 2717 5695 habet
2757 5640 2941 5695 eodem
2974 5654 3133 5694 sensu
3166 5638 3278 5691 ἀπὸ
3317 5634 3572 5706 γαστρός.
