3716 6310
324 259 429 314 835

1546 261 1781 318 DIDYMI
1822 262 2284 319 ALEXANDRINI

3451 263 3548 320 856

320 369 465 440 quod
498 376 553 423 et
587 368 640 424 in
674 370 890 426 Christo
914 370 1064 437 Jesu,
1094 389 1207 444 (ιω,
1244 388 1365 429 cum
1399 391 1449 429 In
1480 382 1647 431 lornta
1682 377 1776 431 Dei
1800 392 1885 432 es-

2072 375 2290 447 Χριστῷ
2338 373 2511 445 Ἰησοῦ
2532 391 2546 405 ·
2588 374 2647 439 ὃς
2675 376 2732 428 ἐν
2765 376 2946 446 μορφῇ
2977 373 3110 428 Θεοῦ
3144 374 3427 445 ὑπάρχων,
3455 377 3550 447 οὑχ

319 469 424 525 set,
471 474 580 515 non
627 462 869 529 rapinam
911 464 1204 520 arbitratus
1246 475 1479 522 estesse
1519 482 1579 523 se
1621 467 1882 535 aequalem

319 549 451 616 Deo,
489 551 584 605 sed
622 555 969 623 semetipsum
1016 554 1316 611 exinanivit
1351 556 1579 612 formam
1620 559 1761 613 servi
1802 573 1886 612 ac-

321 642 550 709 cipiens,
575 642 626 696 in
653 644 1060 700 similitudinem
1090 647 1365 701 hominum
1396 650 1588 713 lactus,
1618 661 1673 702 et
1697 649 1884 703 habitu

321 730 575 786 inventus
620 742 678 786 ut
729 735 891 789 homo
920 754 934 790 :
967 736 1273 792 humiliavit
1323 740 1667 808 semetipsum
1711 738 1887 795 factus

320 823 580 879 obediens
610 841 780 895 usque
811 827 877 881 ad
914 837 1162 893 mortem,
1200 840 1427 884 mortem
1475 841 1651 885 autem
1684 829 1883 885 crucis.

319 912 554 983 Propter
585 918 727 985 quod
776 926 831 972 et
874 918 1017 976 Deus
1056 920 1315 975 exaltavit
1364 922 1535 988 illum,
1585 931 1637 975 et
1671 920 1889 976 donavit

322 1002 399 1059 illi
458 1020 677 1072 nomen,
717 1008 863 1077 quod
913 1021 994 1065 est
1044 1025 1207 1078 super
1251 1026 1408 1067 omne
1460 1028 1655 1067 nomen
1687 1028 1703 1066 :
1733 1022 1789 1067 ut
1832 1013 1886 1066 in

323 1099 543 1154 nomine
570 1099 696 1154 Jesu
727 1116 889 1155 omne
926 1117 1061 1170 genu
1096 1102 1347 1157 ﬂectatur
1376 1104 1697 1170 caelestium,
1729 1114 1889 1159 terre-

322 1188 540 1252 strium,
567 1200 620 1244 et
659 1190 987 1246 infernorum
1021 1212 1036 1249 :
1068 1205 1122 1248 et
1159 1196 1333 1249 omnis
1380 1196 1558 1265 lingua
1604 1197 1888 1251 conﬁtebi-

326 1289 432 1344 tur,
457 1282 596 1349 quod
628 1274 1076 1349 DominusJesus
1103 1288 1153 1339 in
1182 1287 1348 1356 gloria
1381 1298 1462 1342 est
1487 1287 1579 1343 Dei
1613 1288 1789 1343 Patris
1818 1306 1832 1343 :
1864 1308 1884 1342 ι

323 1375 486 1425 verba
506 1374 744 1441 quidem,
763 1377 955 1444 quibus
976 1378 1171 1433 dicitur
1208 1378 1473 1447 Christus,
1495 1396 1616 1435 cum
1637 1382 1692 1435 in
1718 1382 1890 1436 forma

323 1462 417 1517 Dei
446 1475 608 1531 esset,
641 1474 695 1521 et
724 1470 946 1537 aequalis
977 1470 1109 1537 Deo,
1142 1473 1487 1542 semetipsum
1524 1474 1890 1529 exinanivisse
1928 1540 1937 1547 π

323 1568 430 1609 non
466 1557 534 1611 ab
571 1556 678 1613 alio
729 1568 967 1627 coactus,
1008 1562 1101 1616 sed
1151 1562 1340 1625 libere.
1377 1564 1501 1617 dum
1538 1565 1609 1619 ita
1661 1565 1889 1621 formam

325 1646 466 1699 servi
517 1648 749 1718 accepit,
787 1659 843 1705 et
889 1652 957 1705 ad
998 1652 1273 1707 hominum
1324 1654 1680 1724 abjectionem
1720 1657 1887 1722 venit,

1986 466 2277 537 ἁρπαγμὸν
2304 467 2543 538 ἡγήσατο
2572 462 2711 519 εἶναι
2757 468 2845 519 ῐσα
2870 464 2987 536 Θεῷ
3004 483 3018 495 ·
3065 465 3179 519 ἀλλ’
3221 466 3414 519 ἑαυτὸν
3443 468 3552 519 ἐκέ-

1985 576 2171 621 νωσεν,
2202 558 2413 630 μορφὴν
2450 558 2635 612 δούλου
2668 558 2868 623 λαϐὼν,
2907 561 2963 611 ἐν
2998 558 3304 629 ὁμοιώματι
3346 558 3550 631 ἀνθρὼ-

1986 668 2101 703 πων
2128 651 2446 721 γενόμενος·
2491 650 2585 703 καὶ
2606 651 2841 722 σχήματι
2870 650 3113 721 εὑρεθεὶς
3143 650 3218 713 ὡς
3248 649 3551 721 ἄνθρωπκ,

1987 741 2344 793 ἐταπείνωσεν
2368 740 2577 803 ἑαυτὸν,
2606 740 2894 810 γενόμενος
2924 741 3164 811 ὑπήκοος
3189 741 3356 811 μέχρι
3392 741 3551 795 θανάο

1987 851 2102 896 του,
2133 832 2363 886 θανάτου
2389 833 2445 886 δὲ
2466 831 2720 902 σταυροῦ.
2746 832 2837 885 Διὸ
2866 832 2960 885 καὶ
2988 833 3017 883 ὁ
3038 832 3170 896 Θεὸς
3202 834 3369 885 αὑτὸν
3387 833 3554 903 ὑπερ-

1989 924 2190 994 ύψωσε,
2250 924 2344 977 καὶ
2392 925 2683 996 ἐχαρίσατο
2724 923 2873 995 αὑτῷ
2917 924 3087 995 ὄνομα
3151 925 3211 977 τὸ
3258 925 3406 995 ὑπὲρ
3452 926 3557 976 πᾶν

1988 1016 2186 1087 ὑνομα’
2224 1016 2315 1069 ἵνα
2357 1017 2414 1069 ἐν
2441 1016 2518 1087 τῷ
2554 1016 2778 1088 ὀνόματι
2819 1016 2994 1085 Ἰησοῦ
3044 1018 3149 1068 πᾶν
3196 1016 3328 1084 γόνυ
3367 1016 3558 1085 κάμψῃ

1989 1108 2346 1181 ἐπουρανίων,
2391 1104 2506 1163 καὶ(
2535 1110 2814 1178 ἐπιγείων,
2864 1110 2959 1163 καὶ
3004 1108 3416 1179 καταχθονίων
3472 1110 3561 1160 καὶ

1990 1202 2138 1255 πᾶσα
2185 1200 2403 1269 γλῶσσα
2449 1201 2937 1273 ἐξομολογήσεται,
2984 1202 3066 1255 ὅτι
3096 1201 3302 1272 Κύριος
3357 1198 3561 1269 Ἰησοῦς

1990 1291 2069 1352 εἰς
2096 1290 2249 1357 δόξαν
2274 1290 2408 1343 Θεοῦ
2432 1290 2644 1360 Πατρός
2664 1306 2677 1321 ·
2708 1310 2727 1341 ι
2762 1283 2908 1343 οὗτοι
2933 1290 3006 1361 τῷ
3043 1290 3162 1361 μὲν,
3190 1291 3271 1342 ὅτι
3292 1291 3353 1341 ἐν
3379 1290 3560 1358 μορφῇ

1991 1380 2149 1447 Θεοῦ,
2181 1382 2275 1433 καὶ
2304 1380 2393 1434 ῖσα
2424 1380 2500 1450 τῷ
2524 1380 2640 1451 Θεῷ
2666 1380 2946 1452 ὑπάρχων,
2970 1381 3158 1435 ἐαυτὸν
3182 1379 3479 1443 ἐκένωσεν,
3509 1380 3561 1431 ἐν

1990 1472 2070 1542 τῷ
2113 1472 2295 1527 λαϐεῖν
2346 1472 2443 1543 μὲν
2489 1472 2675 1526 δούλου
2726 1473 2961 1544 μορφὴν,
3002 1473 3095 1527 καὶ
3136 1474 3191 1524 ἐν
3237 1469 3564 1524 ταπεινώσει

1992 1564 2297 1638 ἀνθρώπων
2340 1565 2627 1634 γενέσθαι,
2677 1564 3083 1619 ἀπεκδύσασθαι
3129 1564 3185 1617 δὲ
3238 1564 3339 1625 τὰς
3393 1562 3564 1633 ἀρχὰς

1994 1657 2088 1708 καὶ
2112 1655 2210 1717 τὰς
2242 1654 2508 1719 ἐξουσίας,
2532 1654 2631 1725 οὑχ
2652 1654 2838 1723 ἐτέρου
2868 1655 3103 1724 ἀνάγκη,
3133 1653 3249 1707 ἀλλ’
3278 1651 3563 1713 ἑκουσίως·

325 1746 385 1789 ut
411 1735 572 1791 simul
608 1740 772 1793 etiam
806 1743 1142 1811 principatus
1198 1754 1253 1799 et
1288 1756 1588 1814 potestates
1619 1748 1887 1818 exspolia-

2071 1760 2229 1800 >υσιν’
2255 1745 2333 1817 τῷ
2363 1746 2440 1809 δὲ,
2480 1764 2497 1797 t
2531 1746 2625 1798 Διὸ
2654 1745 2746 1799 καὶ
2772 1748 2800 1799 ὁ
2828 1744 2961 1808 Θεὸς
2989 1744 3151 1798 αὑτὸν
3200 1742 3560 1814 ὑπερύψωσε,

324 1829 463 1882 verit
489 1827 624 1901 (84),
656 1832 930 1900 negligant
952 1833 1062 1904 (85)
1095 1834 1180 1889 isti
1230 1836 1502 1903 haeretici;
1550 1838 1731 1892 verbis
1764 1852 1891 1892 vero

326 1916 498 1983 hisce,
536 1937 553 1970 ι
584 1918 707 1974 ldeo
731 1930 786 1975 et
816 1919 957 1977 Deus
988 1925 1249 1978 exaltavit
1286 1926 1457 1994 illum,
1492 1935 1545 1980 et
1574 1926 1790 1981 donavit
1814 1926 1889 1982 illi

327 2023 544 2073 nomen,
578 2010 721 2079 quod
752 2024 836 2068 est
859 2028 1021 2083 super
1048 2030 1207 2070 omne
1232 2030 1453 2080 nomen,
1490 2032 1511 2067 ι
1545 2015 1893 2070 imntobiliter

326 2099 585 2156 insistunt
619 2120 632 2156 :
665 2104 765 2158 etsi
811 2119 912 2159 vox
950 2123 968 2157 ι
1001 2107 1121 2161 ideo
1148 2124 1169 2158 ι
1223 2107 1526 2177 signiticet,
1578 2105 1889 2172 Christum,

326 2191 453 2259 quia
489 2193 736 2248 similiter
757 2212 820 2250 ac
843 2198 1018 2267 pueri,
1051 2198 1468 2253 communicavit
1492 2198 1643 2253 carni
1672 2207 1727 2253 et
1766 2211 1893 2252 san-

327 2284 496 2352 guini,
544 2285 666 2340 ideo
701 2297 846 2352 tunc,
906 2304 1010 2343 non
1067 2304 1194 2344 vero
1229 2289 1385 2356 alias,
1428 2288 1726 2343 exaltatum
1774 2302 1893 2342 esse

330 2391 495 2445 supra
540 2376 791 2432 servilem
824 2378 1211 2446 conditionem,
1246 2389 1300 2435 et
1327 2381 1582 2435 donatum
1619 2380 1693 2434 illi
1724 2378 1893 2435 fuisse

326 2483 548 2534 nomen,
575 2471 718 2539 quod
757 2479 840 2526 est
887 2486 1051 2541 super
1090 2485 1250 2526 omne
1288 2486 1506 2537 nomen,
1540 2485 1604 2527 ac
1651 2472 1893 2527 omnium

325 2559 841 2626 praestantissimum
872 2578 887 2615 :
921 2570 1231 2615 nontamen
1264 2560 1558 2631 signiﬁcat,
1592 2562 1734 2632 quod
1773 2561 1896 2618 Uni-

328 2648 546 2717 gcnitus
574 2650 758 2720 (quem
782 2652 1112 2725 aiunt364
1135 2654 1359 2709 tonitrui
1383 2656 1599 2725 quidem
1625 2656 1763 2710 lilius
1782 2656 1892 2728 (86)

326 2752 451 2794 esse
488 2755 674 2796 verum
708 2741 875 2798 Deum
906 2754 962 2798 et
1005 2759 1190 2798 verum
1224 2744 1419 2800 Filium
1454 2744 1546 2801 Dei
1579 2744 1725 2818 (87);
1751 2745 1895 2801 Pau-

330 2831 413 2886 lus
450 2846 599 2899 vero,
654 2844 781 2890 ante
830 2836 1252 2891 exinanitionem
1295 2836 1460 2893 fuisse
1512 2839 1565 2893 in
1606 2837 1777 2891 forma
1841 2846 1897 2893 et

328 2923 639 2991 aequalitate
678 2926 770 2981 Dei
802 2925 999 2998 Patris)
1046 2928 1160 2982 llch
1195 2929 1298 2983 sibi
1338 2930 1461 2984 data
1495 2930 1843 2999 acquisiverit
1878 2948 1894 2986 :

330 3013 485 3082 plura
530 3015 672 3069 enim
714 3016 869 3072 valde
919 3019 1152 3073 absurda
1200 3019 1326 3074 inde
1368 3020 1716 3077 inferrentur.
1759 3019 1895 3075 Nam

1996 1837 2091 1889 καὶ
2105 1836 2395 1907 ἐχαρίσατο
2413 1834 2559 1905 αὑτῷ
2581 1834 2751 1905 ὑνομα
2769 1834 2831 1886 τὸ
2856 1834 2994 1904 ὑπὲρ
3021 1834 3126 1886 πᾶν
3154 1832 3347 1903 δνομα,
3373 1852 3391 1883 ι
3411 1830 3568 1900 ἀτρέ-

1998 1944 2146 1989 πτως
2178 1925 2550 1987 ἐπιϐάλλουσι,
2589 1923 2765 1977 καίτοι
2804 1922 2904 1992 τῆς
2930 1942 2949 1974 r
2981 1922 3060 1975 διὸ
3092 1941 3111 1973 ι
3145 1921 3346 1988 λέξεως
3372 1936 3569 1989 σημαι-

1997 2016 2213 2088 νούσης,
2247 2016 2322 2081 ὡς
2350 2016 2439 2070 διὰ
2480 2015 2540 2070 τὸ
2567 2015 2964 2085 παραπλησίως
2989 2013 3097 2068 τῶν
3126 2014 3363 2067 παιδίων
3392 2028 3569 2064 κεκοι-

1995 2107 2296 2179 νωνηκέναι
2328 2107 2528 2178 σαρκὸς
2553 2108 2645 2162 καὶ
2667 2107 2917 2178 αἵματος,
2943 2106 3087 2169 τότε,
3116 2106 3209 2159 καὶ
3233 2105 3334 2157 οὑκ
3359 2102 3567 2165 ἄλλοτε,

1999 2198 2330 2270 ὑπερυψώθη
2376 2198 2438 2251 τὸ
2474 2198 2840 2270 δουλοπρεπὲς
2889 2196 3106 2268 μέτρον,
3159 2196 3254 2248 καὶ
3304 2192 3569 2264 ἐχαρίσθη

1998 2290 2146 2362 αὑτῷ
2169 2294 2340 2363 ὄνομα
2366 2291 2426 2345 τὸ
2472 2292 2611 2363 ὑπὲρ
2641 2292 2747 2345 πᾶν
2776 2291 2946 2361 ὄνομα
2970 2330 2985 2353 ,
3019 2289 3081 2342 τὸ
3110 2288 3328 2341 πάντων
3365 2303 3569 2358 προεξε-

2003 2384 2286 2456 ρέστατον’
2318 2385 2378 2437 οὑ
2413 2384 2518 2455 μὴν
2542 2385 2622 2437 ὅτι
2648 2386 2676 2438 ὁ
2701 2383 3010 2454 Μονογενὴς
3041 2381 3203 2451 (περὶ
3234 2370 3294 2433 οὗ
3354 2378 3573 2447 λέγουσι

1998 2475 2097 2545 τῆς
2142 2491 2199 2527 τε
2231 2473 2456 2546 βροντῆς
2486 2475 2514 2527 ὁ
2561 2473 2676 2538 υίὸς
2698 2516 2713 2539 ,
2758 2474 2834 2536 ὡς
2862 2471 3111 2543 ἀληθινὸς
3148 2471 3279 2534 Θεὸς
3321 2470 3416 2521 καὶ
3446 2469 3576 2539 ἀληο

2000 2565 2143 2628 θινὸς
2175 2564 2302 2627 Υἱὸς
2346 2562 2504 2616 Θεοῦο
2540 2563 2635 2617 καὶ
2679 2562 2909 2628 Παῦλος,
2952 2561 3027 2625 ὡς
3060 2560 3167 2632 πρὸ
3210 2560 3309 2630 τῆς
3343 2558 3474 2630 [175
3520 2556 3572 2630 b]

1998 2655 2281 2718 κενώσεως
2302 2656 2360 2708 ἐν
2398 2657 2576 2726 μορφῇ
2605 2655 2697 2707 καὶ
2725 2653 2930 2724 ίσότητι
2952 2652 3045 2706 τοῦ
3077 2651 3209 2705 Θεοῦ
3238 2653 3332 2705 καὶ
3362 2650 3573 2720 Πατρὸς

1998 2743 2088 2819 ἦν)
2121 2747 2247 2801 δοτά
2278 2749 2543 2818 ἐκτήσατο
2578 2747 2770 2801 ταῦτα.
2830 2746 3064 2800 Ἐπείτοι
3096 2746 3188 2798 καὶ
3226 2744 3407 2799 ἄτοπα
3456 2743 3572 2795 λίαν

2000 2842 2064 2893 ἐκ
2107 2839 2293 2895 τούτου
2324 2841 2667 2912 εἰσφέρεται·
2713 2838 2773 2892 ἓν
2819 2838 2940 2908 μὲν,
2977 2838 3199 2908 ὅτιπερ,
3246 2839 3296 2889 εἰ
3336 2838 3398 2889 ἐν
3433 2835 3573 2906 ψιλῷ

2001 2929 2096 2983 καὶ
2124 2928 2269 3000 μόνῳ
2294 2929 2370 3001 τῷ
2399 2930 2624 3001 ὀνόματι
2648 2930 2986 3001 διακέκριται
3011 2928 3143 2991 Θεὸς
3167 2930 3195 2981 ό
3226 2929 3380 2994 Υἱὸς,
3418 2928 3575 2981 πλεο-

2001 3022 2250 3091 νεκτήσει
2276 3021 2374 3091 τὴν
2421 3022 2617 3083 κτίσιν,
2648 3021 2683 3092 ἢ
2721 3021 2935 3092 μικρὸν,
2964 3020 2998 3092 ἢ
3028 3020 3090 3072 τὸ
3119 3019 3341 3090 σύμπαν
3386 3020 3572 3072 οὐδέν’

330 3107 506 3175 primo
539 3106 583 3162 si
630 3105 796 3162 Filius
843 3109 984 3163 nuda
1035 3118 1091 3165 et
1152 3110 1268 3165 sola
1321 3109 1417 3166 Dei
1469 3112 1826 3180 appellatione
1866 3127 1895 3167 a

2071 3112 2247 3183 ἓτερον
2288 3113 2382 3179 δέ,
2431 3113 2512 3166 ὅτι
2557 3110 2952 3182 ἐξολισθήσειεν
2996 3110 3161 3167 αὑτοῦ
3218 3112 3364 3165 κατά
3402 3128 3466 3180 γε
3515 3109 3575 3163 τὸ

335 3198 603 3253 creaturis
633 3199 1081 3269 distingueretur,
1120 3201 1216 3255 has
1262 3211 1357 3255 aut
1390 3217 1604 3273 parum,
1639 3210 1733 3257 aut
1762 3202 1901 3256 nihil

331 3292 491 3360 plane
541 3290 907 3346 antecelleret.
950 3292 1201 3348 Secundo
1237 3292 1543 3362 huiusmodi
1590 3294 1792 3350 donum
1831 3295 1898 3349 ad

331 3382 559 3437 nihilum
594 3384 946 3453 redigeretur,
982 3385 1029 3441 si
1058 3384 1111 3439 id
1146 3386 1361 3455 quidem
1401 3386 1730 3451 attendatur,
1757 3387 1902 3455 quod

330 3475 447 3530 lieri
482 3486 683 3545 posset,
714 3484 809 3530 aut
840 3477 895 3531 in
940 3488 1173 3532 mentem
1216 3488 1456 3533 nostram
1488 3478 1673 3532 venire
1704 3496 1718 3533 :
1759 3477 1902 3547 quod

334 3568 478 3622 enim
513 3568 769 3623 donatum
797 3569 923 3636 fuit,
949 3580 1164 3626 nonest
1190 3572 1410 3626 omnino
1458 3570 1652 3625 stabile
1683 3584 1747 3626 ac
1779 3584 1902 3641 per-

332 3670 584 3722 manens,
619 3659 712 3713 sed
753 3657 1016 3727 ejusmodi
1046 3657 1181 3725 fere,
1219 3670 1277 3714 ut
1315 3660 1491 3714 amitti
1528 3659 1685 3715 facile
1715 3670 1898 3730 queat.

333 3747 517 3805 Tertio
546 3751 593 3804 si
640 3749 837 3805 Filium
877 3752 1168 3807 secundum
1218 3751 1477 3806 Deitatem
1513 3752 1755 3807 divinum
1802 3765 1902 3805 no-

331 3856 456 3896 men
501 3852 627 3897 tunc
660 3843 935 3913 accepisse
982 3843 1372 3912 concipiamus,
1420 3858 1545 3899 cum
1600 3843 1653 3896 in
1706 3843 1903 3896 mundo

333 3936 613 4004 apparuit;
646 3945 899 4005 sequetur
927 3943 984 3989 ut
1030 3936 1143 4005 ipse
1180 3936 1231 3989 id
1275 3946 1434 3990 antea
1484 3951 1587 3990 non
1630 3935 1900 3999 habuerit,

332 4028 475 4095 quod
505 4035 689 4096 postea
715 4027 945 4095 accepit,
966 4028 1062 4082 sed
1096 4027 1242 4081 velut
1263 4028 1529 4096 quoddam
1558 4028 1780 4092 donum,
1808 4036 1903 4081 aut

333 4120 640 4174 mercedem
672 4134 767 4187 pro
799 4135 897 4174 suo
928 4121 995 4173 ad
1028 4135 1127 4174 nos
1168 4121 1400 4173 adventu
1440 4120 1492 4173 id
1532 4119 1799 4173 retulerit.
1833 4120 1905 4173 At

333 4224 466 4265 vero
501 4210 619 4281 ipse
654 4220 710 4263 et
738 4225 806 4267 ex
838 4210 1047 4264 inﬁnita
1075 4210 1356 4263 altitudine
1383 4224 1502 4264 sese
1533 4220 1754 4278 propter
1782 4222 1899 4270 nos,

333 4315 556 4356 carnem
595 4310 791 4355 nostra:
843 4299 1076 4355 similem
1127 4315 1434 4366 assumens,
1482 4299 1801 4364 exinanivit,
1848 4308 1906 4353 et

335 4408 457 4446 cum
486 4402 633 4447 esset
659 4392 976 4446 naturaliter
993 4402 1050 4447 et
1079 4392 1245 4447 Filius
1274 4390 1526 4457 Verbum,
1560 4401 1616 4446 et
1645 4391 1698 4445 in
1728 4390 1900 4446 forma

333 4484 453 4551 Dei,
485 4494 540 4539 et
569 4484 792 4553 aequalis
832 4485 959 4550 Deo,
989 4494 1044 4538 et
1071 4484 1211 4539 Deus
1250 4484 1305 4538 in
1335 4482 1599 4553 principio
1631 4482 1900 4537 exsistens

334 4579 475 4646 apud
518 4577 711 4646 Deum,
746 4593 921 4647 neque
957 4576 1231 4647 singulare
1273 4577 1405 4631 illud
1449 4584 1505 4631 et
1558 4576 1898 4644 incompara-

332 4669 441 4724 bile
488 4685 679 4725 nomen
719 4669 1065 4723 extrinsecus
1114 4668 1343 4723 ascitum
1365 4668 1480 4740 (88)
1547 4667 1790 4731 haberet,
1837 4679 1903 4720 ac

2000 3203 2296 3274 ἐγχωροῦν,
2341 3205 2435 3258 καὶ
2467 3204 2589 3258 ὅσον
2631 3197 2765 3274 ἦκεν
2794 3206 2874 3267 είς
2916 3202 3175 3274 λογισμὸν
3202 3202 3263 3255 τὸ
3294 3203 3570 3273 χάρισμαο

2001 3295 2227 3366 ἐπείπερ
2256 3295 2317 3348 τὸ
2347 3295 2497 3348 δοτὸν
2526 3296 2627 3349 οὑκ
2650 3296 2730 3359 εἰς
2772 3296 2880 3349 πᾶν
2921 3294 3294 3365 ἐρειρισμένον
3326 3293 3420 3346 καὶ
3461 3293 3577 3345 δια-

2005 3388 2183 3457 μένον,
2232 3386 2347 3440 ἀλλ’
2396 3386 2768 3456 εὑαπόὸλητόν
2811 3402 2957 3449 πωςο
3014 3384 3217 3457 τρίτον,
3266 3384 3481 3455 ὅτιπερ,
3524 3385 3573 3435 εί

2001 3479 2142 3532 κατά
2172 3478 2271 3550 τὴν
2316 3478 2544 3549 θεότητα
2568 3478 2788 3549 νοηθείη
2830 3476 3110 3546 εἰληφέναι
3137 3476 3197 3528 τὸ
3230 3476 3374 3527 θεῖον
3401 3476 3569 3545 ὄνομα

2000 3571 2061 3623 τὸ
2087 3570 2407 3641 τηνικαῦτα,
2454 3572 2543 3624 ὅτε
2576 3572 2634 3623 ἐν
2668 3570 2858 3640 κόσμῳ
2880 3569 3075 3639 ἐφάνη,
3114 3569 3475 3639 εὑρεθήσεται
3502 3567 3577 3637 μὴ

2003 3661 2250 3731 ἐσχηκὼς
2291 3661 2395 3732 πρὸ
2432 3661 2646 3725 τούτου,
2686 3660 2714 3713 ὃ
2755 3660 2981 3731 ὕστερον
3009 3659 3221 3722 ἐλαῦεν,
3252 3660 3369 3712 ἀλλ’
3393 3659 3578 3729 ῶσπερ

2001 3771 2055 3807 τι
2094 3753 2375 3825 χάρισμα,
2418 3753 2453 3825 ἢ
2482 3753 2670 3824 μισθὸν
2711 3753 3077 3824 κομισάμενος
3118 3751 3259 3822 ὑπὲρ
3299 3752 3405 3821 τῆς
3442 3752 3577 3823 πρὸς

2004 3844 2147 3913 ἡμᾶς
2189 3840 2443 3911 ἀφίξεως.
2475 3842 2646 3906 Αὐτὸς
2687 3842 2743 3895 δὲ
2773 3842 2868 3896 καὶ
2911 3842 2971 3907 ἐξ
3013 3842 3240 3913 ἀπείρου
3286 3841 3579 3912 ὑψώματος

2003 3933 2071 3986 δι’
2108 3934 2254 4005 ἡμᾶς
2307 3936 2362 3986 ἐν
2400 3936 2511 3996 τοῖς
2550 3933 2672 3987 καθ’
2722 3935 2868 4005 ἡμᾶς
2922 3934 3111 3988 ἐαυτὸν
3168 3934 3438 3986 ἐκένωσε·
3486 3934 3579 3987 καὶ

2003 4025 2091 4078 διὰ
2136 4025 2196 4077 τὸ
2251 4021 2387 4078 εἶναι
2443 4025 2687 4095 φυσικῶς
2735 4026 2861 4088 Υἱὸς
2895 4026 3086 4094 Λόγος,
3142 4025 3232 4077 καὶ
3289 4025 3350 4077 ἐν
3399 4028 3577 4095 μορῖιῇ

2005 4116 2171 4184 Θεοῦ,
2199 4117 2292 4170 καὶ
2327 4117 2416 4169 ἴσα
2455 4116 2574 4187 Θεῷ
2594 4157 2609 4179 ,
2640 4118 2734 4170 κα)⁸
2763 4116 2895 4180 Θεὸς
2930 4119 2988 4170 ἐν
3020 4118 3160 4187 ἀρχῇ
3208 4116 3285 4169 ῶν
3312 4117 3455 4187 πρὸς
3491 4117 3579 4168 τὸν

2005 4206 2156 4271 Θεὸν,
2186 4204 2297 4260 οὔτ’
2327 4206 2523 4271 ἔξωθεν
2546 4207 2957 4279 είσκεκριμένον
2996 4209 3092 4261 καὶ
3119 4208 3273 4261 νόθον
3299 4203 3417 4263 οἷον
3442 4209 3578 4278 ἔχων

2004 4296 2065 4349 τὸ
2086 4296 2466 4368 ἀπαράϐλητον
2489 4296 2677 4367 ὄνομα,
2708 4296 2819 4350 οὔθ’
2844 4292 3067 4369 ὕστερον
3087 4296 3260 4367 τούτῳ
3282 4299 3580 4368 ἐκτετιμη-

1932 4441 1976 4494 D
2010 4390 2187 4460 μένος,
2218 4390 2487 4461 ἐπανῆλθε
2514 4390 2675 4444 πάλιν
2700 4391 2778 4451 είς
2802 4390 2939 4461 ὅπερ
2962 4386 3030 4461 ἦν
3056 4390 3143 4443 ἀεὶ
3166 4392 3261 4442 καὶ
3294 4391 3354 4442 ἐν
3382 4393 3580 4460 ἀρχαῖς

2003 4484 2335 4553 ὑπερανέχον
2367 4484 2520 4550 ὕψος,
2554 4485 2648 4537 κα)⁸
2681 4486 2762 4547 είς
2796 4484 3035 4555 ἔμφυτον
3073 4482 3237 4554 τιμὴν
3267 4484 3364 4536 καὶ
3397 4484 3577 4547 δόξαν,

2004 4576 2099 4628 καὶ
2127 4577 2207 4639 είς
2239 4577 2372 4630 ίδίαν
2401 4576 2499 4648 τὴν
2531 4579 2597 4630 ἐκ
2621 4576 2809 4641 δεξιῶν
2838 4575 2931 4629 τοῦ
2962 4576 3154 4629 ἐαυτοῦ
3182 4577 3403 4647 [ἰατρὸς
3454 4593 3579 4629 συν-

2007 4666 2213 4737 εδρίαν.

335 4761 499 4815 veluti
542 4761 929 4825 adulterinum,
962 4774 1061 4815 nec
1118 4762 1306 4815 eodem
1374 4760 1645 4830 posterius
1683 4760 1967 4814 decoratus
2006 4759 2109 4824 sit;
2167 4774 2421 4813 reversus
2465 4769 2550 4815 est
2598 4775 2787 4816 rursus
2840 4761 2906 4814 ad
2951 4760 3437 4814 eminentissimam
3464 4759 3580 4829 (89)

333 4851 689 4919 altitudinem,
723 4852 775 4905 in
805 4867 909 4920 qua
939 4865 1153 4922 semper
1207 4862 1261 4905 et
1303 4854 1354 4904 in
1386 4852 1651 4921 principio
1714 4862 1849 4918 erat,
1918 4860 1973 4905 et
2009 4852 2075 4905 ad
2124 4854 2424 4907 naturalem
2476 4853 2580 4908 sibi
2630 4854 2925 4921 honorem,
2974 4869 3040 4907 ac
3083 4852 3347 4921 gloriam,
3405 4862 3462 4906 et
3514 4854 3580 4904 ad

333 4948 607 5017 propriam
634 4948 1039 5004 eonsessionem
1074 4962 1105 5000 a
1134 4947 1339 5003 dextris
1370 4948 1545 5003 Patris
1579 4948 1684 5003 sui.

404 5132 519 5201 (Si)
554 5131 955 5201 Exspatiaverit.
986 5131 1195 5186 Coloss.
1231 5146 1293 5189 ll.
1327 5128 1415 5201 15.

404 5199 520 5272 (85)
565 5199 871 5271 Negligunt.
912 5202 1067 5266 Cod.,
1110 5199 1547 5272 Exoaat._ltaque
1591 5201 1895 5272 addendum

330 5268 423 5327 est
457 5268 770 5326 adverbium
814 5272 1051 5339 aliquod,
1084 5268 1490 5339 nimum»;
1526 5281 1620 5324 aut
1658 5270 1895 5339 ἀμελῶς,

332 5342 725 5413 legendumque
756 5341 807 5394 in
828 5340 1209 5413 superioribus
1222 5342 1329 5393 τῶν
1360 5356 1457 5409 pro
1488 5339 1597 5410 τῷ’
1628 5341 1730 5394 nisi
1758 5341 1897 5394 forte

332 5411 433 5467 vos
460 5411 643 5480 ἔχουσι
682 5412 932 5465 mendosa
973 5411 1065 5464 sit.

407 5478 523 5551 (86)
559 5478 869 5551 Iuniani...
901 5478 1229 5551 ﬁlius._Vide
1252 5480 1347 5548 Ep.
1385 5480 1400 5533 Ι
1428 5478 1587 5551 .loan.
1625 5478 1790 5544 v,20.

406 5544 519 5621 (87)
557 5544 908 5621 Dei.'Codex,
942 5552 1027 5618 ἐφ’
1053 5544 1131 5603 οὑ.
1163 5544 1309 5618 Lego
1334 5549 1495 5603 Θεοῦ.

406 5620 517 5690 (88)
548 5620 804 5672 Auitum.
858 5620 914 5691 lu
977 5621 1183 5686 (mneo,
1239 5620 1668 5691 είσκεκριμένον,
1707 5620 1759 5673 id
1793 5629 1895 5684 est,

342 5708 367 5746 ς
390 5691 776 5749 introductum.
807 5708 827 5744 ι
855 5690 971 5748 Hoc
1003 5706 1187 5758 sensu,
1222 5702 1277 5746 ut
1307 5690 1459 5761 puto,
1496 5691 1687 5748 Pollux
1712 5691 1805 5749 lib.
1832 5704 1894 5756 tt,

2003 5146 2121 5199 cap.
2156 5129 2207 5189 4.
2241 5144 2410 5196 segm.
2443 5130 2531 5193 76,
2573 5127 3038 5199 θίιεείσκρίνεται
3085 5125 3228 5180 κατά
3276 5126 3376 5189 τὰς
3426 5128 3580 5196 ῥῖνας

2003 5201 2066 5254 τὸ
2112 5199 2349 5269 πνεῦμα.
2398 5200 2656 5269 Quamvis
2703 5202 2845 5254 enim
2898 5202 3165 5266 interpres
3215 5200 3580 5259 transtulerit,

2012 5285 2147 5337 «per
2186 5286 2345 5322 nares
2377 5268 2705 5323 discernitur
2756 5284 2958 5336 vapor,
3018 5279 3197 5337 tamen
3256 5271 3579 5320 vertendum

1999 5336 2195 5393 censeo
2220 5354 2230 5387 :
2268 5358 2285 5388 ι
2307 5353 2406 5408 per
2432 5354 2592 5394 nares
2621 5340 2986 5393 introducitur
3016 5336 3200 5403 ﬂatus,
3228 5354 3248 5387 ι
3282 5351 3385 5391 seu
3421 5353 3441 5389 ι
3465 5339 3583 5405 spi-

1999 5421 2158 5464 Πιιιε.
2180 5427 2200 5459 1

2071 5478 2182 5577 $89)
2216 5476 2740 5577 Eminen'lisfimant...
2763 5476 3041 5577 Librarius
3073 5477 3367 5577 scripserat
3405 5475 3578 5577 ὑπερ-

3016 5558 3173 5577 ..n..-
3474 5563 3578 5577 ιη...

1999 5546 2383 5618 avum-tum
2432 5547 2646 5618 inducta
2672 5548 2862 5618 littera
2906 5548 3191 5618 wifecilo-
3228 5546 3418 5615 ιιείψιε
3455 5547 3578 5613 ιεὲεθ

1998 5630 2051 5672 et
2081 5617 2214 5683 ipse,
2246 5617 2602 5687 ὑπερανέχον.
2639 5617 2750 5673 Nec
2785 5618 2929 5671 enint
2969 5617 3135 5671 Filius
3162 5632 3379 5684 semper
3402 5618 3576 5685 ὑπερ-

2000 5692 2177 5761 ανεῖχε
2208 5689 2263 5742 ἐν
2291 5689 2506 5759 ἀρχαῖς,
2532 5690 2582 5744 id
2612 5700 2715 5757 est,
2746 5705 2850 5744 nou
2884 5703 3096 5759 semper
3132 5706 3149 5739 ι
3177 5687 3321 5742 inter
3350 5688 3575 5756 angelos
