3716 6310
394 250 500 308 859

1630 261 1859 318 DIDYMl
1895 266 2363 323 ALEXANDRINI

3522 272 3620 326 800

390 367 558 419 eum?
592 376 683 420 aut
721 367 843 437 quia
876 368 1110 427 intendis
1137 382 1369 428 mentem
1411 376 1462 430 in
1498 377 1710 445 ipsum?
1738 389 1824 432 aut
1874 382 1938 434 in-

2107 386 2457 456 ραμάρτητον,
2486 385 2585 437 ὐπε
2597 384 2913 455 ράνθρωπόν
2956 387 3092 438 ἐστι.
3119 385 3218 439 Διὰ
3239 386 3398 439 τοῦτο
3425 402 3622 454 κεχρηρ

391 458 717 525 spectionem
764 461 880 531 ejus
924 463 1056 519 facis
1078 465 1189 536 (96)
1226 483 1395 536 usque
1429 469 1495 520 ad
1543 470 1859 533 diluculum,
1906 483 1960 525 ct

390 547 443 599 in
482 549 669 615 requie
717 565 838 605 eum
878 553 1129 621 judicas?
1157 577 1174 609 ι
1214 554 1331 626 Ipse
1377 574 1540 622 vero,
1586 559 1635 612 id
1694 573 1813 623 est,
1852 562 1958 615 Do-

2058 474 2334 544 σμῲδηται
2378 478 2470 541 τὸ,
2523 496 2539 527 ι
2593 477 2680 528 Ἐν
2729 474 3036 547 ὁμοιώματι
3086 477 3180 529 καὶ
3235 477 3478 546 σχήματι
3532 477 3620 528 ἀν-

2057 564 2311 634 θρὼπων.

390 640 589 704 minus,
623 642 786 713 366
817 663 835 694 ι
872 657 1151 714 peccatum
1188 650 1298 725 (97)
1331 667 1434 705 non
1478 652 1621 715 fecit,
1658 672 1675 704 ι
1715 665 1769 707 ιιι
1794 666 1947 708 antea
1990 657 2190 709 dictum
2235 670 2339 724 est,
2375 679 2391 711 ι
2423 674 2521 713 nec
2563 664 2812 713 inventus
2879 670 2961 714 est
3002 659 3153 715 dolus
3188 677 3239 715 tn
3304 675 3401 759 ore
3428 663 3564 759 ejus.
3595 678 3611 708 ι

392 732 492 759 nn:
541 744 715 759 -..n--..
784 748 856 759 Δ,ι
946 756 971 759 _
996 758 1001 759 ,
1025 743 1148 759 __,-o
1250 758 1255 759 ,
1602 756 1611 759 Α
1882 751 1894 759 .
2011 751 2021 759 .
2178 752 2269 759 .-_...
2357 752 2400 759 --
2539 755 2548 759 -
2892 754 2924 759 --
2968 753 2979 759 -

391 732 492 798 Qui
540 744 717 788 autem
780 748 862 792 est
946 743 1149 809 peccati
1238 758 1451 813 expers,
1536 756 1619 801 est
1672 764 1832 819 supra
1881 751 2122 804 homines
2170 752 2302 823 (98).
2356 752 2470 808 liae
2519 755 2583 808 de
2659 768 2822 807 causa
2874 753 3114 808 divinum
3170 752 3451 806 oraculum
3506 752 3612 803 ait:

402 845 421 877 ι
453 828 509 881 lu
538 829 891 887 similitudine
934 845 988 888 ct
1016 836 1198 890 habitu
1225 840 1521 895 hominum.
1555 861 1574 894 ι

1035 925 1184 980 CAP.
1227 929 1315 985 XI.

463 1008 541 1063 Ne
580 1010 708 1064 illud
750 1014 986 1081 quidem,
1021 1018 1162 1083 quod
1200 1019 1250 1071 in
1290 1018 1497 1076 Joanne
1531 1022 1746 1094 legitur,
1795 1044 1813 1076 ι
1846 1026 1953 1093 Ego

391 1099 511 1153 vivo
538 1101 646 1170 (99)
697 1116 914 1170 propter
960 1104 1194 1173 Patrem,
1230 1129 1249 1161 ι
1304 1113 1680 1168 haereticorum
1733 1133 1951 1171 causam

394 1190 502 1244 ullo
531 1195 688 1246 modo
706 1194 894 1260 juvare
926 1210 1118 1267 potest.
1148 1200 1240 1255 Sic
1269 1204 1412 1255 cnim
1447 1204 1682 1273 loquitur
1708 1208 1957 1262 Salvator

390 1291 485 1334 aut
526 1295 743 1352 propter
797 1291 1106 1355 praedictum
1157 1292 1543 1351 lucarnationis
1594 1298 1828 1362 modum,
1867 1310 1959 1353 aut

392 1372 516 1437 quia
563 1373 679 1441 ipse
710 1378 921 1442 genitus
947 1390 1025 1432 est
1066 1382 1171 1433 vita
1200 1398 1264 1434 ex
1300 1383 1404 1436 vita
1438 1396 1683 1453 paterna,
1725 1398 1779 1441 et
1807 1390 1893 1443 lux
1927 1406 1958 1445 e

392 1461 531 1527 luce,
586 1474 639 1518 et
681 1465 820 1522 Deus
849 1483 913 1521 ex
953 1469 1081 1525 Deo.
1115 1473 1295 1541 Itaque
1323 1484 1376 1529 et
1414 1476 1515 1531 hoc
1557 1479 1624 1531 ab
1655 1496 1718 1533 eo
1746 1483 1954 1534 audivi-

393 1566 513 1605 mus
536 1555 673 1618 apud
703 1559 948 1612 eumdem
967 1560 1229 1617 Joannem
1261 1583 1273 1618 :
1305 1584 1325 1617 ι
1360 1566 1472 1634 Ego
1496 1585 1611 1621 sum
1643 1569 1720 1637 (1)
1748 1575 1876 1635 vita,
1903 1582 1956 1627 et

392 1640 514 1709 lux;
549 1663 567 1695 ι
602 1655 653 1699 ει
684 1662 901 1701 rursus:
933 1669 951 1699 ‹
984 1651 1147 1707 Filius
1178 1654 1275 1723 (2),
1320 1672 1454 1725 quos
1482 1658 1613 1724 vult,
1643 1660 1899 1716 viviﬁcat.
1931 1681 1949 1713 ι

2678 930 2835 981 ΚΕΦ.
2889 930 2988 984 IA'.

2124 1023 2232 1076 Καὶ
2260 1022 2320 1074 τὸ
2344 1021 2493 1092 παρὰ
2521 1020 2761 1092 Ἰωάννῃ,
2795 1040 2812 1071 ι
2851 1020 2991 1088 Ἐγὼ
3014 1019 3090 1083 ζῶ
3108 1020 3193 1072 διὰ
3208 1020 3297 1071 τὸν
3320 1018 3559 1086 Πατέρα,
3586 1034 3605 1066 ι

2055 1113 2348 1180 οὐδαμόθεν
2375 1112 2485 1182 ἔχει
2512 1113 2723 1183 λῆμμα.
2764 1115 2831 1165 Ἢ
2852 1113 2960 1182 γὰρ
2988 1113 3149 1165 ἕνεκα
3174 1111 3266 1163 τοῦ
3301 1108 3612 1180 προλεχθέν-

2054 1220 2146 1265 τος
2178 1204 2274 1273 τῆς
2320 1202 2629 1273 οἰκονομίας
2671 1203 2884 1273 εἴρηται
2925 1201 3158 1273 τρόπου,
3206 1200 3239 1269 ἣ
3285 1201 3373 1253 διὰ
3418 1200 3477 1251 τὸ
3523 1214 3610 1250 πε-

2058 1294 2282 1363 φηνέναι
2310 1294 2473 1346 αὑτὸν
2516 1292 2658 1363 ζωὴν
2684 1295 2745 1345 ὲκ
2784 1294 2931 1362 ζωῆς
2959 1292 3249 1362 πατρικῆς,
3280 1292 3356 1354 ὡς
3384 1292 3477 1342 καὶ
3506 1291 3611 1357 φῶς

2055 1387 2118 1437 ἐκ
2169 1386 2364 1452 φωτὸς,
2402 1386 2495 1438 καὶ
2523 1385 2651 1437 Θεὸν
2682 1387 2745 1438 ὲκ
2787 1383 2944 1437 Θεοῦ.
2992 1385 3292 1454 Τοιγαροῦν
3332 1384 3431 1436 καὶ
3468 1382 3611 1433 τοῦτο

2054 1476 2366 1546 ἠκούσαμεν
2400 1476 2563 1528 αὐτοῦ
2592 1476 2720 1545 παρ’
2754 1475 2902 1544 αὑτῷ
2956 1476 3171 1544 Ἰωάννῃ
3200 1491 3213 1503 ο
3256 1492 3275 1525 ι
3337 1473 3479 1541 Ἐγὼ
3506 1476 3609 1541 εἰμι

2055 1570 2088 1639 ἡ
2126 1566 2237 1638 ζωὴ
2267 1569 2360 1620 καὶ
2391 1568 2450 1621 τὸ
2476 1568 2590 1636 φῶς
2611 1587 2624 1599 ο
2662 1588 2680 1621 ι
2714 1568 2807 1622 καὶ
2840 1567 3019 1620 πάλιν·
3062 1587 3078 1618 ι
3121 1567 3177 1620 '0
3200 1566 3328 1630 Υἱὸς
3352 1567 3446 1627 οῦς
3480 1566 3609 1617 Θέλει

2054 1658 2323 1723 ζωοποιεῖ.
2357 1677 2375 1709 ι
2406 1661 2467 1712 Ei
2511 1656 2603 1712 οὖν
2654 1660 2748 1714 καὶ
2791 1662 2819 1712 6
2866 1660 3049 1729 Πατὴρ
3093 1660 3203 1727 ζωή
3231 1660 3347 1710 ἐστι
3388 1658 3606 1723 καὶφιὴ

393 1732 451 1786 Si
493 1750 620 1803 ergo
660 1736 819 1791 Pater
840 1755 1052 1808 quoque
1090 1744 1196 1797 vita
1234 1755 1336 1807 est,
1387 1758 1441 1801 et
1475 1749 1564 1803 lux
1596 1766 1745 1812 vera,
1775 1752 1938 1820 prole-

2107 1749 2324 1820 ιηθινὸν·
2362 1750 2475 1821 ζωὴ
2501 1750 2674 1818 ζωῆς,
2708 1753 2802 1805 καὶ
2832 1752 2948 1820 φῶς
2976 1751 3151 1820 φωτὸς
3178 1749 3329 1802 οὐδὲν
3352 1749 3604 1817 διαφέρει.

393 1836 480 1879 eto
528 1829 573 1881 is
613 1832 704 1898 qui
741 1842 823 1886 est
852 1836 960 1887 vita
996 1838 1137 1902 vitae,
1175 1849 1229 1893 et
1273 1841 1358 1894 lux
1408 1844 1564 1908 lucis,
1616 1846 1746 1899 nihil
1788 1848 1855 1900 ab
1887 1863 1951 1902 eo

393 1918 573 1972 diﬂ‘ert
599 1937 613 1985 ;
640 1939 760 1975 nam
790 1926 897 1978 vita
922 1936 974 1979 et
1006 1928 1093 1981 lux
1112 1932 1329 1984 omnino
1350 1945 1458 1999 est;
1492 1950 1554 1988 ac
1581 1936 1776 1990 nullam
1800 1940 1952 2005 plane

397 2003 559 2059 habet
612 2011 1045 2076 probabilitatem
1105 2016 1193 2071 illa
1250 2023 1620 2078 haereticorum
1680 2026 1948 2094 formula,

397 2114 416 2145 ι
448 2097 748 2166 Aliquando
788 2119 893 2157 nou
925 2115 1063 2171 erat,
1097 2127 1115 2159 ι
1154 2111 1195 2162 si
1239 2111 1306 2165 de
1348 2127 1413 2166 eo
1453 2114 1682 2179 dicatur,
1732 2120 1820 2188 qui
1855 2130 1940 2173 est

394 2201 505 2253 Ipsa
543 2194 772 2244 creatrix
833 2195 937 2248 vita
983 2206 1036 2249 et
1075 2198 1387 2257 indeliciens
1422 2205 1529 2259 lux.
1574 2207 1743 2263 Aliter
1788 2212 1949 2265 etiam

392 2281 717 2345 respondere
751 2284 893 2338 licet.
919 2286 1017 2352 Qui
1045 2302 1261 2358 propter
1294 2294 1517 2348 alterum
1543 2299 1694 2363 vivit,
1727 2316 1827 2354 non
1860 2317 1954 2370 po.

390 2375 495 2422 test
527 2371 641 2439 ipse
671 2389 903 2443 unquam
930 2392 1052 2432 esse
1086 2381 1194 2434 vita
1226 2392 1447 2449 :etertta,
1487 2388 1627 2442 sicut
1658 2406 1722 2444 ne
1755 2391 1797 2444 is
1837 2394 1952 2461 qui-

2048 1843 2166 1913 Ζωὴ
2199 1842 2302 1911 γὰρ
2340 1844 2430 1895 καὶ
2468 1842 2580 1911 φῶς
2604 1844 2748 1907 ἅπαξ
2799 1844 2941 1895 ἐστί·
2973 1843 3066 1896 καὶ
3092 1843 3210 1894 οὐδὲ
3236 1841 3609 1940 πειθανότητος

2046 1934 2210 2001 ἐγγὺς
2234 1932 2313 1997 τὸ,
2341 1952 2357 1983 ι
2372 1930 2499 1997 T11v,
2519 1934 2607 1986 ὅτε
2626 1935 2722 1986 οὐκ
2737 1930 2825 2005 ἦν,
2842 1955 2859 1984 ι
2879 1934 2971 1986 ἐπὶ
2993 1935 3159 2003 αὐτῆς
3175 1935 3269 2003 τῆς
3284 1931 3607 2002 δημιουργοῦ

2047 2024 2189 2093 ζωῆς
2220 2025 2311 2077 καὶ
2338 2024 2430 2076 τοῦ
2462 2025 2815 2077 άνεκλείπτου
2857 2026 3052 2095 φωτός.
3090 2026 3201 2078 Καὶ
3229 2024 3429 2086 άλλως⁵
3467 2026 3524 2077 '0
3548 2024 3606 2075 δι’

2046 2116 2230 2179 ἕτερον
2258 2117 2385 2182 ζῶν,
2414 2118 2575 2181 αὐτὸς
2606 2120 2704 2170 οὐκ
2737 2119 2802 2171 ἂν
2836 2118 2921 2187 εἴη
2952 2119 3079 2170 ποτὲ
3116 2118 3226 2186 ζωὴ
3262 2116 3479 2178 αἰώνιος
3503 2132 3515 2144 ·
3543 2116 3607 2177 ὡς

2048 2207 2166 2259 οὐδὲ
2199 2208 2227 2257 6
2270 2208 2550 2277 μεταδόσει
2598 2208 2731 2260 Θεοῦ
2772 2209 2957 2278 ἅγιος,
3008 2210 3322 2276 αὐτοάγιοςο
3359 2209 3519 2270 αὐτὸς
3558 2208 3605 2259 δὲ

2050 2306 2169 2356 κατ’
2203 2302 2448 2367 ἐξουσίαν
2479 2304 2574 2357 καὶ
2606 2304 2796 2368 ἄλλους
2832 2305 3072 2373 ἁγιάζων
3112 2304 3178 2357 δι’
3209 2302 3405 2355 ἑαυτοῦ
3440 2319 3497 2354 τε
3525 2302 3608 2354 καὶ

2047 2395 2114 2447 δι’
2149 2395 2376 2466 ἑτέρων.

389 2458 533 2525 dem,
561 2462 650 2531 qui
677 2466 1090 2535 participatione
1121 2471 1210 2526 Det
1241 2486 1458 2530 sanctus
1497 2487 1599 2544 εει,
1668 2458 1868 2548 potest—
1905 2498 2023 2538 esse
2064 2501 2160 2552 per
2192 2502 2250 2540 se
2293 2496 2509 2541 sanctus
2539 2503 2552 2539 :
2586 2495 2668 2541 est
2705 2500 2834 2540 vero
2862 2486 2976 2556 ipse
3011 2500 3107 2541 sua
3152 2494 3419 2541 potestate
3455 2484 3603 2538 etiam

389 2554 529 2609 alios
574 2559 918 2617 sanctiticans
962 2578 1084 2618 cum
1128 2582 1222 2635 per
1270 2572 1639 2641 semetipsum,
1680 2584 1792 2628 tum
1842 2593 1938 2645 per
1975 2578 2129 2635 alios.

1015 2659 1164 2714 CAP.
1208 2661 1318 2716 Xll.

459 2738 632 2794 Verba
682 2758 898 2813 quoque
932 2747 1044 2815 illa,
1095 2768 1115 2801 ι
1145 2751 1255 2822 Ego
1298 2755 1545 2811 descendi
1576 2759 1652 2826 (3)
1686 2760 1750 2815 de
1792 2760 1950 2827 cmlo,

388 2844 492 2885 non
521 2843 577 2884 ut
602 2831 791 2888 iaciam
818 2839 1144 2895 voluntatem
1181 2858 1375 2909 meam,
1404 2848 1497 2901 sed
1529 2848 1645 2916 ejus
1679 2851 1771 2920 qui
1806 2854 1953 2906 misit

389 2936 493 2983 me,
519 2921 713 2988 Patris,
746 2945 765 2976 ι
803 2927 875 2981 ita
910 2931 1224 2999 accipienda
1256 2946 1401 2999 sunt,
1433 2941 1584 3007 quasi
1626 2942 1765 2996 dicat
1793 2960 1805 2995 :
1832 2943 1948 2998 Non

389 3018 446 3061 ut
476 3012 824 3071 humanitatis
854 3020 1183 3077 voluntatem
1226 3025 1418 3081 faciam
1466 3029 1517 3083 in
1549 3028 1944 3100 Incarnatione,

386 3104 479 3155 sed
511 3105 845 3160 voluntatem’
874 3110 1109 3168 deitatis.
1143 3114 1252 3169 Nec
1277 3118 1418 3172 enim
1462 3130 1544 3175 est
1574 3122 1821 3179 voluntas
1864 3128 1947 3181 di-

388 3192 508 3246 lecti
534 3194 654 3250 Filii
690 3213 718 3250 a
757 3200 1031 3259 voluntate
1074 3204 1168 3259 Dei
1213 3216 1266 3260 et
1312 3207 1486 3263 Patris
1530 3223 1806 3281 separata;
1841 3233 1943 3269 una

385 3280 530 3334 enim
552 3293 607 3336 et
632 3287 817 3340 eadem
846 3290 1096 3347 voluntas
1116 3303 1198 3347 est
1223 3293 1493 3350 Trinitati.
1522 3297 1628 3353 Sua
1662 3316 1821 3369 porro
1848 3306 1948 3358 hac

389 3371 525 3424 mira
555 3386 777 3440 prorsus
808 3379 1130 3450 obedientia,
1156 3398 1259 3452 qua
1295 3402 1391 3455 pro
1425 3388 1602 3455 nobis,
1639 3391 1690 3447 id
1720 3404 1803 3448 est
1831 3397 1947 3451 vice

386 3471 651 3531 nostrum,
707 3470 967 3536 obedivit,
1020 3476 1296 3545 antiquam
1353 3491 1593 3536 nostram
1642 3485 1946 3540 inobedien-

387 3553 516 3607 tiam
556 3556 790 3613 abolevit
816 3578 828 3616 :
854 3572 909 3615 et
947 3568 1397 3632 quemadmodum
1433 3573 1484 3625 in
1535 3575 1940 3632 similitudinem

384 3637 687 3713 hominum,
720 3662 785 3703 eo
826 3652 984 3706 modo
1014 3668 1122 3722 quo
1166 3658 1279 3727 ipse
1324 3661 1471 3713 novit
1517 3676 1580 3716 ac
1620 3665 1826 3730 voluit,
1864 3666 1947 3721 de-

383 3734 644 3790 scendens
678 3754 869 3807 passus
909 3753 1011 3809 est,
1047 3746 1125 3802 sic
1162 3756 1215 3802 et
1248 3765 1343 3804 nos
1388 3751 1491 3806 sibi
1530 3752 1836 3811 conformes
1871 3756 1945 3811 fa-

384 3823 533 3878 ciens
564 3826 615 3879 in
646 3828 1220 3907 impassihilitatemu)
1251 3843 1538 3898 transtulit.
1556 3844 1719 3915 367
1740 3848 1940 3915 Quare,

386 3929 408 3964 ι
451 3915 739 3985 Descendi,
769 3940 789 3974 ι
824 3923 993 3992 inquit
1020 3945 1033 3981 :
1078 3944 1265 3999 nempe
1295 3936 1509 4002 propria
1540 3947 1729 4005 sponte
1761 3954 1825 3993 ac
1854 3954 1945 3993 vo-

380 4008 586 4067 luntate
616 4017 759 4081 veni,
790 4017 980 4085 inquit,
1014 4038 1117 4075 non
1143 4038 1271 4080 vero
1297 4035 1352 4079 ut
1380 4028 1624 4083 minister
1654 4046 1717 4085 ac
1768 4031 1942 4086 famu-

381 4097 486 4153 lus.
535 4096 686 4159 Sicut
735 4116 790 4159 ει
832 4108 883 4162 in
924 4110 1029 4165 alio
1067 4112 1185 4168 loco
1228 4116 1478 4173 similiter
1526 4120 1644 4175 ait:
1677 4140 1695 4173 ι
1730 4122 1941 4195 1330(5)

2674 2674 2829 2728 ΚΕΦ.
2871 2674 2971 2727 IB'.

2117 2766 2228 2819 Καὶ
2255 2765 2316 2818 τὸ
2350 2784 2368 2817 ι
2419 2762 2559 2833 Ἐγὼ
2601 2765 2957 2835 καταϐέϐηκα
2988 2766 3053 2817 ὲκ
3082 2763 3171 2818 τοῦ
3213 2762 3450 2835 οὐρανοῦ
3471 2803 3485 2825 ,
3517 2763 3603 2832 οὐχ

2047 2857 2133 2909 ἵνα
2169 2856 2306 2909 ποιῶ
2346 2856 2409 2909 τὸ
2444 2857 2656 2927 θέλημα
2699 2857 2757 2909 τὸ
2787 2856 2938 2924 ἐμὸν,
2974 2855 3111 2908 ἀλλὰ
3158 2854 3251 2908 τοῦ
3304 2855 3604 2925 πέμψαντός

2048 2967 2114 3018 με
2147 2949 2359 3019 Πατρὸς
2384 2989 2398 3012 ,
2452 2968 2469 2999 ι
2501 2949 2658 3002 τοῦτο
2698 2948 2877 3017 δηλοῖι
2926 2949 3037 3017 Οὐχ
3080 2948 3167 3000 ἴνα
3193 2948 3253 2999 τὸ
3278 2948 3377 3017 τῆς
3410 2948 3607 3017 ἀνθρω-

1974 3077 2016 3133 C
2056 3040 2307 3110 πότητος,
2352 3041 2508 3111 φησι,
2563 3040 2772 3110 θέλημα
3080 3040 3234 3133 ὲντῇ
3268 3040 3604 3133 ὲ-νανθρωπήζ

2053 3147 2158 3193 σει,
2188 3129 2323 3183 ἀλλὰ
2352 3130 2413 3182 τὸ
2435 3129 2533 3198 τῆς
2569 3128 2839 3197 Θεότητος.
2870 3129 2942 3180 06
2973 3128 3082 3199 γάρ
3134 3130 3249 3180 ἐστι
3284 3128 3497 3198 Θὲλημα
3523 3127 3605 3181 τοῦ

2050 3220 2333 3292 ἀγαπητοῦ
2390 3221 2556 3283 Υἱοῦ,
2600 3220 2903 3291 Οελήματος
2946 3219 3040 3272 τοῦ
3082 3218 3214 3272 Θεοῦ
3254 3220 3348 3272 καὶ
3402 3220 3603 3289 Πατρὸς

2049 3311 2472 3381 κεχωρισμένον.
2503 3312 2599 3363 Ἓν
2634 3310 2763 3381 [175
2807 3309 2863 3381 α]
2895 3310 3002 3381 γὰρ
3044 3310 3219 3363 καὶτὸ
3242 3309 3375 3362 αὐτὸ
3405 3308 3607 3378 Θέλημὰ

2049 3402 2164 3453 ἐστι
2219 3401 2286 3470 τῇ
2329 3398 2538 3470 Τριάδι.
2597 3399 2779 3471 Ταύτῃ
2824 3398 2954 3466 γοῦν
3002 3401 3068 3469 τῇ
3113 3397 3403 3468 παραδόξῳ
3451 3397 3603 3451 αὑτοῦ

2048 3492 2262 3562 ὑπακοῇ
2307 3494 2372 3561 τῇ
2420 3491 2534 3543 ἀνθ’
2576 3490 2754 3561 ἡμῶν,
2799 3489 2953 3542 ἔλυσε
3005 3490 3105 3561 τὴν
3177 3490 3333 3559 ήμῶν
3380 3490 3604 3559 ἀρχαίαν

2047 3586 2363 3653 παρακοήν·
2409 3582 2502 3633 καὶ
2548 3580 2607 3633 ὃν
2651 3580 2848 3651 τρόπον
2895 3581 2974 3643 εἰς
3017 3580 3274 3650 ὁμοίωσιν
3315 3581 3495 3651 ἡμῶν,
3538 3580 3604 3642 ὡς

2045 3669 2153 3727 οἶδε
2180 3673 2274 3726 κα)⁵
2329 3672 2626 3744 ὴῦουλήθη,
2657 3672 2900 3737 καταϐὰς
2926 3672 3127 3724 ἔπαθεν
3151 3690 3164 3703 ’
3190 3671 3331 3725 οὕτω
3352 3673 3448 3725 καὶ
3469 3674 3603 3741 ἡμᾶς

2049 3764 2407 3835 συμμόρφους
2436 3765 2669 3835 ποιήσας
2697 3764 2910 3828 ἑαυτοῦ,
2948 3765 3028 3827 εἰς
3052 3763 3320 3817 ἀπάθειαν
3351 3765 3602 3833 μετέστη-

2046 3873 2156 3909 σεν.
2214 3857 2395 3920 Ὅθεν,
2455 3875 2474 3907 ι
2504 3856 2893 3919 Καταὸέϐηκα,
2928 3875 2947 3907 ι
2998 3858 3133 3926 ἔφη·
3176 3856 3598 3928 αὑϐαιρετικῶς,

2046 3951 2233 4016 φησιν,
2269 3946 2367 4015 οὐχ
2411 3944 2783 4016 ὑπουργικιῖλς.
2833 3945 2992 3998 Καθὰ
3031 3946 3124 3999 καὶ
3156 3947 3213 3999 ἐν
3253 3947 3424 4017 ετέρῳ
3456 3946 3601 4016 μέρει

2043 4036 2239 4107 ὁμοίως
2264 4038 2483 4106 φάσκει·
2519 4053 2538 4087 ι
2583 4036 2724 4104 Ἐγώ
2749 4037 2864 4105 ειμι
2888 4038 2914 4088 6
2940 4036 3101 4105 ἄρτος
3122 4040 3149 4090 6
3174 4039 3238 4090 ἐκ
3266 4036 3360 4091 τοῦ
3384 4034 3601 4106 οὖρανοῦ

2045 4128 2288 4192 καταϐάς
2314 4147 2328 4161 ο
2360 4146 2378 4180 ι
2422 4128 2450 4181 ὃ
2474 4129 2644 4193 ἐστιν,
2674 4127 2736 4181 οὐ
2772 4128 3057 4198 πεμφθείς.

381 4209 499 4250 sum
528 4199 683 4257 nanis
708 4203 798 4257 oui
834 4205 899 4260 de
926 4208 1060 4261 ccelo
1091 4210 1372 4280 descendi;
1399 4233 1418 4265 ι
1447 4214 1497 4269 id
1528 4223 1628 4281 est,
1666 4233 1770 4273 non
1802 4221 1995 4276 missus
2026 4224 2101 4293 (6)
2131 4225 2227 4277 fui.

1007 4300 1157 4357 CAP.
1194 4304 1331 4360 X111.

451 4382 650 4440 Eodem
713 4402 871 4446 sensu
932 4396 1299 4463 accipiendum
1371 4410 1455 4455 est
1510 4402 1638 4458 illud
1689 4405 1932 4462 Psaltis:

2735 4319 2839 4372 ΕΦ.
2880 4319 2976 4372 11".

2682 4320 2839 4373 ΚΕΦ.
2880 4320 2976 4372 11".

2108 4410 2217 4463 Καὶ
2259 4426 2321 4465 το
2356 4410 2449 4465 τοῦ
2492 4410 2836 4482 Ψαλμῳδοῦ’
2890 4428 2910 4462 ι
2972 4410 3073 4463 Διὰ
3116 4410 3273 4464 τοῦτο
3318 4412 3496 4483 ἔχρισὲ
3546 4428 3596 4465 σε

387 4488 407 4522 ι
436 4471 557 4527 Ideo
572 4476 649 4545 (7)
687 4482 839 4535 unxit
866 4492 917 4537 te
953 4483 1090 4541 Deus
1120 4489 1259 4542 Deus
1292 4498 1413 4545 tuus
1452 4493 1572 4547 oleo
1603 4495 1800 4552 lzetitia:
1829 4514 1938 4567 prae

2110 4502 2166 4565 ὸς
2195 4505 2223 4555 6
2249 4502 2377 4566 Θεὸς
2412 4520 2501 4555 σου
2530 4471 2705 4556 ἔλαιον
2739 4502 3107 4570 ἀγαλλιάσεως
3133 4504 3282 4575 παρὰ
3314 4471 3438 4567 τοῦς
3472 4521 3594 4574 μετ-

378 4565 728 4635 participibus
758 4572 900 4639 tuis;
940 4592 959 4626 ι
1000 4586 1055 4630 ει
1092 4580 1233 4646 quod
1280 4580 1476 4650 legitur
1503 4586 1643 4652 apud
1675 4565 1935 4644 Joannem

2107 4609 2195 4654 ους
2249 4610 2340 4645 σου
2366 4609 2379 4622 ·
2425 4610 2443 4642 ι
2506 4593 2599 4645 καὶ
2648 4592 2709 4644 τὸ
2754 4594 2882 4662 παρ’
2920 4594 3137 4664 Ἰωάννῃ
3185 4596 3241 4646 ἐν
3294 4595 3595 4663 Εὑαγγελίῳ

379 4654 433 4709 in
463 4656 748 4728 Evangelio
777 4680 791 4717 :
830 4682 848 4715 ι
882 4665 1140 4738 Quem(8)
1170 4669 1325 4726 Pater
1350 4676 1723 4743 sanctilicavit,
1757 4690 1811 4735 et
1838 4682 1938 4736 nti-

382 4877 403 4947 ε
439 4860 618 4947 inanis
642 4866 783 4919 enim
812 4870 1028 4947 est_v_ita
1056 4887 1243 4947 mea,a
1280 4873 1513 4932 lortasse
1546 4894 1741 4935 nomen
1774 4881 1929 4947 illud,

375 4931 657 5008 6_§£o_g,‘in
688 4952 845 4990 causa
883 4938 1003 5005 fuit,
1031 4955 1129 4995 cur
1160 4931 1345 4998 isthmc
1373 4931 1928 5008 antecedentibus—1.1116

378 5003 556 5085 cita'tins‘
580 5004 842 5085 iungeret_
862 5003 1131 5085 librarius,
1160 5025 1258 5085 aut
1281 5014 1556 5085 Didymus.

451 5072 562 5160 (96)
599 5072 775 5160 Fgcia.
817 5077 1041 5160 Juniana
1088 5072 1250 5160 editio
1296 5072 1486 5160 habet,
1528 5091 1654 5159 ποιῇ
1699 5091 1926 5160 τοπρωϊ,

379 5142 431 5232 ιιι
461 5154 564 5206 εει,
598 5160 615 5192 ι
639 5142 1098 5232 facis‘diluculozi
1129 5142 1518 5232 pomplutensis
1543 5142 1690 5232 vere,
1728 5142 1927 5232 ποιήσῄ

2040 4683 2320 4749 κείμενον,
2349 4704 2367 4735 ‹
2401 4687 2495 4737 Ὃν
2521 4686 2549 4736 6
2578 4683 2765 4753 Πατὴρ
2793 4684 3008 4753 ἡγίασε,
3036 4687 3130 4738 καί
3156 4687 3469 4740 ἀπέστειλεν
3524 4686 3595 4746 εἰς

2102 4878 2365 4951 (99)ΫΕ90
2404 4884 2533 4937 vivo.
2576 4881 2736 4939 Joan.
2765 4899 2837 4948 vr,
2875 4884 2962 4937 57.

2099 4950 2176 5019 (t)
2212 4950 2324 5020 [ﬁgo
2347 4970 2483 5008 sunt.
2521 4953 2653 5008 Vide
2683 4952 2838 5008 Joan.
2866 4970 2980 5020 xxv,
3019 4953 3081 5020 6,
3107 4963 3161 5011 et
3187 4970 3284 5020 xu,
3314 4956 3403 5011 46.

2100 5020 2177 5084 (2)
2208 5019 2405 5075 Filius.
2433 5021 2589 5076 Joan.
2623 5038 2676 5081 ν.
2711 5023 2805 5077 21.

2207 5089 2319 5173 1:196
2349 5094 2612 5173 descendi...
2630 5091 2807 5173 Joan.
2841 5109 2933 5173 _vt,
2956 5094 3025 5149 58
3057 5105 3110 5149 et
3139 5094 3238 5173 _59_.
3547 5164 3557 5173 .

2099 5159 2273 5234 (4)11:
2305 5163 2802 5234 impassibilitatent.
2840 5163 2915 5217 De
2948 5180 3105 5219 sensu
3139 5166 3297 5234 hujus
3331 5180 3438 5221 IOCI
3479 5164 3585 5234 agi-

508 5214 735 5301 τοπρωῖ,
774 5215 825 5268 id
864 5229 1018 5297 681,}
1049 5218 1213 5277 facies
1249 5210 1416 5301 usque
1455 5228 1519 5301 ad

2107 5210 3105 5301 si....o'..*.'a.;.'{.;i;a'.timuit;
3137 5210 3198 5288 iii

379 5282 871 5368 (ιιιςιι,ρειιιιονροει⁸
917 5289 1077 5341 etiam
1110 5307 1207 5359 pro
1248 5282 1453 5363 κρίνεις
1498 5297 1661 5352 habet
1702 5302 1931 5368 κρινεῖς,

381 5350 430 5402 id
469 5358 569 5411 est,
600 5351 925 5417 «iudicabis.
954 5376 971 5407 ι

448 5420 560 5489 (97)
591 5418 888 5475 Peccatum.
917 5426 934 5478 Ι
968 5425 1109 5482 Petr.
1135 5447 1194 5496 ιι,
1224 5432 1312 5486 22.

451 5503 557 5573 (98)
592 5501 762 5586 Supra
804 5504 1055 5586 homines.
1084 5512 1283 5577 Codex,
1324 5502 1613 5585 ὑπερῖιῖον.
1663 5516 1786 5586 Legi
1819 5529 1931 5586 pot-

378 5585 461 5626 est
489 5590 606 5658 cum
650 5574 1096 5658 ὑπεράνθρωπον,
1124 5593 1215 5637 aut
1250 5574 1593 5658 potius't'rrép
1625 5574 1931 5658 ἄνθῇωᾶτον,

383 5654 489 5698 tum
518 5642 1008 5716 ὑπεράνθρώπινον.

2105 5297 2179 5367 (5)
2210 5298 2345 5374 Ego.
2382 5300 2538 5374 Joan.
2585 5316 2656 5365 vr,
2684 5301 2798 5374 _51.
2832 5297 3000 5358 Biblia
3027 5322 3040 5358 :
3068 5305 3097 5356 6
3122 5306 3284 5374 ἄρτος
3319 5306 3347 5358 6
3383 5304 3505 5370 ζῶν,
3539 5303 3585 5353 id

2032 5378 2135 5431 est,
2182 5386 2201 5419 ι
2227 5370 2377 5437 panis
2404 5370 2575 5437 vivus,
2607 5372 2717 5436 qui,
2742 5390 2761 5422 ι
2798 5384 2903 5425 etc.

2102 5439 2181 5505 (6)
2222 5438 2345 5491 Non
2368 5440 2576 5494 missus.
2613 5439 2814 5508 Nempe
2846 5440 3016 5497 instar
3054 5442 3257 5501 famuli.

2206 5519 2352 5574 Ideo.
2398 5520 2536 5575 Psal.
2595 5538 2742 5584 κων,
2777 5520 2809 5574 9
2842 5521 2977 5592 (sive
3022 5526 3093 5595 8).
3144 5526 3357 5582 Bihlia:
3401 5522 3579 5587 ὀΘεὺς

2040 5591 2067 5642 6
2087 5590 2218 5651 Θεός
2250 5607 2365 5644 σου.

2107 5662 2181 5729 (δ)
2226 5662 2411 5725 Quem.
2442 5659 2593 5716 Joan.
2635 5678 2686 5729 κ,
2723 5663 2807 5717 36.
