3716 6364
117 420 209 475 865
1156 418 1244 473 DE
1280 418 1656 473 TRINITATE
1696 417 1894 473 LIBER
1936 417 2252 476 TERTIUS.
3216 424 3321 478 866

108 538 266 611 ψυχῆς
294 556 405 605 σου,
443 540 536 595 καὶ
563 540 623 607 ἐξ
652 541 779 613 ὅλης
810 541 909 613 τῆς
957 541 1138 612 ίσχύος
1168 557 1283 603 σου,
1317 542 1410 594 καὶ
1443 541 1500 607 ἐξ
1527 540 1621 611 ὅλη

1805 541 1929 609 eris;
1964 560 1982 592 ›
2009 551 2061 595 et
2084 560 2097 594 :
2133 560 2152 594 ι
2175 539 2348 595 Nolite
2365 537 2478 610 (ἓὸ)
2504 538 2728 595 reddere
2755 539 2954 594 malum
2977 554 3076 610 pro
3098 539 3270 603 malo;
3296 558 3317 591 ι

109 629 196 698 τῆς
216 628 444 692 διανοίας
472 646 565 684 σου
588 647 602 660 ·
626 630 719 684 καὶ
747 629 840 683 τὸν
869 629 1098 699 πλησίον
1129 644 1224 680 σου
1253 627 1328 691 ὡς
1363 627 1625 680 σεαυτόν·;

1823 651 1888 687 ιι
1920 633 2236 701 Quicunque
2262 632 2373 703 (29)
2420 632 2612 687 fecerit
2661 631 2752 685 uni
2790 646 2857 686 ex
2912 632 2997 686 his
3042 630 3319 691 minimis.

109 720 211 783 xui,
243 738 259 771 ι
302 720 389 772 Ἐν
425 718 599 793 τούτῳ
622 720 918 790 γνώσονται
959 721 1179 786 πάντες,
1209 719 1290 772 ὅτι
1321 718 1443 786 ἐμοὶ
1477 717 1623 788 μαοη

1805 725 1875 779 ibi
1906 724 2061 788 fecit;
2090 743 2108 775 ι
2138 733 2225 779 et:
2260 742 2278 775 ι
2315 723 2469 778 Omni
2486 723 2597 792 (‘50)
2621 723 2821 792 petenti
2861 737 2889 775 a
2918 732 2990 786 te,
3022 722 3123 785 da;
3161 739 3179 771 ι
3226 730 3319 774 et:

106 810 184 863 ταί
212 812 346 874 ἐστε,
391 810 487 865 ἐὰν
524 811 771 880 ἀγαπᾶτε
809 811 1084 883 ἀλλήλους.
1117 828 1137 862 ι
1187 811 1295 864 Καὶ
1323 809 1436 872 πῶς
1465 808 1521 861 δὲ
1550 808 1625 861 oin

1805 815 1982 884 )iliges
2000 814 2110 885 (51)
2140 814 2418 868 Dominum
2441 816 2605 868 Deum
2634 821 2784 867 tuum
2806 812 2991 884 (59):»:
3010 820 3117 865 tota
3144 812 3323 865 anima

106 900 253 965 ἐστιν,
276 895 320 955 ὧ
345 903 608 974 αίρετικὲ,
647 902 850 972 ἀγαθὸς
886 904 980 957 ῐσα
1012 902 1091 973 τῷ
1136 901 1329 955 ἑαυτοῦ
1370 901 1565 973 Πατρὶ,
1590 902 1625 955 δι

1805 919 1835 959 a
1867 914 1923 959 et
1958 920 2025 960 ex
2080 907 2206 961 totis
2244 906 2447 960 viribus
2492 908 2595 959 tuis
2635 915 2690 960 et
2728 922 2793 960 ex
2834 915 2946 959 tota
2995 912 3173 958 mente
3206 914 3319 967 tua,

104 1009 159 1061 γε
184 992 346 1048 ταῦτά
375 1011 456 1047 σοι
488 994 697 1063 λέγοντι
728 993 1053 1065 συγγνώμην
1082 992 1228 1064 έχει;

1863 996 2167 1065 proximum
2228 1006 2374 1051 tuum
2436 998 2576 1052 sicut
2641 1006 2695 1051 te
2770 998 2980 1068 ipsum;
3012 1015 3029 1047 ›
3058 1006 3110 1049 et
3153 1013 3165 1049 :
3207 1012 3225 1045 ι
3262 992 3318 1047 In

104 1082 193 1136 hoc
207 1084 314 1154 (55)
344 1095 667 1154 cognoscent
698 1099 904 1150 omnes,
933 1086 1073 1155 quod
1112 1086 1213 1139 mei
1246 1084 1490 1155 discipuli
1522 1084 1672 1151 estis,
1696 1085 1739 1137 si
1769 1086 1988 1156 diligitis
2010 1089 2233 1143 invicem
2271 1089 2437 1161 (54).»
2462 1091 2740 1157 Quomodo
2771 1099 2972 1155 autem,
2992 1106 3024 1143 ο
3044 1086 3318 1150 hmretice,

101 1176 257 1229 bonus
310 1191 416 1230 non
477 1185 563 1231 est
623 1193 774 1248 aeque
842 1192 905 1232 ac
949 1177 1067 1247 ejus
1112 1177 1294 1245 Pater,
1334 1195 1456 1234 cum
1509 1179 1602 1233 tibi
1644 1179 1758 1232 haec
1787 1179 1985 1235 dicenti
2027 1184 2247 1253 parcat?

709 1269 864 1322 ΚΕΦ.
907 1270 1024 1337 ις’.

2267 1274 2431 1346 37o
2469 1274 2621 1330 CAP.
2661 1274 2799 1329 XVI.

157 1353 249 1406 Διά
274 1355 492 1409 πάντων
515 1355 917 1429 αίρεσιομαχεϊν
941 1359 1255 1427 ἐγνωκότες.
1274 1360 1366 1416 καὶ
1386 1358 1485 1432 τὴν
1513 1360 1625 1432 πρὸ

1822 1362 1954 1417 Cum
1995 1379 2093 1432 pro
2118 1379 2211 1419 sua
2246 1367 2433 1421 hmresi
2464 1368 2711 1421 omnibus
2738 1367 2910 1420 modis
2933 1364 3047 1436 (55)
3080 1378 3319 1434 pugnare

96 1447 342 1517 Τιμόθεον
371 1449 465 1502 τοῦ
498 1450 706 1503 Παύλου
732 1451 932 1523 φωνὴν,
956 1452 1054 1525 τὴν
1089 1452 1351 1522 λέγουσαν
1374 1470 1388 1484 ·
1424 1474 1442 1507 ί
1478 1454 1565 1525 Τῷ
1591 1454 1625 1507 δὲ

1806 1454 2069 1517 aluerint,
2100 1454 2251 1510 Pauli
2283 1471 2496 1526 quoque
2534 1462 2601 1510 ad
2648 1456 2986 1509 Timotheum
3032 1456 3317 1509 scribentis

96 1538 291 1607 βασιλεί
312 1540 421 1592 τῶν
450 1541 676 1607 αίώνων,
717 1542 997 1615 ἀφθάρτῳ,
1027 1546 1264 1617 ἀοράτῳ,
1300 1547 1445 1618 μόνῳ
1498 1546 1625 1617 σοφᾷ

1805 1542 2070 1595 ntentiam
2100 1559 2380 1613 perperam
2417 1545 2712 1614 accipiunt,
2755 1561 2873 1614 qua:
2903 1548 2978 1598 sic
3006 1560 3064 1599 se
3103 1544 3265 1597 habet
3296 1562 3314 1601 :

94 1629 197 1700 Θεῷ
226 1632 362 1702 τιμὴ
402 1634 496 1687 καὶ
538 1633 665 1701 δόξα
713 1636 791 1698 είς
825 1637 952 1699 τοὺς
990 1635 1213 1700 αἰῶνας.
1255 1638 1455 1709 Ἀμὴνο
1493 1656 1513 1690 ι
1549 1639 1625 1691 κα⁴

1805 1634 1928 1704 Regi
1953 1635 2064 1706 (56)
2095 1646 2272 1690 autem
2304 1636 2622 1691 saeculorum
2660 1635 3073 1706 incorruptibili,
3123 1636 3314 1689 invisi—

89 1725 198 1795 τὴν,
223 1744 241 1775 ‹
270 1724 450 1788 Μόνος
474 1725 609 1797 έχων
635 1726 949 1789 ἀθανασίαν,
978 1727 1093 1797 φῶς
1112 1728 1276 1781 οίκῶν
1295 1729 1625 1799 ἀπρόσιτονί

1806 1724 1864 1790 li,
1892 1724 1994 1779 soli
2018 1726 2263 1794 sapienti,
2286 1724 2394 1781 Deo
2420 1727 2595 1781 honor
2620 1737 2674 1781 et
2700 1728 2869 1792 gloria
2892 1726 2943 1780 in
2970 1724 3157 1779 saecula
3178 1725 3313 1795 ('57).

90 1816 175 1870 καὶ
204 1816 302 1887 τὴν
331 1819 389 1870 ὲν
435 1818 746 1890 Εὐαγγελίῳ
788 1819 1077 1890 κειμένηνο
1117 1840 1135 1873 ι
1175 1821 1290 1874 ’ῐνα
1334 1820 1619 1889 γινώσκωσ

1805 1830 1944 1879 nen;
1985 1833 2003 1867 ι
2047 1826 2097 1870 et
2144 1818 2281 1871 hanc
2338 1817 2497 1871 aliam
2544 1835 2559 1872 :
2614 1836 2632 1870 ι
2674 1818 2776 1884 Qui
2817 1818 2961 1873 solus
2989 1816 3100 1888 (58)
3156 1818 3318 1871 habet

90 1925 164 1968 σε,
195 1907 286 1960 τὸν
320 1908 480 1977 μόνον
514 1908 761 1979 ἀληθινὸν
785 1908 938 1972 Θεὸν,
966 1909 1062 1963 καὶ
1103 1909 1162 1963 ὃν
1193 1909 1513 1974 ἀπέστειλας
1543 1913 1615 1982 Ἰη

1805 1906 2220 1971 tmortalitatetn,
2266 1908 2441 1962 lucem
2493 1908 2744 1963 habitans
2790 1908 3252 1972 inaccessibilem;
3286 1925 3307 1959 ι

88 1997 203 2050 σοῦν
235 1998 501 2068 Χριστόνο
536 2018 555 2050 ι
595 1999 687 2053 καί¹
715 2000 813 2071 τὴν
839 1999 1253 2070 διαγορεύουσαν
1280 2001 1610 2073 προφητείαν
1628 2018 1641 2032 ’

91 2112 108 2143 ¢
142 2089 283 2158 Ἐγὼ
316 2091 558 2155 ἐξέτεινα
593 2089 730 2162 [176
763 2089 821 2162 b]
865 2090 954 2144 τὸν
997 2091 1221 2162 οὐρανὸν
1265 2093 1447 2162 μόνος·
1485 2111 1504 2143 ι
1547 2094 1646 2147 οὐκ

86 2186 156 2247 εἰς
190 2183 310 2237 δέον
333 2183 669 2252 ἐκδέχονταιο
698 2183 994 2251 φάσκοντες
1021 2184 1120 2253 τὴν
1151 2203 1168 2233 ι
1194 2183 1350 2253 μόνος
1379 2203 1397 2235 ι
1426 2184 1518 2237 καὶ
1548 2184 1646 2257 τὴν

89 2292 106 2323 ι
136 2272 390 2341 ἀληθινὸς
421 2272 552 2337 Θεὸς
584 2292 603 2323 ι
636 2271 778 2337 λέξιν
811 2274 884 2343 μὴ
920 2272 1263 2343 ἐπιδέχεσθαι
1302 2274 1578 2345 δευτέραν,
1609 2274 1643 2347 ἢ

83 2365 265 2435 τρίτην
304 2365 625 2426 ὑπόστασιν,
654 2364 798 2436 ἔχειν
834 2365 889 2417 δὲ
930 2364 1028 2436 τὴν
1068 2365 1344 2437 ἀναφορὰν
1371 2367 1450 2430 εἰς
1490 2368 1647 2438 μόνον

84 2457 165 2508 τὸν
208 2455 452 2526 Πατέρα.
497 2456 559 2507 Ἡ
595 2456 650 2508 δὲ
709 2475 727 2507 ι
764 2454 920 2525 μόνος
960 2474 975 2507 ι
1016 2457 1109 2509 καὶ
1158 2458 1273 2520 ἑνός
1316 2459 1430 2511 ἐστι
1480 2460 1644 2526 λέξις,

82 2546 267 2608 ὁσάκις
295 2544 366 2597 ἂν
401 2544 615 2615 εἴρηται
645 2544 736 2597 ἐπὶ
758 2545 857 2612 τῆς
880 2545 1108 2616 Τριάδος
1127 2548 1191 2617 τῇ
1222 2547 1431 2619 Γραφῇ,
1466 2549 1552 2603 διὰ
1588 2551 1647 2605 τὸ

80 2640 131 2691 ὲν
152 2640 346 2711 μονάδι
373 2638 623 2710 θεότητος
640 2640 903 2711 ὑπάρχειν
917 2641 1104 2712 αὐτὴν,
1131 2643 1225 2696 καὶ
1257 2661 1275 2693 ι
1305 2642 1601 2714 μοναρχίαν
1622 2663 1642 2696 ι

80 2733 215 2801 ἔχειν
246 2733 486 2801 εἴρηται.
515 2731 657 2802 Διδή
682 2732 943 2802 ταυτότης
977 2752 995 2783 ‹
1024 2732 1200 2802 μόνος,
1227 2751 1245 2784 ι
1274 2733 1305 2804 ἢ
1341 2733 1572 2803 ἐκείνης,
1612 2735 1645 2805 ἢ

78 2824 186 2894 ἅμα
213 2824 332 2876 τῶν
372 2823 487 2886 δύο,
532 2821 566 2895 ἢ
608 2823 716 2875 τῶν
756 2822 921 2894 τριῶν
969 2824 1250 2893 ἀχράντων
1302 2825 1648 2879 ύποστάσεων

80 2914 427 2984 μνημονεύει,
455 2913 488 2983 ἢ
514 2913 697 2984 χωρίς.
720 2916 840 2966 Ἔτι
869 2914 924 2966 δὲ
943 2913 1111 2977 οὕτως
1131 2915 1333 2987 ἐρρήθη
1363 2916 1497 2987 πρὸς
1518 2917 1645 2968 ἀντ-

1743 2003 1798 2051 et
1831 1996 1999 2061 illam,
2026 2012 2147 2067 quae
2168 2009 2251 2052 est
2279 1999 2332 2052 in
2366 1999 2652 2069 Evangelia
2677 2021 2688 2055 :
2720 2016 2738 2049 ι
2762 1998 2832 2053 Ut
2860 1999 3313 2070 cognoscant(39)

1718 2076 1798 2143 ἰο
1863 2090 2032 2145 solum
2087 2105 2273 2145 verum
2325 2092 2513 2156 Deum,
2554 2100 2608 2147 et
2650 2107 2810 2159 quem
2872 2091 3066 2145 misisti
3127 2091 3311 2146 Jesum

1744 2179 2056 2249 Christum;
2090 2199 2108 2233 ι
2150 2191 2204 2237 et
2231 2183 2499 2252 propheta:
2526 2184 2686 2237 verba
2721 2201 2735 2238 :
2774 2201 2793 2234 ι
2826 2184 2936 2253 Ego
2960 2181 3071 2254 (40)
3096 2184 3312 2235 extendi

1746 2272 1939 2326 malum
1980 2273 2188 2327 solus.»
2232 2274 2398 2328 Aiunt
2454 2275 2597 2329 enim
2642 2276 2865 2328 vocibus
2918 2296 2937 2325 ι
2983 2274 3148 2336 solus,
3190 2292 3208 2324 ι
3260 2282 3314 2326 et

1752 2380 1771 2415 ‹
1802 2379 1962 2419 verus
2000 2365 2162 2432 Deus,
2197 2385 2216 2418 ι
2256 2367 2568 2432 secundam,
2624 2377 2716 2420 aut
2744 2367 2952 2420 tertiam
2983 2365 3312 2436 hypostasim

1746 2456 1987 2523 excludi;
2050 2458 2246 2513 habere
2293 2468 2467 2513 autem
2532 2474 2625 2514 eas
2667 2474 2827 2513 voces
2882 2458 3192 2512 relationem
3246 2458 3312 2511 ad

1747 2547 1918 2601 solum
1949 2547 2183 2607 Patrem.
2218 2552 2285 2604 At
2315 2566 2443 2606 vero
2477 2567 2575 2605 vox
2608 2569 2627 2603 ί
2651 2552 2795 2605 solus
2825 2570 2844 2603 ι
2889 2552 3314 2621 quotiescunque

1748 2639 1910 2694 etiam
1941 2640 2007 2696 de
2038 2641 2301 2696 Trinitate
2330 2642 2383 2696 in
2414 2643 2708 2712 Scripturi-s
2739 2643 2953 2704 dicitur,
2991 2642 3055 2695 de
3085 2658 3191 2696 uno
3230 2641 3315 2695 di-

1748 2730 1909 2795 citur,
1953 2747 2017 2789 eo
2051 2734 2193 2802 quod
2238 2735 2351 2789 haec
2404 2736 2475 2789 sit
2510 2739 2562 2788 in
2619 2736 2823 2788 unitate
2878 2735 3092 2789 deitatis
3124 2752 3138 2786 :
3170 2736 3313 2789 unde

1748 2820 2031 2877 Trinitatis
2074 2824 2215 2876 dicta
2247 2833 2326 2877 est
2367 2842 2387 2876 ι
2417 2825 2754 2889 tnonarchia,
2784 2844 2803 2877 ι
2842 2826 2981 2893 quod
3018 2834 3123 2888 est,
3154 2827 3313 2879 unius

1748 2926 1998 2983 regnum,
2024 2914 2137 2970 sive
2163 2931 2266 2970 una
2302 2918 2638 2984 regnantium
2671 2917 2941 2984 maiestas.
2982 2916 3167 2984 Itaque
3200 2915 3313 2987 (41)

78 3004 321 3069 εξέτασιν
366 3005 474 3057 τῶν
511 3005 855 3074 καλουμένων
883 3005 1244 3074 ψευδωνύμων
1275 3006 1430 3068 θεῶν,
1458 3007 1625 3078 ὥσπερ

1805 3004 2007 3059 icabulo
2052 3023 2072 3057 ι
2124 3007 2270 3061 solus
2316 3026 2336 3059 ι
2379 3007 2658 3062 Trinitatis
2707 3008 2959 3062 identitas
3005 3008 3309 3074 denotatur,

76 3098 154 3149 ἀεὶ
176 3099 282 3167 τὴν
305 3097 585 3166 δαιμόνιον
619 3095 1035 3167 πολυκοιρανίαν
1075 3097 1344 3159 ἐκϐάλλει,
1378 3098 1643 3152 ἀκουσάν-

73 3203 202 3239 των·
246 3206 266 3237 ι
303 3186 432 3239 Θεοί
462 3188 616 3239 ἐστε·
653 3203 672 3236 ›
710 3186 794 3238 ἵνα
842 3187 1035 3256 μηκέτι
1078 3180 1227 3257 ὦμεν
1263 3187 1645 3257 δεδουλωμένοι

72 3276 169 3329 ὑπὸ
196 3275 403 3339 ταλαὰ,
458 3278 554 3330 καὶ
597 3277 938 3350 πολύμορφα,
992 3279 1084 3331 καὶ
1130 3279 1359 3350 τρεπτὰ,
1400 3280 1493 3333 καὶ
1532 3280 1647 3333 έτε-

76 3369 330 3439 ρόγνωμα
360 3371 621 3438 στοιχεῖα,
650 3370 744 3422 ἐπὶ
777 3370 875 3440 τὴν
907 3370 1160 3442 πορνείαν
1185 3370 1388 3442 ταύτην
1423 3371 1648 3443 σκορπί-

70 3459 256 3524 (om;
275 3461 346 3513 τὰ
367 3462 619 3532 νοήματα
644 3463 676 3532 ἡ
685 3462 820 3531 μῶν,
842 3462 983 3516 κατά
1003 3462 1091 3516 τὸν
1114 3462 1349 3532 λέγοντα
1364 3480 1376 3493 °
1410 3483 1429 3515 ε
1447 3464 1644 3536 Πρώτη

69 3553 313 3622 πορνεία,
368 3553 581 3606 ἐπίνοια
623 3552 875 3607 εἰδώλων.
912 3571 931 3606 ι
988 3553 1131 3626 Πρὸς
1166 3554 1396 3618 τούτοις,
1439 3557 1533 3609 καὶ
1563 3556 1645 3608 ὅτι

68 3644 159 3713 οὐχ
187 3643 460 3714 ἁρμόττει
492 3644 745 3714 κτίσματι
770 3643 974 3716 κυρίως
997 3648 1089 3698 καὶ
1116 3645 1236 3698 καθ’
1261 3644 1407 3711 ἆπαξ
1438 3648 1470 3716 ἡ
1508 3665 1525 3696 ι
1552 3648 1647 3715 μό-

69 3752 153 3798 νος
178 3753 201 3786 ι
236 3736 337 3789 καὶ
398 3735 515 3799 ἐνὸς
557 3735 721 3799 λέξις,
762 3733 841 3806 τῷ
888 3731 1028 3789 εἶναι
1073 3736 1321 3799 πάντων,
1357 3736 1389 3808 ἢ
1437 3736 1645 3790 πολλῶν

70 3825 179 3893 ἅμα
205 3825 398 3879 κοινόν
428 3843 506 3889 τι,
541 3826 627 3879 διὰ
657 3827 720 3880 τὸ
764 3828 940 3880 πάντα
991 3827 1134 3898 ἔχειν
1182 3827 1352 3881 πολλά
1387 3827 1646 3899 ὁμοούσια

69 3917 155 3967 καὶ
174 3915 432 3986 ὁμοειδῆ,
460 3916 536 3979 ὡς
562 3917 619 3971 ὲν
645 3916 724 3988 τῷ
763 3917 1338 3989 τεσσαρεσκαιδεκάτῳ
1370 3919 1646 3989 κεφαλαίῳ

68 4006 154 4059 τοῦ
184 4007 414 4078 πρώτου
444 4007 649 4079 ἐρρήθη
673 4009 851 4077 λόγου.
895 4008 959 4062 Ἦ
986 4009 1063 4073 δὲ,
1098 4027 1117 4061 t
1149 4009 1322 4073 Μόνος
1344 4008 1481 4081 ἔχων
1509 4010 1646 4064 ἀθα-

69 4098 279 4161 νασίαν,
313 4117 333 4149 ι
375 4100 469 4151 καὶ
498 4100 554 4169 ἡ,
592 4118 611 4150 ι
652 4100 893 4172 Ἀοράτῳ
933 4101 1078 4172 μόνῳ
1106 4100 1253 4172 σοφῷ
1276 4100 1415 4171 Θεῷ,
1446 4119 1465 4152 ι
1495 4100 1646 4172 φωνὴ

66 4188 305 4259 ἐγράφη,
341 4189 433 4242 διὰ
469 4189 532 4242 τὸ
556 4190 689 4262 μηδὲ
710 4190 768 4243 ἒν
799 4192 1000 4263 κτίσμα
1034 4192 1178 4263 ἔχειν
1206 4193 1298 4261 ἀφ’
1336 4191 1527 4245 ἑαυτοῦ
1554 4192 1646 4245 καὶ

66 4283 225 4335 παντὶ
277 4282 341 4335 τὸ
394 4281 661 4335 ἀθάνατον
732 4282 828 4336 καὶ
875 4283 1127 4355 ἀόρατον,
1166 4283 1261 4336 καὶ
1312 4282 1495 4353 σοφὸν,
1529 4283 1644 4337 ἀλλ’

1744 3104 1799 3153 et
1838 3100 1973 3151 hanc
2011 3097 2304 3166 Scriptura:
2336 3099 2645 3168 signiﬁcant
2668 3139 2683 3163 ,
2719 3101 2831 3153 sive
2877 3100 3126 3154 deitatem
3162 3114 3311 3153 eom-

1746 3195 2063 3249 memorent,
2106 3190 2219 3241 sive
2253 3187 2388 3242 duas
2422 3187 2579 3242 simul
2633 3201 2701 3241 ex
2742 3186 3150 3256 perfectissimis
3207 3186 3313 3241 illis

1746 3276 2150 3346 hypostasibus,
2198 3288 2290 3331 aut
2328 3293 2515 3333 omnes
2548 3289 2675 3342 tres,
2715 3287 2807 3331 aut
2838 3293 3079 3333 seorsum
3119 3278 3308 3348 singu-

1744 3365 1844 3421 las.
1868 3368 2133 3423 Praeterea
2167 3368 2294 3423 dum
2332 3369 2409 3424 sic
2445 3370 2678 3439 loquitur
2704 3369 2757 3423 in
2792 3369 2969 3424 a'llatis
2998 3369 3129 3424 locis
3164 3369 3314 3424 Scri-

1744 3467 1920 3523 ptura,
1978 3472 2072 3512 eos
2114 3459 2369 3526 respicit,
2419 3459 2509 3527 qui
2553 3457 2688 3513 falso
2736 3458 2989 3513 dicuntur
3035 3458 3156 3512 dii:
3205 3473 3310 3527 qua

1746 3546 1957 3602 ratione
1990 3549 2373 3604 daemoniacam
2418 3550 2710 3603 multorum
2750 3551 3167 3605 dominationem
3198 3550 3312 3621 (42)

1744 3649 1957 3707 semper
1992 3638 2245 3705 excludit,
2277 3648 2333 3695 et
2354 3638 2421 3693 ab
2456 3655 2518 3693 ea
2556 3656 2674 3704 nos,
2732 3641 2927 3710 quibus
2965 3642 3165 3695 dictum
3204 3652 3310 3707 est,

1749 3751 1768 3785 ι
1798 3731 1882 3785 Dii
1907 3730 2038 3786 estis
2056 3731 2191 3804 (45),
2240 3751 2261 3785 ι
2294 3733 2521 3799 avertit;
2580 3748 2645 3787 ne
2673 3733 2839 3787 simus
2883 3733 3177 3788 servientes
3200 3733 3313 3801 (44)

1744 3826 1844 3880 sub
1904 3825 2116 3880 miseris
2176 3822 2329 3894 (45),
2387 3830 2441 3878 et
2512 3822 2969 3889 multiformibus,
3026 3834 3080 3877 et
3134 3840 3312 3877 lllllla-

1744 3916 1963 3979 bilibus,
2020 3926 2075 3970 et
2114 3916 2451 3971 discordibus
2487 3914 2788 3980 elementis,
2821 3915 3172 3986 cogitationes
3212 3933 3313 3968 no-

1746 4019 1888 4063 stras
1921 4009 1973 4061 in
2008 4006 2109 4061 hac
2150 4006 2505 4060 fornicatione
2563 4006 2893 4074 dissipando,
2939 4005 3089 4073 juxta
3137 4005 3309 4067 illum,

1745 4100 1836 4170 qui
1876 4099 1988 4153 ait:
2028 4115 2049 4149 ς
2084 4097 2259 4152 Prima
2280 4094 2388 4168 (46)
2422 4095 2706 4151 fornicatio
2732 4105 2817 4150 est
2851 4097 3171 4165 excogitatio
3203 4097 3313 4148 ido-

1746 4190 1942 4246 lorum.
1974 4207 1993 4242 ι
2035 4188 2258 4259 Insuper
2295 4188 2346 4242 in
2395 4188 2618 4253 objectis
2662 4188 2894 4242 textibus
2941 4187 3060 4241 ideo
3105 4188 3184 4241 sic
3231 4187 3311 4239 lo-

1744 4284 1929 4354 quitur
1958 4281 2260 4353 Scriptura,
2292 4280 2419 4337 auia
2442 4294 2542 4335 vox
2589 4297 2609 4331 ι
2643 4278 2811 4345 solus,
2843 4296 2862 4330 ι
2901 4278 3044 4333 illius
3072 4280 3310 4347 proyria,

131 4502 252 4582 (9.8)
297 4501 519 4582 Nolite.
554 4501 854 4582 Rom.“x_t_t,
892 4502 967 4582 Π.
1008 4521 1021 4557 :
1071 4499 1270 4582 μηδεν)
1321 4498 1625 4582 κακδνΛάντ

1805 4504 1927 4582 ,(41)
1959 4503 2384 4582 Ῑιαιιιιεηϐοᾶβκ
2417 4504 2520 4559 hoc
2560 4505 2610 4556 in
2648 4503 2785 4566 loco,
2816 4516 2844 4582 a
2884 4514 3011 4555 voce
3035 4500 3115 4554 διό
3144 4517 3311 4582 usque

299 4570 854 4650 dqétbd_vssq_._Vjtle
899 4574 1063 4627 etiam
1106 4570 1315 4625 l'Pett‘.
1362 4585 1444 4637 ιιι,
1495 4570 1548 4637 9,
1590 4588 1619 4625 e

1805 4570 1877 4645 Ι’ὴ
1907 4570 2088 4650 χᾲρις,
2125 4577 2256 4629 adeo
2289 4575 2614 4650 depravatus
2652 4583 2756 4637 est,
2791 4579 2846 4627 ut
2867 4587 2995 4650 “non
3041 4586 3206 4650 pauca
3245 4579 3311 4624 de

64 4642 259 4697 Matth.
294 4659 348 4705 v,
379 4642 472 4705 59,
503 4643 594 4704 40,
633 4642 724 4700 41.
751 4641 840 4694 44.

130 4713 253 4782 (29)
297 4713 630 4782 Quicunque.
665 4712 851 4766 Matth.
885 4724 1010 4775 xxv,
1037 4709 1127 4765 40.
1154 4707 1385 4765 Sensum
1418 4707 1570 4763 citat.

129 4782 250 4851 (50)
293 4783 473 4835 Omni.
508 4782 640 4837 Luc.
673 4797 745 4846 vt,
782 4782 871 4851 '50.

132 4849 251 4919 (51)
297 4852 518 4920 Diliges.
555 4852 685 4904 Luc.
720 4866 778 4913 ι,
804 4849 895 4902 27.

130 4916 251 4989 (52)
300 4916 491 4974 Tuum.
538 4920 705 4974 Biblia
738 4921 825 4973 hic
853 4920 1054 4970 addunt
1087 4934 1101 4970 :
1130 4918 1187 4984 ἐξ
1225 4916 1352 4987 ὅλης
1378 4916 1476 4988 τῆς
1509 4933 1640 4988 καρ-

62 4992 179 5055 δίας
206 5008 331 5054 σου,
367 4992 552 5049 idest.
588 5007 608 5039 ‹
655 5006 719 5043 ex
753 5000 863 5043 toto
894 4990 1053 5041 corde
1090 5000 1199 5043 tuo.
1240 5005 1260 5037 ι

134 5064 253 5129 (55)
298 5060 364 5113 In
395 5060 513 5112 hoc.
543 5059 699 5112 Joan.
734 5074 855 5121 xm,
883 5057 970 5110 55.

302 5130 359 5184 Si
409 5131 635 5197 diligitis
684 5129 925 5201 invicem.
978 5126 1174 5201 [dragca
1233 5124 1400 5180 editio
1452 5125 1641 5179 eodem

58 5196 239 5255 seusu'
259 5220 277 5255 ;
306 5202 403 5270 έὲιν
426 5196 648 5270 ἀγάπην
680 5196 842 5267 έχητε
863 5199 933 5270 γέν
965 5197 1230 5270 ὀίλλήλοις.

130 5271 251 5338 (55)
300 5262 556 5324 Omnibus
602 5262 833 5338 'mod'is,
861 5269 919 5318 ln
976 5262 1338 5338 Graeco,__8t_<it
1401 5262 1639 5338 πάντων.

58 5334 145 5392 Ita
179 5334 500 5393 Alexander
546 5337 946 5391 Alexandrinus
1002 5347 1132 5390 toni.
1194 5335 1236 5390 ll
1284 5334 1639 5389 Conctliortmt

58 5425 181 5478 pag.
234 5410 329 5472 16,
359 5408 449 5461 ed.
494 5407 712 5462 Veneta:
742 5408 819 5478 ait
853 5425 866 5458 :
896 5404 981 5458 διὰ
1014 5405 1230 5459 πάντων
1271 5403 1541 5474 ἀνενδεὴς,
1591 5407 1641 5458 id

57 5477 160 5541 est,
192 5498 213 5530 ι
258 5479 458 5531 nullius
488 5478 645 5545 plane
675 5477 750 5531 rei
792 5478 1056 5545 indigens.
1090 5493 1109 5526 ι

125 5550 251 5616 (εδ)
293 5546 445 5618 nega;
480 5546 501 5600 1
534 5547 672 5618 Tim.
695 5561 748 5618 ίι,
783 5546 871 5599 t7.

123 5620 247 5685 (57)
286 5615 350 5669 In
370 5615 596 5671 secula.
626 5616 794 5669 Biblia
826 5634 838 5669 :
873 5633 892 5665 ‹
929 5616 980 5667 in
1015 5615 1204 5669 saacula
1238 5617 1571 5671 smculorutn.
1617 5636 1637 5669 ι

126 5691 253 5757 (58)
295 5686 398 5757 Qui
432 5690 595 5739 solus.
626 5685 647 5738 Ι
677 5685 818 5757 Titn.
852 5701 922 5750 νι,
954 5685 1037 5738 16.

125 5755 253 5827 (59)
294 5756 360 5827 ζιξι
388 5765 724 5825 cognoscant.
755 5755 909 5827 Joan.
940 5771 1071 5819 xvn,
1103 5755 1156 5809 5.

122 5825 257 5900 14οὶ
297 5825 429 5894 Ego.
466 5828 571 5881 lsa.
612 5842 760 5889 thv,
791 5826 881 5878 24.

1745 4640 1877 4698 meo'
1899 4640 2098 4698 addere
2156 4656 2248 4697 aut
2288 4644 2571 4699 immutare
2613 4653 2832 4695 coactus
2862 4640 3052 4694 fuerim
3082 4641 3138 4693 in
3178 4656 3302 4693 ver-

1743 4714 2042 4787 είοηςτιΡῖρ
2076 4716 2110 4787 ὴ
2147 4714 2309 4787 χάρις
2337 4713 2467 4787 ιβιςοΔ
2499 4714 2531 4784 ἢ
2569 4713 2757 4782 χωρίςο

1839 4784 1927 4853 42)
1969 4777 2257 4837 Μιιιίοὶἦιὴι
2329 4777 2758 4853 diminutionem.
2825 4777 3311 4853 Codexmendose

1746 4849 2147 4924 πολυκυρανίαν
2202 4870 2296 4919 pro
2343 4852 2783 4922 πολυκοιρανίαν.
2814 4849 3126 4924 _0pponitur
3181 4864 3307 4924 vero

1744 4922 1844 4975 ista
1876 4919 2217 4978 ttioitarcltizn.
2244 4924 2332 4976 Illa
2368 4919 2765 4976 multitudinem
2794 4920 3038 4981 deorum,
3068 4919 3181 4971 hzec
3214 4919 3304 4971 Dei

1743 4993 2002 5045 unitatem
2028 4993 2312 5060 signiﬁcat.

1814 5062 1926 5132 (45)
1969 5061 2055 5132 ῌίι
2078 5065 2221 5115 estis.
2257 5062 2398 5117 Psul.
2436 5078 2617 5125 LXXXI,
2641 5061 2711 5132 κϐ.

1814 5127 1925 5201 (44)
1966 5131 2280 5186 Servientes.
2313 5133 2386 5185 Ex
2409 5149 2495 5201 ep.
2532 5136 2596 5185 ad
2625 5131 2743 5201 G_:tl.
2774 5144 2845 5201 tv,
2875 5127 2928 5201 5,
2956 5127 3041 5201 ubi
3070 5127 3307 5201 legitur;

1752 5194 1889 5252 ’γπδ
1909 5194 2255 5273 ’τὰστοιχεῖα
2286 5202 2380 5255 τοῦ
2412 5194 2616 5272 κόσμου
2650 5198 2790 5273 ἦμεν
2821 5194 3221 5273 δεδουλωμένοι,
3257 5194 3312 5254 ἰαί)

1744 5281 1851 5333 est,
1881 5288 1900 5321 ‹
1937 5270 2036 5323 sub
2073 5269 2353 5326 elementis
2392 5269 2573 5325 mundi
2610 5269 2822 5325 eramus
2856 5269 3170 5321 servientes.
3214 5285 3231 5316 ι

1814 5340 1928 5412 (45)
1968 5340 2198 5394 Miseris.
2234 5342 2435 5405 Codex,
2462 5342 2530 5394 τὰ
2569 5341 2654 5395 λά.
2693 5342 2797 5412 Pro
2829 5338 2896 5392 λά
2931 5354 3034 5391 non
3064 5339 3182 5407 lego
3213 5336 3298 5412 λσΞί¹

1744 5407 1797 5462 id
1823 5407 1932 5471 est,
1970 5429 1988 5461 ι
2025 5411 2235 5477 lapidis,
2276 5430 2294 5461 ι
2329 5416 2449 5478 quia
2484 5413 2641 5463 ttitnis
2674 5411 2802 5463 dura
2837 5417 2981 5461 esset
3011 5422 3084 5478 ~(aa
3118 5410 3300 5478 teetio.

1744 5480 1848 5533 Sed
1886 5496 1982 5547 pro
2027 5475 2095 5532 τὰ
2130 5479 2197 5532 λά
2233 5475 2356 5549 lego
2375 5482 2570 5534 ταλαὰ.
2614 5481 2785 5533 Simili
2824 5482 2981 5531 modo
3008 5475 3203 5549 Paulus
3252 5475 3304 5549 in

1745 5549 1843 5616 Ep.
1867 5545 1933 5603 ad
1957 5550 2075 5603 Gal.
2108 5564 2180 5615 tv,
2210 5551 2266 5614 9,
2285 5545 2583 5614 huiusmodi
2608 5552 2893 5611 elementa,
2923 5562 3110 5614 nempe
3130 5545 3308 5616 ιιιιιιιὶτ

1742 5612 2108 5691 οότιιιιιιὶευε,
2151 5612 2306 5673 vocat
2344 5612 2543 5691 ἀσθενῆ
2600 5622 2692 5674 καὶ
2743 5617 2933 5687 πτωχὰ
2968 5612 3223 5685 στοιχεῖα,
3255 5612 3309 5665 id

1744 5701 1846 5750 cst,
1879 5707 1897 5738 ι
1936 5690 2145 5742 inﬁrma
2190 5699 2243 5744 et
2274 5704 2440 5758 egena
2467 5690 2751 5744 elementa.
2794 5707 2812 5740 ι

1817 5758 1928 5827 (46)
1972 5759 2174 5815 Prima.
2204 5753 2332 5826 Sap'.
2366 5775 2476 5820 xw.
2510 5761 2595 5813 12.
2630 5760 2795 5815 Biblia
2825 5772 2922 5828 pro
2948 5753 3137 5827 πρώτη
3169 5768 3311 5825 nop-

1749 5829 1865 5881 νεία
1894 5831 2089 5884 habent
2118 5830 2257 5900 ἁρχὴ
2291 5831 2560 5901 πορνείας.
