3716 6330
435 342 537 400 867

1662 336 1896 395 DlDYMl
1930 335 2399 394 ALEXANDRINI

3559 335 3645 390 868

436 465 529 532 qui
567 475 703 515 unus
731 461 823 527 sit,
848 468 1110 518 creatum
1147 463 1362 535 proprie
1397 470 1452 517 et
1475 457 1723 516 absolute
1752 474 1857 513 non
1880 473 1992 514 con-

2134 459 2389 529 εἰληφέναι
2425 459 2573 530 παρὰ
2611 457 2703 510 τοῦ
2736 456 3234 527 δημιουργήσαντος
3274 451 3429 517 Υίοῦ,
3459 452 3550 506 τοῦ
3585 455 3659 523 μό-

435 554 582 606 venit
617 569 634 606 :
668 562 754 608 est
793 554 938 613 enim
972 566 1219 612 creatura
1259 557 1387 625 quid
1417 556 1657 610 omnium
1686 555 1880 621 simul,
1918 561 2011 607 aut

434 641 723 697 multorum
779 659 1099 711 commune;
1139 646 1297 716 371
1338 646 1480 699 nulla
1532 653 1616 699 est
1655 646 1834 711 enim,
1891 660 2010 714 qua:

435 736 630 786 multas
673 748 777 788 non
814 735 1012 791 habeat
1048 736 1293 804 ejusdem
1344 752 1466 791 cum
1499 736 1613 807 ipsa
1667 736 2005 800 substantiae,

433 833 487 876 et
518 823 722 893 formae,
753 827 893 882 sicut
922 827 975 881 in
1028 844 1120 881 x'tv
1166 828 1342 897 capite
1386 829 1546 897 primi
1591 828 1857 882 sermonis
1898 827 2009 897 (aut

436 911 582 982 libri)
618 913 817 969 dictum
856 914 974 970 fuit.
1026 915 1194 970 Verba
1236 932 1363 971 vero
1404 917 1516 981 illa,
1563 935 1581 968 ι
1613 914 1773 970 Solus
1803 916 2009 970 habens

438 1003 912 1072 immortalitatem,
940 1027 959 1059 ι
987 1016 1039 1062 et
1062 1008 1147 1062 illa
1178 1026 1196 1059 ι
1221 1008 1612 1074 lnvisibili,soli
1637 1007 1866 1077 sapienti
1896 1006 2007 1077 (47)

441 1095 565 1163 Deo,
596 1116 615 1148 ι
660 1098 779 1153 ideo
840 1100 892 1153 in
956 1097 1237 1168 Scriptura
1287 1101 1429 1155 dicta
1483 1109 1645 1165 sunt,
1686 1100 1813 1169 quia
1864 1098 2009 1151 nulla

434 1196 680 1241 creatura
725 1188 888 1243 habet
924 1204 988 1244 ex
1031 1190 1205 1258 scipsa
1269 1200 1323 1244 et
1364 1189 1820 1261 omnimodeu8),
1852 1198 1911 1244 ut
1941 1189 2013 1245 sit

436 1275 847 1344 immortalis,et
880 1279 1186 1345 invisibilis,
1214 1292 1267 1334 et
1290 1282 1538 1350 sapiens;
1570 1281 1662 1335 sed
1696 1297 1725 1334 a
1765 1290 2009 1335 creatore

435 1365 591 1431 Filio,
622 1371 711 1439 qui
751 1371 895 1425 solus
938 1372 1095 1426 modo
1129 1374 1362 1441 quodam
1394 1375 1552 1429 unico
1587 1388 1707 1428 cum
1742 1373 1925 1437 Patre,
1956 1383 2010 1429 et

2116 568 2220 613 νως
2265 552 2359 603 σὺν
2414 551 2589 622 Πατρὶ
2631 549 2723 601 καὶ
2776 547 3052 617 Πνεῦματι
3106 546 3443 617 ὑπάρχοντος
3501 544 3662 603 ταῦτα,

2117 641 2349 713 ὓπαρξιν
2385 642 2684 705 ἀθανασίας
2733 642 2826 693 καὶ
2870 638 3170 711 ἀορασίας’
3212 637 3288 699 ὡς
3316 636 3527 689 Παῦλον
3556 637 3660 705 79i-

2117 749 2236 801 φειν
2267 732 2572 802 Κορινθίοις
2612 731 2675 785 τὸ
2716 731 2931 801 πρῶτον
2955 747 2968 761 ο
3010 750 3027 781 ι
3057 730 3121 782 Τί
3159 728 3215 781 δὲ
3246 726 3369 798 [177
3416 725 3471 795 a]
3528 726 3659 795 ἔχεις,

2114 824 2142 877 ὃ
2169 824 2268 876 οὐκ
2303 823 2528 889 ἐλαϐες;
2560 825 2624 876 Ei
2658 824 2715 876 δὲ
2754 822 2967 887 ἔλαϐες,
3007 822 3059 873 τί
3094 820 3365 889 καυχᾶσαι
3394 817 3469 880 ὡς
3498 818 3571 885 μὴ
3591 816 3661 869 λιι-

2114 915 2258 981 6ών;
2294 935 2311 967 ι
2343 917 2452 969 Καὶ
2485 916 2573 970 διὰ
2592 915 2749 969 τοῦτο
2780 914 2914 985 μηδέ
2938 913 3038 974 τὰς
3064 912 3238 977 λέξεις
3264 909 3467 970 ταύτας
3494 907 3662 977 κυρίως

2117 1009 2349 1081 πρέπειν
2392 1010 2676 1080 ποιήματι.
2713 1008 2868 1060 Ἔστι
2908 1007 3019 1076 γὰρ
3064 1004 3256 1076 θνητὸν
3337 1002 3589 1071 δυνάμει,
3622 1001 3664 1051 τὸ

2120 1102 2194 1172 μὴ
2224 1100 2344 1171 έχον
2372 1101 2583 1155 οἴκοθεν
2618 1101 2677 1154 τὸ
2702 1100 2989 1162 ἀθάνατον,
3018 1097 3153 1151 ἀλλά
3181 1096 3275 1149 καὶ
3299 1094 3605 1162 δυνάμενον,
3631 1110 3665 1141 ει

2119 1192 2331 1264 θελήσοι
2360 1193 2522 1262 τυχὸν
2554 1194 2583 1246 6
2611 1193 2862 1263 ποιήσας,
2897 1189 2993 1243 καὶ
3012 1189 3075 1241 τὸ
3102 1184 3523 1253 ἀποσϐεσθῆναι,
3554 1182 3665 1233 καθὰ

2116 1285 2173 1335 ἐν
2214 1284 2532 1356 Εὐαγγελίῳ
2562 1280 2746 1337 εἶπεν·
2798 1302 2815 1334 ι
2843 1280 3119 1351 Φοϐήθητε
3158 1279 3216 1331 δέ
3260 1276 3461 1348 μᾶλλον
3493 1274 3581 1327 τὸν
3606 1274 3666 1325 δυο

2114 1378 2343 1448 νάμενον
2375 1378 2551 1449 ψυχὴν
2588 1376 2677 1429 καὶ
2704 1373 2864 1445 σῶμα
2885 1371 3147 1426 ἀπολέσαι
3171 1373 3227 1423 ἐν
3256 1368 3471 1438 γεέννῃ.
3502 1384 3520 1415 ι

436 1457 638 1527 Spiritu
681 1470 765 1515 est
798 1462 933 1528 haec,
961 1465 1165 1532 accepit
1195 1477 1253 1519 ut
1308 1465 1594 1520 exsisteret
1634 1462 1956 1521 immortalis
1983 1476 2037 1519 et
2074 1467 2392 1524 invisibilis:
2430 1470 2566 1524 adeo
2605 1476 2662 1521 ut
2704 1464 2903 1519 Paulus
2944 1464 2997 1517 in
3064 1462 3235 1532 prima
3277 1460 3345 1514 ad
3390 1458 3667 1513 Corinthios

434 1555 679 1609 scribat:
731 1573 750 1606 ‹
778 1554 914 1618 Quid
950 1564 1127 1609 autem
1159 1555 1270 1627 (49)
1312 1558 1478 1612 babes
1522 1556 1681 1627 quod
1724 1572 1827 1611 non
1873 1557 2161 1626 accepisti?
2227 1558 2283 1614 Si
2328 1569 2506 1614 autem
2547 1555 2827 1626 accepisti,
2869 1553 2999 1624 quid
3060 1553 3309 1624 gloriaris
3374 1551 3531 1620 quasi
3584 1566 3663 1601 non

434 1647 749 1718 acceperis?
787 1667 806 1699 ι
857 1646 1032 1717 Atque
1073 1648 1141 1703 ob
1196 1650 1335 1703 hanc
1392 1652 1654 1704 rationem
1706 1650 1787 1704 ha:
1836 1663 1997 1703 voces
2036 1652 2250 1720 proprie
2278 1666 2344 1706 ne
2369 1650 2696 1707 conveniunt
2720 1647 2934 1717 quidem
2965 1654 3249 1699 creaturae.
3329 1642 3483 1709 Quod
3546 1642 3661 1693 enim

435 1742 500 1796 de
537 1756 635 1796 suo
667 1757 770 1796 non
798 1741 960 1796 habet
1017 1740 1499 1803 immortalitatem,
1538 1742 1775 1809 potentia
1842 1742 2067 1796 mortale
2103 1751 2219 1809 est;
2257 1743 2385 1812 quin
2431 1744 2594 1797 etiam
2627 1747 2823 1812 potest,
2855 1737 2901 1793 si
2952 1736 3091 1792 forte
3129 1734 3360 1789 voluerit
3414 1733 3663 1791 Conditor,

433 1836 724 1905 exstingui,
762 1837 911 1905 juxta
976 1837 1050 1902 id,
1083 1837 1227 1906 quod
1273 1836 1324 1893 in
1358 1836 1649 1908 Evangelio
1709 1838 1901 1909 legitur
1934 1856 1947 1893 :
1978 1858 1996 1891 ι
2023 1841 2231 1895 Timete
2254 1841 2365 1912 (50)
2427 1852 2606 1897 autem
2650 1841 2822 1911 magis
2878 1855 3025 1905 eum,
3065 1836 3159 1906 qui
3202 1845 3379 1905 potest
3417 1849 3604 1905 corpus
3626 1842 3666 1889 et

434 1929 669 1985 animam
704 1934 929 1999 perdere
965 1931 1019 1985 in
1054 1931 1321 2000 geheuna.
1351 1948 1369 1981 ι

505 2020 640 2076 Cum
677 2023 790 2077 haec
826 2023 898 2076 ita
931 2038 989 2078 se
1030 2024 1282 2087 habeant,
1317 2021 1452 2077 nihil
1488 2022 1760 2091 prohibet,
1799 2024 1992 2092 quomi'

2180 2020 2396 2075 Τούτων
2416 2019 2587 2083 οὔτως
2614 2018 2863 2090 ἐχόντων,
2882 2017 3033 2070 οὐδὲν
3052 2013 3285 2069 κωλύσει
3311 2013 3450 2084 πρὸς
3474 2013 3664 2065 πλείονι

434 2127 535 2165 nus
595 2110 660 2163 ad
714 2111 973 2179 majorem
1034 2111 1295 2165 doctrina:
1335 2112 1771 2181 perspicuitatem
1824 2128 2019 2166 unum-

434 2201 684 2270 quodque
715 2200 1007 2269 capitulum
1050 2201 1399 2269 peculiariter
1434 2216 1846 2271 persequamur.
1878 2200 2012 2257 lllud

434 2308 603 2364 ergo,
645 2294 821 2363 (Regi
876 2292 1190 2349 saeculorum
1236 2294 1671 2362 incorruptibili,
1720 2292 2017 2359 invisibili,

442 2385 541 2438 soli
603 2385 856 2458 sapienti,
920 2386 1104 2448 Deo,»
1165 2384 1382 2454 scripsit
1446 2384 1669 2448 Paulus,
1730 2392 2018 2455 postquam

436 2476 603 2530 multa
648 2480 796 2547 prius
830 2478 1097 2531 mundana
1142 2487 1493 2533 enarraverat
1538 2479 1589 2533 in
1640 2478 1914 2548 Epistula;
1961 2487 2018 2533 et

436 2568 523 2622 illa
562 2572 742 2623 omnia
773 2570 1085 2639 respiciens,
1124 2585 1243 2640 quae
1271 2572 1566 2635 enarravit,
1600 2586 1666 2625 ea
1698 2571 1859 2626 verba
1893 2571 2021 2626 sub-

427 2660 645 2728 junxit,
708 2672 765 2714 ut
841 2660 1186 2716 manifestum
1261 2663 1365 2716 erit
1426 2662 1715 2730 unicuique
1772 2660 2021 2730 Epistolas

435 2768 652 2807 sensum
688 2753 1006 2805 attendenti.
1056 2750 1192 2805 lllud
1236 2768 1383 2817 vero,
1419 2771 1437 2803 ι
1474 2752 1633 2807 Solus
1677 2753 1881 2808 habens
1917 2753 2021 2807 im-

435 2844 815 2897 mortalitatem
838 2882 853 2905 ,
881 2843 1050 2897 lucem
1096 2843 1344 2898 habitans
1382 2844 1808 2898 iuaccessibilem
1835 2884 1850 2910 ,
1882 2863 1901 2896 ι
1939 2859 2021 2899 re-

438 2934 546 2989 late
591 2936 657 2989 ad
693 2944 995 2989 creaturam
1020 2936 1256 3004 scripsit,
1292 2944 1350 2991 ut
1379 2937 1579 2990 dictum
1609 2946 1720 3002 est;
1761 2952 1882 2991 nam
1914 2937 2019 2991 vita

436 3037 662 3090 aeterna,
712 3036 767 3082 et
812 3027 1317 3096 incorruptibilitas,
1360 3039 1443 3082 est
1491 3028 1891 3084 immortalitas.
1942 3029 2021 3084 Ac

2120 2113 2388 2185 εὐμαθίαν
2436 2112 2665 2165 ἕκαστον
2718 2109 3028 2174 ἰδιαζόντως
3072 2106 3472 2176 ἐξεργάσασθαι
3514 2105 3663 2174 ῥητόν.

2119 2204 2193 2256 Τὸ
2244 2204 2342 2273 μὲν
2369 2197 2492 2265 οὖν,
2532 2220 2550 2252 ι
2604 2199 2694 2271 Τῷ
2727 2199 2938 2270 βασιλεῖ
2970 2198 3079 2249 τῶν
3116 2196 3328 2250 αἰώνων
3350 2235 3363 2255 ,
3406 2194 3660 2263 ἀσθάρτις,

2120 2295 2367 2366 ἀοράτῳ,
2418 2291 2564 2363 μόνῳ
2616 2289 2764 2360 σοφῷ
2811 2288 2929 2358 Θεῷ
2966 2308 2982 2340 ι
3022 2285 3249 2357 ἔγραψε,
3296 2285 3467 2337 πολλὰ
3506 2283 3665 2353 προδι-

2119 2386 2473 2457 ηγησάμενος
2526 2382 2764 2453 κοσμικὰ
2809 2384 2867 2434 ἐν
2922 2384 2985 2451 τῇ
3039 2380 3356 2448 Ἐπιστολῇ,
3410 2378 3507 2430 καὶ
3557 2378 3666 2426 κατὰ

2121 2480 2303 2550 πάσης
2334 2480 2440 2549 τῆς
2488 2477 2790 2547 διηγήσεως
2828 2472 3124 2542 ἐπαγαγὼν
3172 2472 3363 2533 τοῦτο,
3416 2471 3491 2533 ὡς
3543 2471 3669 2521 ἔσται

2123 2573 2291 2642 σαφὲς
2321 2570 2484 2624 παντὶ
2521 2569 2599 2640 τῷ
2629 2570 2947 2638 προσέχοντι
2978 2570 3043 2636 τῆ
3084 2566 3262 2636 ἐννοίᾳ
3302 2564 3401 2635 τῆς
3447 2564 3665 2616 Ἐπιστο-

2121 2664 2238 2735 λῆς.
2271 2663 2346 2715 Τὸ
2386 2663 2464 2729 δέ,
2517 2681 2535 2714 ι
2590 2661 2767 2723 Μόνος
2810 2660 2949 2729 ἔχων
2998 2658 3320 2721 ἀθανασίαν,
3361 2655 3479 2725 ιεὼς
3534 2655 3667 2707 sixth

2120 2757 2441 2827 ἀπρόσιτον,
2482 2773 2500 2806 ι
2543 2754 2619 2817 ὡς
2655 2752 2791 2825 πρὸς
2820 2752 2918 2822 τὴν
2954 2752 3131 2804 κτίσιν
3174 2749 3491 2810 ἐπέστειλε,
3552 2748 3667 2799 καθὰ

2122 2847 2356 2919 εἴρηται.
2395 2847 2459 2899 Ἡ
2489 2845 2595 2916 γὰρ
2626 2844 2845 2905 αἰώνιος
2874 2843 3009 2914 ζωὴ,
3044 2844 3138 2895 καὶ
3169 2842 3203 2911 ἡ
3236 2840 3539 2910 ἀφθαρσία,
3565 2838 3672 2891 ἀθα-

2125 2939 2286 2993 νασία
2340 2937 2457 2991 ἐστί
2481 2954 2496 2968 ο
2525 2936 2621 2990 καὶ
2650 2937 2683 3005 ἡ
2722 2954 2739 2987 ι
2771 2934 3015 3004 ἀλήθεια,
3053 2952 3072 2985 ι
3110 2934 3203 2986 καὶ
3241 2952 3258 2983 ι
3300 2932 3467 3000 σοφία
3503 2950 3522 2980 ι
3554 2928 3674 2991 λέξις

2126 3030 2440 3098 ίσοδυναμεῖ
2472 3026 2546 3097 τῷ
2588 3044 2608 3079 ι
2651 3024 2892 3097 ἀληθινῷ
2933 3045 2952 3078 ι
2987 3025 3082 3078 καὶ
3121 3042 3140 3076 ι
3191 3024 3339 3093 σοφῴ
3376 3042 3399 3075 ι
3456 3024 3672 3093 ῥήματι·

438 3119 721 3185 vocabula,
773 3120 1039 3184 (veritas,
1073 3138 1093 3170 ι
1152 3129 1206 3174 ει
1260 3121 1636 3188 «sapientia,»
1696 3120 1992 3190 :equivalen

2134 3120 2377 3187 καθάπαξ
2423 3120 2479 3172 δὲ
2504 3118 2677 3173 ταῦτά
2707 3122 2823 3171 ἐστι
2860 3117 3019 3187 μόνου
3081 3114 3216 3169 Θεοῦ
3238 3132 3249 3144 ·
3280 3114 3673 3185 μεμαρτύρηται

437 3210 710 3266 vocabulis
746 3229 764 3262 ι
794 3226 970 3275 verus,
1004 3230 1020 3262 ι
1058 3222 1112 3266 et
1148 3231 1165 3264 ι
1197 3211 1441 3283 sapiens;
1479 3231 1498 3264 ι
1549 3213 1665 3267 ιιωο
1708 3224 1887 3267 autem
1922 3213 2019 3267 ab-

436 3306 610 3357 solute
661 3318 725 3356 ac
761 3304 1079 3371 simpliciter
1122 3314 1248 3357 sunt
1274 3304 1442 3360 solius
1470 3304 1597 3370 Dei;
1636 3301 1831 3359 Filium
1866 3318 2019 3365 vero,

2121 3214 2179 3267 δὲ
2214 3212 2386 3266 ταῦτα
2423 3207 2561 3264 εἶναι
2590 3213 2618 3263 ὁ
2654 3211 2783 3273 Υἱὸς
2814 3210 2909 3262 καὶ
2932 3210 2993 3262 τὸ
3023 3208 3177 3277 ἅγιον
3210 3206 3461 3275 Πνεῦμα.
3494 3204 3590 3258 Καὶ
3617 3206 3674 3266 εἰ,

2124 3304 2312 3375 ὥσπερ
2361 3303 2389 3355 6
2429 3301 2620 3372 Πατὴρ
2664 3301 3014 3372 δημιουργεῖ,
3054 3297 3287 3367 ἁγιάζει,
3336 3297 3541 3350 δικαιοῖ
3598 3312 3674 3346 xz:

435 3406 489 3450 et
522 3396 779 3465 Spiritum
811 3404 1056 3448 sanctum
1098 3395 1214 3449 haec
1243 3409 1383 3460 esse,
1419 3396 1744 3464 sapientiam
1796 3409 1991 3465 nempe

2134 3397 2361 3450 θεοποιεῖ
2402 3396 2529 3460 τοὺς
2559 3394 2699 3467 πρὸς
2728 3394 2821 3458 οὒς
2854 3394 3083 3463 γίνεται,
3115 3392 3204 3445 τὸν
3236 3390 3350 3443 ἴσον
3373 3390 3575 3461 τρόπον
3595 3388 3676 3439 καὶ

434 3505 497 3542 ac
518 3489 823 3550 veritatem,
849 3494 1112 3540 testantur
1143 3486 1460 3556 Scripturae.
1480 3487 1557 3541 Ac
1580 3488 1649 3548 si,
1671 3488 2023 3556 quemadmo-

2122 3492 2151 3544 6
2188 3487 2522 3560 Μονογενὴς,
2567 3486 2663 3540 καὶ
2706 3486 2772 3538 τὸ
2796 3484 3021 3555 Πνεῦμα
3061 3482 3155 3536 τοῦ
3189 3481 3326 3535 Θεοῦ
3374 3484 3551 3534 ποιεῖ’
3595 3498 3677 3531 κν·

435 3581 560 3633 dum
614 3577 773 3631 Pater
813 3587 983 3639 creat,
1039 3576 1365 3642 sanctiﬁcat,
1404 3575 1665 3644 justilicat
1712 3585 1766 3628 et
1808 3576 1992 3629 deiﬁca

2134 3582 2256 3652 ρίως
2294 3580 2402 3651 ἄρα
2432 3577 2509 3650 τῷ
2539 3596 2597 3631 τε
2633 3576 2767 3648 Υἱῷ,
2814 3576 2891 3648 τῷ
2920 3592 2982 3629 τε
3011 3573 3287 3645 Πνεύματι
3315 3570 3411 3625 τοῦ
3451 3569 3581 3624 Θεοῦ
3608 3568 3673 3632 τὸ,

434 3685 527 3725 eos
591 3671 658 3723 ad
693 3684 829 3737 quos
865 3668 1031 3731 venit,
1067 3668 1256 3721 eodem
1297 3669 1455 3721 modo
1483 3667 1649 3721 etiam
1678 3665 2020 3739 Unigenitus,

432 3774 489 3818 et
525 3762 757 3830 Spiritus
800 3760 891 3814 Dei
927 3761 1038 3813 haec
1084 3758 1248 3823 facit;
1289 3758 1505 3828 pr0prie
1537 3772 1668 3828 ergo
1709 3773 1829 3813 cum
1858 3756 2020 3822 Filio,

434 3866 544 3909 tmn
579 3855 802 3925 Spiritui
833 3853 925 3907 Dei
970 3853 1293 3907 convenient
1338 3852 1561 3906 nomina
1590 3852 1702 3916 illa,
1740 3868 1759 3902 ι
1793 3850 1961 3918 solus,
1994 3870 2013 3903 ι

432 3960 489 4004 et
525 3970 541 4000 ι
570 3966 747 4013 verus,
774 3968 793 3999 ι
829 3958 883 4001 et
927 3966 945 3998 ι
970 3948 1208 4015 sapiens,
1243 3964 1262 3997 ι
1315 3958 1372 4001 et
1417 3945 1751 4000 «invisibilis
1792 3945 1956 4011 Deus,
1995 3964 2014 3997 ι

433 4054 489 4095 et
522 4061 540 4092 ι
565 4042 711 4095 solus
742 4041 944 4093 habens
984 4038 1466 4103 immortalitatem,
1502 4056 1521 4089 ι
1568 4039 1835 4107 quomodo
1883 4053 2008 4092 con-

439 4133 665 4186 veniunt
697 4130 844 4184 Patri
874 4146 887 4183 :
925 4128 1199 4198 similique
1240 4128 1451 4182 ratione
1483 4129 1585 4197 ipsi
1614 4130 1901 4183 conveniet
1933 4129 2016 4182 lo-

436 4235 533 4275 cus
587 4224 749 4275 etiam
797 4222 1123 4291 Scriptum,
1180 4221 1232 4273 in
1288 4235 1397 4290 quo
1432 4220 1594 4290 372
1635 4222 1701 4274 de
1729 4219 2017 4290 Unigenito

436 4313 673 4365 dicitur:
714 4330 731 4362 ι
774 4309 871 4364 Hic
917 4318 999 4363 est
1030 4309 1141 4379 (5i)
1176 4310 1319 4364 Deus
1358 4320 1561 4373 noster,
1602 4324 1707 4363 non
1740 4312 2014 4381 reputabi-

436 4415 524 4457 tur
558 4403 696 4456 alter
728 4404 779 4456 iu
823 4403 1229 4471 comparatione
1262 4402 1423 4458 illius.
1461 4421 1480 4453 ι
1518 4402 1726 4469 Quibus
1755 4404 1897 4465 enim
1930 4418 2016 4458 re-

437 4494 562 4556 bus,
582 4501 639 4545 ut
662 4491 733 4545 ita
761 4490 971 4559 loquar,
987 4491 1150 4546 Pater
1180 4489 1359 4544 diﬂ‘ert
1387 4507 1415 4544 a
1450 4500 1721 4554 creatura,
1753 4491 1818 4546 iis
1839 4494 2015 4546 omni-

436 4585 534 4637 bus
575 4583 738 4637 etiam
782 4583 981 4649 Filius,
1029 4591 1085 4639 et
1137 4581 1370 4651 Spiritus
1408 4581 1504 4635 Dei
1549 4578 1802 4637 similiter
1838 4582 1907 4637 ab
1951 4598 2012 4637 ea

434 4674 634 4729 diii‘ert.
679 4674 814 4730 Nam
855 4674 1125 4744 quomodo
1155 4673 1303 4729 solus
1324 4672 1486 4727 Pater
1514 4686 1575 4725 ea
1608 4688 1727 4742 qua:
1754 4674 2006 4737 diximus,

435 4766 636 4821 habere
661 4765 881 4836 potest?
910 4769 957 4821 si
984 4781 1110 4821 vera
1137 4774 1265 4820 sunt
1286 4778 1406 4832 quae
1433 4763 1500 4818 de
1536 4763 1695 4827 Filio,
1730 4776 1783 4818 et
1806 4762 2009 4834 Spiritu

433 4867 621 4910 sam-to
654 4858 730 4909 ait
762 4855 1065 4925 Scriptura,
1095 4870 1158 4911 ac
1186 4855 1229 4911 si
1260 4870 1446 4910 verum
1487 4862 1573 4908 est
1600 4854 1730 4909 illud
1762 4873 1775 4908 :
1813 4874 1831 4906 ι
1862 4856 2013 4911 Sicut

434 4945 596 4999 Pater
624 4946 788 4999 vitam
829 4946 1011 5011 habet,
1060 4946 1138 4999 sic
1177 4945 1325 5000 dedit
1358 4945 1498 5000 Filio
1526 4946 1691 5000 vitam
1732 4947 1949 5010 habere,
1984 4964 2003 4999 ι

433 5047 490 5088 ut
520 5036 753 5106 capitulo
797 5037 960 5091 etiam
1003 5038 1251 5106 proxime
1294 5036 1539 5104 sequenti
1572 5037 1830 5092 dicemus.
1876 5038 2009 5094 illud

434 5142 582 5190 vero,
633 5144 652 5178 ι
688 5126 754 5180 Ut
792 5138 1117 5197 cognoscant
1166 5138 1217 5182 te
1262 5127 1435 5183 solum
1482 5141 1670 5180 verum
1719 5129 1908 5192 Deum,
1952 5138 2006 5184 ct

432 5230 590 5283 quem
650 5216 838 5269 misisti
897 5214 1078 5270 Jesum
1132 5215 1446 5281 Christum,
1504 5236 1523 5268 ι
1588 5218 1781 5271 Filium
1841 5220 2001 5274 simul

430 5307 855 5376 comprehendit,
881 5316 936 5361 et
971 5308 1233 5377 aequalem
1271 5309 1507 5363 ostendit
1534 5307 1701 5373 Patri,
1733 5324 1857 5363 cum
1894 5325 2002 5377 quo

500 5439 611 5508 (47)
653 5439 767 5493 Soli
815 5442 1059 5509 sapienti.
1121 5441 1176 5495 In
1234 5440 1372 5495 libro
1424 5440 1499 5494 De
1554 5439 1755 5505 Spiritu
1814 5453 1992 5495 sancto

429 5526 555 5566 num
606 5510 698 5574 ‘il,
736 5512 923 5563 eodem
979 5513 1138 5564 modo
1182 5513 1293 5564 hac
1328 5512 1477 5564 Pauli
1518 5513 1677 5563 verba
1710 5512 1987 5577 explicat:

429 5583 507 5633 ait
538 5580 682 5633 enim
720 5594 735 5632 :
770 5580 909 5633 Deus
942 5595 1071 5634 vero
1105 5596 1211 5634 non
1250 5582 1469 5634 alterius
1508 5582 1783 5646 sapientia:
1824 5583 1993 5649 parti-

427 5651 714 5717 cipatione,
770 5664 946 5719 neque
1001 5650 1212 5703 aliunde
1255 5653 1469 5718 sapiens
1516 5650 1773 5713 ell'ectus,
1819 5652 1994 5706 dictus

427 5730 509 5773 est
546 5738 565 5769 ι
604 5719 769 5790 Solus
800 5722 1033 5789 sapiens,
1068 5739 1086 5771 ι
1123 5729 1177 5773 et
1216 5720 1443 5790 (rectius
1472 5722 1635 5773 codex
1678 5729 1854 5773 noster
1898 5738 1991 5786 pro

429 5800 483 5842 et
524 5787 671 5845 habet
705 5791 798 5845 sed
821 5791 841 5861 )
867 5787 1131 5860 generans
1157 5787 1495 5860 sapientiam,
1538 5802 1586 5845 ct
1622 5791 1751 5845 alios
1786 5791 1990 5847 faciens

2127 3688 2146 3721 ι
2189 3669 2367 3739 μόνος,
2411 3687 2428 3720 ι
2482 3668 2575 3721 καὶ
2625 3687 2642 3720 ι
2700 3666 2971 3737 ἀληθινὸς,
3034 3683 3052 3717 ι
3102 3665 3199 3717 καὶ
3250 3681 3271 3714 ι
3322 3662 3510 3729 σοφὸς,
3548 3679 3565 3711 ι
3596 3660 3677 3711 καί

2127 3781 2146 3814 ι
2183 3763 2413 3832 ἀόρατος
2449 3761 2619 3828 Θεὸς,
2659 3778 2678 3812 ι
2723 3759 2819 3813 καὶ
2862 3777 2880 3810 ι
2920 3758 3078 3828 μόνος
3120 3755 3257 3826 ἔχων
3301 3753 3623 3813 ἀθανασίαν,
3655 3768 3671 3799 ι

2118 3854 2193 3917 ὠς
2229 3852 2306 3923 τῷ
2343 3854 2518 3923 Πατρὶ
2545 3851 2876 3922 ἐφαρμόσει’
2910 3847 3160 3918 καθάπερ
3188 3845 3280 3898 καὶ
3307 3845 3458 3914 αὐτῷ
3498 3843 3676 3915 πρέᾴει

2119 3947 2153 4017 ἡ
2195 3946 2324 4016 περὶ
2356 3944 2451 3997 τοῦ
2490 3943 2827 4011 Μονογενοῦς
2871 3941 3106 4010 λέγουσα
3134 3939 3353 4009 Γραφή·
3391 3956 3411 3987 ι
3464 3930 3674 3994 Οῦτοςό

2131 4039 2262 4102 Θεὸς
2324 4038 2509 4109 ήμῶν*
2555 4038 2614 4090 οῦ
2654 4035 3039 4106 λογισθήσεται
3073 4033 3255 4103 ἕτερος
3298 4031 3438 4102 πρὸς
3474 4029 3595 4101 [177
3632 4028 3673 4093 Η

2117 4132 2297 4185 αὐτόν.
2335 4150 2354 4182 ι
2396 4131 2567 4184 Πᾶσιν
2595 4129 2727 4200 γὰρ,
2760 4128 2825 4182 ἵν’
2869 4126 3043 4189 οὕτως
3074 4124 3290 4195 φράσω,
3321 4119 3404 4185 οἷς
3430 4123 3459 4174 6
3503 4121 3672 4187 Πατὴρ

2116 4224 2213 4294 τῆς
2242 4223 2470 4285 κτίσεως
2514 4221 2781 4292 διαφέρει,
2822 4219 2916 4273 καὶ
2948 4221 2976 4272 6
3015 4218 3163 4281 Υἱὸς,
3209 4215 3398 4270 καὶτὸ
3465 4213 3675 4282 Πνεῦμα

2115 4314 2209 4368 τοῦ
2249 4314 2385 4367 Θεοῦ
2426 4314 2627 4384 ὁμοίως
2671 4312 2934 4383 διαφέρει.
2980 4311 3105 4373 Πῶς
3143 4309 3252 4379 γὰρ
3301 4306 3489 4358 λοιπὸν
3532 4305 3674 4375 μόνος

2118 4406 2232 4476 ἔχει
2262 4404 2329 4457 τὰ
2369 4403 2734 4475 προλεχθέντα
2767 4406 2795 4456 6
2838 4401 3047 4472 Πατήρ,
3087 4401 3137 4452 εί
3179 4396 3434 4466 ἀληθεύει
3460 4397 3529 4449 τὰ
3564 4396 3675 4463 περὶ

2114 4497 2207 4549 τοῦ
2238 4495 2370 4548 Υίοῦ
2395 4497 2490 4548 καὶ
2514 4494 2607 4548 τοῦ
2651 4494 2807 4563 ἁγίου
2832 4492 3149 4562 Πνεύματος
3172 4488 3559 4560 γεγραμμένα,
3594 4487 3677 4537 xz".

2112 4589 2194 4651 τὸ,
2228 4608 2246 4640 ι
2287 4589 2494 4659 ’Ὠσπερ
2539 4590 2568 4641 ὁ
2609 4587 2797 4658 Πατὴρ
2830 4584 2975 4656 ζωὴν
3002 4583 3138 4653 ἔχει,
3204 4582 3373 4645 οὕτως
3414 4581 3584 4633 ἐδωκε
3610 4577 3676 4643 τῷ

2120 4679 2236 4750 Υἱῷ
2266 4678 2411 4750 ζωὴν
2442 4679 2610 4749 ἔχειν,
2643 4698 2661 4731 ι
2692 4678 2767 4741 ὡς
2800 4678 2894 4730 καὶ
2919 4676 2982 4729 τὸ
3014 4674 3280 4746 προσεχὲς
3305 4672 3486 4742 τούτῳ
3520 4672 3675 4736 διε-ξαν

2112 4774 2259 4826 λαιον
2295 4772 2586 4837 ἐπιδείξεις
2618 4772 2692 4823 Τὸ
2736 4769 2814 4835 δὲ,
2885 4787 2905 4821 ι
2954 4769 3075 4821 ’Ίνα
3116 4766 3427 4836 γινώσκωσί
3464 4782 3549 4829 σε,
3597 4762 3676 4814 τὸν

2112 4864 2273 4934 μόνον
2323 4862 2574 4934 ἀληθινὸν
2627 4861 2782 4924 Θεὸν,
2827 4860 2922 4913 καὶ
2974 4858 3032 4911 ὃν
3093 4856 3420 4918 ἀπέστειλας
3478 4851 3673 4923 Ἰησοῦν

2107 4952 2362 5023 Χριστὸν,
2403 4972 2421 5002 ι
2460 4950 2816 5021 συμπεριέχει
2845 4949 2939 5001 καὶ
2969 4948 3058 5001 τὸν
3096 4947 3243 5009 Υἰὸν,
3283 4947 3377 4998 καὶ
3409 4944 3673 4997 δείκνυσιν

2110 5045 2223 5096 ἴσον
2269 5043 2346 5113 τῷ
2393 5044 2602 5113 Πατρὶ,
2650 5042 2768 5112 μεθ’
2818 5036 2878 5094 οὗ
2937 5042 3138 5092 νοεῖται
3185 5038 3280 5090 καὶ
3329 5036 3391 5089 τὸ
3453 5035 3671 5103 Πνεῦμα

2106 5134 2289 5189 αὐτοῦ.
2347 5136 2410 5188 ’Π
2455 5134 2512 5187 δέ
2560 5133 2831 5203 ἀποστολὴ
2874 5132 2969 5202 τὴν
3020 5130 3331 5200 οἰκονομίαν
3390 5128 3567 5199 δηλοῖ.
3618 5127 3668 5178 'll

2105 5228 2183 5290 δέ,
2233 5248 2251 5279 ι
2298 5226 2438 5296 Ἐγὼ
2458 5225 2699 5290 ἐξέτεινα
2736 5226 2827 5278 τὸν
2851 5224 3077 5295 οὐρανὸν
3110 5223 3287 5293 μόνος,
3328 5241 3347 5273 ι
3374 5222 3555 5291 φωνὴ,
3586 5222 3669 5271 οὖν

2107 5319 2223 5372 ἔστι
2262 5319 2356 5372 τοῦ
2420 5318 2650 5389 Πατρός.
2692 5318 2844 5369 Ἐπεὶ
2895 5316 3012 5378 πῶς
3042 5315 3237 5386 ἄληθες
3270 5313 3329 5366 τὸ
3367 5314 3552 5367 πάντα
3596 5312 3669 5364 δα

2102 5460 2392 5517 sapientes.

2170 5514 2281 5586 (48)
2324 5519 2652 5574 ()mnimode.
2692 5518 2868 5572 Codex
2891 5559 2904 5578 ,
2934 5519 3117 5571 παντί.
3159 5516 3359 5582 Malim,
3387 5514 3607 5586 πάντη.

2171 5590 2282 5657 (ό9)
2325 5588 2463 5652 Quid
2499 5600 2692 5641 autem.
2729 5590 2743 5641 l
2777 5588 2899 5642 Cur.
2932 5604 3005 5652 IV,
3033 5588 3086 5641 7.

2194 5661 2281 5725 50)
2325 5659 2538 5713 Timete.
2579 5658 2765 5712 Matth.
2800 5674 2852 5719 χ,
2884 5661 2974 5710 ‘28.

2194 5669 2281 5725 ῦυ)
2325 5669 2538 5713 Timete.
2579 5669 2765 5712 Matth.
2800 5674 2852 5719 χ,
2884 5669 2974 5710 ‘23.

2169 5669 2283 5799 ἒὸι)
2326 5728 2428 5781 llic
2461 5740 2555 5784 est.
2589 5729 2819 5794 Baruclt,
2854 5742 2935 5792 Ill,
2964 5728 3053 5781 56.
