3716 6340
184 402 259 462 εσυ
1154 390 1240 444 οι]
1281 392 1655 446 mmmam
1695 391 1897 445 LIBER
1938 391 2259 453 TERTIUS.
3229 407 3334 462 37o

180 521 249 576 τοῦ
278 513 383 569 Υίοῦ
427 508 772 579 γεγενῆσθαι;
808 510 878 562 Ἢ
911 508 1204 577 γνώτωσαν
1248 514 1342 565 καὶ
1391 513 1519 583 περὶ
1570 513 1647 565 rei

1864 512 2189 584 intelligitur
2235 522 2398 571 etiam
2439 518 2603 587 ipsius
2645 519 2897 589 Spiritus.
2935 522 3119 577 Missio
3152 535 3331 579 autem

182 608 277 666 ϊὶοῦ
298 603 610 676 ὁμοιότροπον
628 600 692 653 ὲν
716 600 794 670 τῷ
834 600 953 653 ’1ὼὸ
994 604 1344 673 προφητικῶς
1376 605 1649 675 εἰρῆσθαι·

1864 607 2199 662 arnationem
2247 608 2534 679 signiticat.
2571 611 2796 667 Demum
2828 616 2990 670 verba
3020 616 3129 680 illa,
3165 635 3182 666 ι
3223 617 3331 685 Ego

184 721 197 753 ι
238 701 282 751 '0
316 692 521 755 τανύσας
546 690 651 743 ’τὸν
699 692 926 761 οὐρανὸν
973 692 1163 762 μόνος,
1206 694 1298 746 καὶ
1350 694 1651 764 περιπατῶκ.

1866 697 1978 750 eudi
2026 699 2219 753 caelum
2266 700 2431 767 solus,
2461 720 2481 753 ι
2515 717 2617 757 non
2657 714 2785 758 sunt
2831 703 3049 761 Patris:
3095 708 3333 776 alioquin

180 792 233 854 ὡς
264 787 335 841 ἐπὶ
375 783 583 849 ἐδάφους
633 782 728 834 ἐπὶ
772 782 1067 851 θαλάσσης.
1120 801 1139 834 ι
1194 784 1364 847 Αὐτὸς
1410 784 1539 855 γὰρ,
1590 788 1647 845 ὡς

1866 788 2031 842 ιιηοιΙΟ
2055 804 2241 844 verum
2263 790 2374 861 (52)
2404 794 2524 855 erit,
2560 811 2579 844 ι
2610 795 2793 849 omnia
2828 810 2923 865 per
2964 795 3158 849 Filium
3195 798 3333 850 facta

180 882 301 933 πᾶσιν
339 871 653 939 καταφανὲς,
698 871 783 925 ἀεὶ
818 871 953 941 μὲν,
994 873 1091 942 οὐχ
1142 874 1342 942 ἥκιστα
1386 874 1441 927 δὲ
1490 877 1548 928 ἐν
1599 879 1647 945 τῇ

1869 877 1917 930 3?
1938 896 1958 930 ›
1993 880 2098 932 Aut
2118 880 2226 949 (55)
2242 882 2402 935 etiam
2427 884 2492 937 de
2519 882 2659 939 Filio
2687 884 2936 940 similiter
2967 887 3018 940 in
3045 885 3179 939 Jobo
3210 899 3336 955 pro-

180 966 505 1038 ἐνανθρωπήσει
552 961 1088 1035 ὲθαυματούργησεν,
1134 964 1228 1016 καὶ
1267 964 1342 1027 ὡς
1392 965 1450 1016 ὲν
1498 965 1647 1018 πεδία

1872 969 1975 1022 tice
2000 969 2198 1024 dictum
2233 986 2355 1026 esse
2380 974 2557 1029 norint
2583 992 2597 1029 :
2632 992 2651 1026 ‹
2682 975 2784 1041 Qui
2814 978 3186 1048 extendit(54)
3224 992 3336 1037 εοε-

177 1060 364 1113 ὲϐἀδισεν
386 1054 469 1107 ὲπί
498 1053 596 1124 τῆς
621 1054 815 1122 ὑγρᾶς.

1863 1075 1877 1110 ι
1914 1060 2081 1126 solus,
2111 1070 2164 1114 et
2193 1061 2431 1116 ambulat
2464 1064 2515 1117 in
2547 1066 2684 1120 mari
2710 1067 2857 1121 velut
2882 1068 2933 1122 in
2964 1070 3297 1136 pavimento.
3317 1086 3329 1101 π

179 1158 260 1223 Ipse
280 1151 415 1213 enim,
447 1155 499 1200 ut
525 1147 778 1199 omnibus
809 1145 1151 1201 manifestum
1215 1154 1319 1210 est,
1381 1160 1596 1216 semper
1657 1150 1896 1220 quidem,
1928 1156 2024 1210 sed
2065 1158 2299 1212 maxime
2336 1158 2389 1212 in
2423 1157 2793 1217 lncarnatione
2841 1162 3107 1218 mirabilia
3143 1177 3305 1233 Opera
3334 1193 3338 1207 π

177 1254 335 1307 tuaest,
361 1252 406 1297 et
430 1242 479 1294 in
515 1253 654 1308 aqua
686 1238 829 1293 velut
862 1239 915 1293 in
954 1239 1177 1309 planitie
1211 1239 1525 1295 ambulavit.
1856 1244 1861 1249 ‘

224 1362 539 1431 Μαρτυρεῖται
557 1357 614 1411 δὲ
640 1360 735 1411 καὶ
755 1357 847 1410 ἐπὶ
872 1360 987 1421 τοῖς
1011 1357 1190 1421 ἄλλοις
1212 1361 1325 1422 τοῖς
1357 1376 1662 1429 μνημονευ-

1867 1362 1940 1418 ›οά
1971 1371 2167 1432 praeter
2201 1378 2263 1418 ea
2313 1379 2433 1434 quae
2474 1375 2893 1421 commemorata
2932 1376 3081 1433 sunt,
3121 1367 3226 1421 alia
3268 1369 3334 1423 de

172 1454 297 1506 οεῖσιν
322 1446 499 1511 ό.Υίὸς,
524 1446 620 1498 καὶ
646 1445 705 1499 τὸ
729 1445 882 1513 ἅγιον
911 1445 1137 1516 Πνεῦμα
1164 1445 1358 1510 οὕτως.
1402 1447 1538 1517 Περὶ
1565 1447 1634 1518 μό

1866 1467 1898 1507 o
1947 1462 2003 1508 et
2047 1455 2249 1523 Spiritu
2290 1464 2480 1510 sancto
2516 1457 2819 1512 testimonia
2860 1459 2981 1513 addi
3026 1473 3251 1529 possunt
3280 1463 3331 1517 in

172 1562 237 1596 νου
264 1542 343 1612 μὲν
369 1537 609 1608 ἀληθινοῦ
641 1538 798 1602 Θεοῦ,
833 1538 908 1600 ὡς
943 1538 1107 1608 ἡνίκα
1135 1539 1263 1608 περὶ
1288 1539 1386 1608 μὲν
1412 1537 1504 1592 τοῦ
1531 1539 1639 1592 Υἱοὶ

1860 1558 1908 1599 ιο
1943 1549 2187 1598 modum.
2222 1546 2297 1601 De
2341 1546 2454 1601 solo
2495 1546 2710 1615 quidem
2766 1563 2895 1602 vero
2940 1550 3073 1613 Deo,
3110 1561 3169 1605 ut
3206 1568 3327 1606 cum

181 1634 374 1701 Ἰωάννης
401 1630 525 1699 αὐτῇ
558 1628 701 1695 λέξει
731 1627 982 1697 ἀληθινὸν
1013 1628 1144 1681 Θεὸν
1183 1628 1342 1681 αὑτὸν
1367 1622 1525 1691 εἴναι,
1568 1629 1648 1681 καί

1870 1651 1957 1689 um
1983 1635 2217 1692 Joannes
2243 1652 2363 1693 esse
2389 1639 2701 1708 pronuntiat
2728 1640 2814 1695 his
2852 1640 2983 1709 ipsis
3025 1641 3204 1695 verbis
3239 1657 3330 1697 ve-

172 1724 372 1796 μονογενῆ
403 1721 523 1774 Θεὸν
559 1719 960 1788 ἀναφθέγγεται
980 1736 995 1750 ο
1046 1719 1245 1784 Ἰούδας
1276 1720 1433 1789 μόνον
1460 1721 1639 1773 Δεσπό

1862 1741 1880 1777 ι
1951 1726 2119 1780 Deum
2164 1726 2278 1798 (55')
2334 1736 2390 1782 et
2461 1728 2793 1798 unigenitum
2844 1728 3009 1783 Deum
3069 1729 3213 1800 (56);
3264 1745 3329 1785 ac

168 1833 238 1885 την
258 1811 412 1867 καλείο
454 1810 544 1864 κα)⁵
569 1812 596 1864 6
626 1811 913 1881 προφήτης
960 1808 1109 1878 λέγει
1132 1826 1145 1840 ⁸
1188 1828 1208 1862 ι
1240 1810 1311 1862 Σὺ
1339 1807 1390 1863 εῑ
1419 1812 1447 1863 6
1478 1810 1635 1875 Θεὸς‹

1858 1818 1926 1870 las
1971 1815 2088 1889 (57)
2138 1832 2259 1872 eum
2308 1830 2468 1874 vocat
2524 1821 2693 1875 solum
2733 1820 3051 1888 Dominum;
3105 1830 3160 1876 et
3193 1821 3325 1878 Pro—

167 1905 295 1958 ποιῶν
327 1903 617 1973 θαυμάσια,
659 1904 723 1955 σὺ
764 1896 814 1954 εἴ
858 1901 1017 1972 μόνος
1060 1900 1192 1965 Θεὸς
1237 1901 1449 1972 μέγας’
1499 1922 1519 1956 ι
1565 1921 1634 1957 κα

1860 1914 1921 1960 :ta
1949 1906 2161 1975 inquit:
2203 1925 2222 1959 ι
2256 1907 2336 1961 Tu
2384 1908 2578 1977 es(58)
2620 1907 2762 1964 Deus
2795 1908 3002 1965 faciens
3042 1910 3327 1969 mirabilia.

165 1994 370 2066 ἑτέρωθιο
404 2010 421 2043 ι
452 1987 542 2054 Εἷς
568 1992 742 2059 ἅγιος,
770 1984 850 2054 εἷς
876 1990 1080 2059 Κύριος
1116 1990 1323 2061 Ἰησοῦς
1349 1992 1602 2063 Χριστός.

1867 2008 1926 2048 es
1956 1993 2102 2048 solus
2143 1992 2285 2049 Deus
2334 2010 2595 2064 magnus;
2632 2014 2650 2047 ι
2684 2005 2738 2050 et
2766 1996 2892 2050 alibi
2923 2015 2936 2050 :
2983 2014 3002 2049 ι
3038 1995 3190 2054 Unus
3214 1999 3328 2070 (59)

165 2086 262 2156 Περὶ
286 2084 333 2136 δὲ
354 2082 439 2136 τοῦ
454 2081 606 2150 ἁγίου
634 2082 773 2136 Πνεύ
782 2100 973 2154 ματος,
996 2082 1071 2144 ὡς
1090 2082 1216 2136 ὅταν
1242 2082 1471 2148 Παῦλος,
1487 2084 1514 2136 6
1541 2101 1632 2138 συν

1862 2096 2003 2149 ctus,
2031 2101 2170 2141 unus
2201 2086 2459 2141 Dominus
2480 2085 2636 2142 Jesus
2664 2087 2934 2144 Christus.
2976 2106 2995 2140 ι
3026 2089 3100 2145 De
3125 2089 3328 2160 Spiritu

164 2178 289 2238 ἐσεως
306 2174 515 2244 πλήρης,
562 2173 789 2244 Πνεῦμα
815 2174 911 2228 τοῦ
942 2174 1077 2228 Θεοῦ
1119 2175 1214 2229 καὶ
1241 2176 1474 2247 Πατρὸς,
1518 2176 1631 2230 καθε

1863 2190 1935 2229 em
1960 2187 2149 2233 sancto
2182 2195 2195 2230 :
2226 2186 2281 2232 ut
2328 2193 2451 2232 cum
2501 2176 2697 2232 Paulus
2736 2178 3106 2248 intelligentia:
3139 2180 3330 2249 plenus

167 2270 259 2339 ἧμῖν
277 2266 327 2319 τὸ
349 2264 490 2337 ἡμῶν
519 2264 763 2335 πνεῦμα,
789 2261 927 2320 εἶναι
950 2265 1079 2338 [178
1110 2265 1167 2338 a]
1211 2267 1343 2320 αὐτὸ
1372 2271 1634 2337 μαρτυρεῖ

1863 2268 2022 2321 ritum
2054 2266 2147 2321 Dei
2178 2277 2230 2320 et
2261 2267 2440 2323 Patris
2473 2271 2546 2321 ita
2588 2268 2761 2322 eidem
2783 2267 2891 2339 (60)
2917 2284 3036 2324 esse
3077 2279 3328 2335 testatur,

162 2360 241 2411 Καὶ
275 2358 413 2411 πάλιν
448 2356 683 2427 γράφει’
727 2375 746 2408 ι
794 2356 980 2411 Ταῦτα
1026 2358 1202 2413 πάντα
1248 2359 1460 2429 ἐνεργεῖ
1500 2358 1561 2411 τὸ
1603 2357 1627 2410 ἓ

1861 2368 1899 2412 ιι
1932 2359 2087 2414 nobis
2122 2370 2309 2413 noster
2332 2370 2413 2414 est
2443 2360 2707 2429 spiritus;
2745 2371 2939 2416 etcum
2974 2378 3164 2418 rursus
3195 2366 3328 2418 scri-

161 2451 227 2502 καὶ
257 2450 306 2502 τὸ
347 2449 465 2502 αὐτὸ
506 2446 753 2518 Πνεῦμα,
792 2446 1033 2520 διαιροῦν
1069 2448 1173 2519 ἰδία
1204 2449 1439 2520 ἑκάστῳ,
1477 2449 1628 2523 mea.)

1860 2468 1867 2503 :
1895 2467 1914 2499 ι
1944 2448 2068 2504 Haec
2089 2452 2267 2504 omnia
2288 2449 2397 2520 (61)
2417 2462 2671 2519 operatur
2689 2467 2823 2507 unus
2846 2461 2901 2506 et
2920 2453 3055 2507 idem
3076 2455 3327 2525 Spiritus,

163 2542 373 2611 βούλεται.
406 2561 423 2593 ι
450 2542 585 2609 Περὶ⁹
618 2543 711 2611 μὲν
737 2541 946 2611 σοφίας,
983 2542 1057 2605 ὡς
1082 2540 1246 2613 ἡνίκα
1281 2541 1410 2613 περὶ
1437 2540 1536 2610 μὲν
1559 2543 1630 2595 τοι

1867 2541 1999 2595 deus
2024 2556 2268 2595 seorsum
2305 2543 2612 2611 unicuique,
2650 2552 2807 2611 prout
2837 2544 2966 2599 vult.
2995 2565 3014 2597 ι
3050 2545 3115 2600 Ει
3144 2547 3211 2603 de
3237 2549 3332 2600 Sa-

160 2632 255 2685 Υἰοῦ
291 2633 314 2684 6
350 2632 729 2702 μνημονευθεὶς
781 2633 1105 2704 σεμνότατος
1150 2632 1354 2704 γράφει
1408 2632 1617 2697 Παῦλος

1862 2631 1956 2685 itia
1981 2631 2231 2700 quidem:
2255 2640 2313 2685 ut
2328 2646 2446 2685 cum
2465 2632 2530 2684 de
2548 2632 2683 2686 Filio
2698 2633 2912 2701 quidem
2936 2650 3329 2691 commemora-

164 2724 402 2794 (Χριστὸν
437 2723 564 2775 Θεὸν
608 2724 859 2793 δύναμιν,
902 2724 997 2777 καὶ
1023 2721 1155 2778 Θεοῦ
1207 2722 1425 2793 σοφίαν·
1475 2742 1493 2776 ι
1538 2724 1631 2776 καὶ

1873 2722 2224 2792 gravissimus
2263 2723 2345 2775 vir
2370 2722 2562 2777 Paulus
2599 2725 2786 2778 scribit
2815 2743 2827 2778 :
2858 2743 2876 2775 t
2917 2725 3187 2781 Christum
3213 2729 3325 2799 (62)

166 2817 227 2870 Ἕν
266 2838 303 2886 ῳ
342 2821 437 2872 είσι
477 2819 679 2884 πάντες
727 2822 776 2873 οί
826 2818 1088 2889 θησαυροὶ
1148 2817 1247 2888 τῆς
1301 2818 1493 2885 σοφίας
1562 2836 1631 2871 κα

1868 2812 1979 2883 (65)
1996 2813 2264 2871 virtutem.
2283 2824 2336 2867 et
2355 2813 2443 2867 Dei
2461 2814 2812 2881 sapientiam;
2839 2834 2857 2866 ι
2881 2825 2960 2869 et:
2983 2834 3001 2867 ι
3020 2816 3074 2870 ιιι
3090 2832 3194 2886 quo
3212 2819 3326 2888 (64)

158 2908 353 2974 γνώσεως
422 2911 744 2980 ἀπόκρυφοι.
773 2928 792 2962 ι
854 2910 965 2963 Καὶ
1022 2907 1183 2961 Δαυῒδ
1243 2906 1461 2977 danu-
1509 2926 1529 2959 ι
1569 2909 1624 2960 Ὠ

1862 2902 1913 2972 3
1947 2913 2070 2956 sunt
2117 2916 2305 2957 omnes
2365 2902 2603 2956 thesauri
2660 2902 2961 2968 sapientiae,
2992 2911 3046 2957 et
3089 2903 3328 2959 scientia:

156 3001 432 3069 ἐμεγαλύνθη
476 3003 545 3055 τά
589 3002 727 3072 ἔργα
766 3018 879 3065 σου,
931 3000 1139 3072 Κύριεὶ
1180 3000 1365 3054 Πάντα
1405 3002 1462 3054 ὲν
1501 3000 1622 3067 σοφί

1862 2993 2084 3049 conditi.
2114 3012 2133 3045 ι
2201 2993 2269 3046 Ει
2310 2991 2478 3047 David
2524 2992 2703 3060 psallit
2750 3010 2765 3047 :
2803 3010 2822 3043 ‹
2858 2992 3030 3059 Quam
3084 2997 3329 3063 magnifi-

157 3091 421 3161 ἐποίησας.»
471 3093 583 3148 Καὶ
647 3092 721 3157 ὡς
775 3093 1000 3156 Ἡσαΐας
1074 3091 1438 3163 προφητεύειο
1494 3108 1513 3141 t
1550 3093 1624 3145 Κο

1862 3102 1876 3138 ι
1907 3082 2019 3154 (65)
2056 3092 2181 3139 sunt
2202 3098 2364 3152 opera
2392 3093 2500 3149 tua,
2533 3084 2781 3138 Domine!
2804 3083 2994 3139 Omnia
3016 3088 3069 3139 in
3104 3084 3329 3157 Sapien-

154 3182 271 3245 αὑτὸς
300 3182 449 3251 σοφὸς
479 3178 616 3253 ἦγεν
658 3184 741 3235 ἐπ’
775 3183 970 3246 αὐτοὺς
1004 3178 1220 3237 κακά.ι
1274 3184 1409 3255 Περὶ
1456 3182 1513 3235 δὲ
1563 3200 1621 3235 το

1892 3177 2102 3241 fecisti;
2142 3194 2160 3227 ι
2219 3186 2275 3230 et
2328 3186 2388 3230 ut
2434 3176 2600 3229 lsaias
2648 3177 2908 3245 prepheta
2967 3178 3174 3247 inquit:
3218 3180 3329 3233 «Et

155 3272 266 3335 ἁγίου
310 3272 644 3343 Πνεύμανος,
696 3272 771 3334 ὡς
831 3274 958 3325 ὅταν
1024 3273 1245 3335 Ἡσαΐας
1297 3272 1616 3345 προφητεύῖι

1858 3282 1869 3321 ε
1905 3265 2016 3335 (66)
2047 3266 2263 3335 sapiens
2291 3267 2511 3319 adduxit
2542 3280 2704 3334 super
2734 3280 2828 3320 eos
2859 3266 3018 3323 mala.
3048 3286 3069 3319 ›
3109 3266 3184 3322 De
3202 3268 3325 3336 Spi-

160 3359 372 3429 ιΠνεῦμα
410 3362 497 3413 τοῦ
541 3361 700 3425 Θεοῦ,
738 3360 959 3431 Πνεῦμα
1008 3362 1198 3430 σοφίας
1233 3373 1327 3415 καί
1362 3363 1627 3425 συνέσεως

1860 3380 1862 3411 ι
1899 3369 2078 3412 autem
2135 3367 2359 3413 sancto:
2396 3367 2456 3413 ut
2487 3374 2608 3413 cum
2629 3357 2792 3411 Isaias
2817 3358 3134 3428 prophetat:
3164 3378 3184 3412 ι
3209 3362 3327 3430 Spi-

154 3449 323 3519 ῐινεῦμα
371 3452 556 3523 βουλῆς
606 3453 702 3505 καὶ
749 3452 951 3522 ἰσχύος,
1001 3452 1223 3523 Πνεῦμα
1273 3452 1525 3523 γνώσεως
1562 3471 1621 3507 κο

1855 3465 1897 3504 IS
1930 3450 2019 3503 Dei
2050 3448 2185 3519 (67),
2224 3448 2461 3518 Spiritus
2522 3446 2796 3516 sapientia:
2830 3456 2882 3501 et
2940 3448 3322 3518 intelligentiw,

156 3539 429 3607 εὐσεϐείας.»
485 3545 623 3614 Περὶ
676 3543 733 3596 δὲ
791 3543 1098 3615 ἀφθαρσίας
1167 3544 1260 3597 καὶ
1320 3544 1618 3608 ἀθανασίας

1858 3542 1993 3595 ritus
2026 3540 2235 3595 consilii
2268 3550 2322 3595 et
2354 3538 2715 3601 fortitudinis,
2750 3537 2983 3607 Spiritus
3017 3540 3253 3593 scientia:
3271 3550 3325 3594 et

152 3632 407 3699 προείρηται
451 3632 546 3701 μὲν
593 3633 727 3702 ἥδη,
777 3632 838 3683 ού
889 3631 1070 3702 μέντοι
1131 3632 1328 3685 ἄτοπον
1378 3634 1472 3686 καὶ
1521 3633 1616 3687 ἄλλ

1856 3633 1989 3687 .atis.
2020 3651 2039 3683 ι
2083 3631 2159 3686 De
2188 3631 2697 3696 incorruptibilitate
2740 3646 2885 3694 vero,
2939 3641 2994 3685 et
3044 3634 3323 3685 immorta-

155 3719 456 3787 παραθέσθαι·
512 3721 588 3784 ὡς
640 3721 829 3792 ἡνίκα,
880 3721 1009 3791 περὶ
1062 3721 1161 3791 μὲν
1216 3719 1310 3773 τοῦ
1360 3721 1621 3791 ψυχοδότο

1859 3731 1909 3776 te
1940 3731 2100 3775 antea
2155 3721 2374 3789 quidem
2431 3720 2635 3773 dictum
2690 3721 2801 3787 jam
2845 3719 2970 3783 fuit,
3003 3734 3107 3772 non
3146 3729 3321 3773 tamen

152 3809 442 3877 Μονογενοῦς,
482 3806 544 3864 οὗ
580 3813 642 3864 τὸ
670 3813 843 3882 ὄμμα,
882 3814 972 3865 καὶ
1006 3815 1039 3883 ὴ
1091 3812 1249 3883 ἀκοὴ,
1295 3815 1389 3867 καὶ
1426 3817 1459 3885 ἡ
1506 3815 1619 3881 δίκτ

1854 3814 2057 3866 ιυτάυιη
2087 3815 2189 3865 erit
2221 3811 2323 3863 alia
2359 3810 2523 3863 etiam
2549 3824 2859 3879 apponere:
2898 3819 2956 3863 ut
2981 3824 3101 3863 cum
3148 3809 3213 3862 de
3244 3812 3321 3861 vi-

152 3901 218 3951 καὶ
259 3902 286 3971 ἡ
334 3902 705 3974 φιλανθρωπία
791 3903 1066 3974 πανταχοῦ
1131 3905 1431 3977 ἐφέστηκε,
1492 3906 1619 3959 Δαοῖ

1853 3912 2003 3956 caute
2038 3902 2325 3970 Unigeuito
2356 3900 2488 3973 (68),
2508 3902 2663 3969 cujus
2692 3901 2901 3964 oculus,
2932 3910 2985 3954 et
3013 3900 3247 3966 auditus,
3266 3910 3320 3953 et

153 3990 346 4060 μελῳδεῖ·
377 4013 394 4046 ι
416 3994 487 4046 Σὺ
522 3996 551 4047 6
588 3995 749 4058 αὐτὸς
779 3991 846 4061 εί,
881 3997 974 4049 καὶ
1008 3996 1074 4049 τὰ
1105 3996 1197 4066 ἐτη
1229 4014 1322 4051 σου
1349 3999 1449 4050 οὐκ
1480 3998 1620 4051 ὲκλεί

1852 3994 1981 4059 titia,
2010 4003 2063 4047 et
2090 3994 2393 4062 benignitas
2438 3995 2635 4062 ubique
2677 3992 2852 4047 elucet
2890 4006 2953 4045 ac
2983 4002 3180 4056 manet,
3214 3993 3319 4045 Da—

151 4080 314 4145 ψουσιν·
336 4104 351 4135 ι
386 4087 497 4148 καὶ,
536 4104 555 4137 ‹
584 4087 683 4149 Εἰς
724 4086 815 4139 τὸν
857 4087 1050 4149 αἰῶνα,
1078 4087 1270 4158 Κύριε,
1305 4091 1332 4141 6
1369 4088 1524 4158 λόγος
1556 4106 1615 4142 σο

1873 4085 2021 4138 canit
2049 4102 2062 4138 :
2103 4102 2121 4135 t
2162 4082 2240 4137 Tu
2272 4083 2413 4139 idem
2445 4084 2554 4154 (69)
2584 4098 2662 4150 cs,
2697 4092 2750 4136 et
2782 4083 2906 4135 anni
2938 4082 3014 4134 tui
3043 4097 3147 4135 non
3181 4082 3314 4136 delt-

149 4170 335 4237 διαμένει
376 4178 431 4228 ὲν
468 4177 547 4248 τῷ
580 4177 813 4248 οὐρανῷ.
843 4197 862 4231 ι
913 4180 1048 4249 Περὶ
1077 4179 1133 4232 δὲ
1163 4179 1256 4232 τοῦ
1290 4180 1442 4248 ἁγίου
1486 4179 1616 4232 Πνειξ

1849 4186 1922 4242 at;
1944 4194 1963 4227 ι
1986 4185 2066 4231 et:
2092 4193 2110 4227 t
2135 4173 2191 4229 In
2214 4176 2464 4231 sarculum
2492 4176 2626 4247 (70),
2654 4175 2897 4237 Domine,
2919 4175 3148 4228 Verbum
3172 4184 3316 4228 tuum

153 4280 291 4331 ματος,
314 4268 396 4320 τοῦ
430 4270 496 4323 τὰ
528 4269 821 4339 σύμπαντα
848 4271 1156 4340 τρέφοντος,
1188 4272 1281 4323 καὶ
1314 4270 1487 4334 θείαις
1511 4272 1620 4323 ἅκτῑ

1849 4277 2038 4322 ἠιοιιοι
2067 4268 2119 4322 in
2150 4268 2309 4323 caelo.
2337 4286 2355 4320 ι
2387 4267 2462 4322 De
2497 4268 2701 4336 Spiritu
2754 4278 2934 4320 autem
2969 4276 3179 4330 sancto,
3226 4266 3316 4334 qui

150 4372 185 4405 σι
208 4331 640 4430 καταλάμποντος,
670 4362 765 4414 καὶ
794 4331 898 4425 ἕως
928 4331 1023 4415 κ⁷αὶ
1202 4363 1327 4426 τοὺς
1365 4331 1617 4415 ἀπολειπο

1849 4360 1933 4415 nia
1986 4360 2107 4438 alit,
2160 4368 2215 4416 et
2268 4360 2467 4417 divinis
2516 4362 2680 4416 radiis
2726 4360 2962 4414 illustrat
3038 4374 3102 4413 ac
3142 4359 3225 4414 vel
3264 4362 3316 4415 iu

198 4604 517 4679 (53)]erum.
546 4609 754 4674 Codex,
783 4607 1002 4679 ἄληθες,
1030 4616 1480 4679 proparoxytone.
1516 4608 1649 4664 Vide
1754 4607 2030 4679 mendose,
2080 4620 2200 4679 nam
2222 4617 2286 4679 Aet
2327 4606 2492 4679 Biblia
2518 4614 2571 4679 et
2600 4604 2856 4675 Didymus
2884 4605 2996 4673 ipse
3025 4620 3164 4675 smpe
3189 4606 3315 4663 alibi

151 4685 234 4738 pag.
257 4674 357 4739 161,
389 4690 493 4731 uot.
538 4680 629 4732 15.
873 4674 883 4679 ⁷
1030 4674 1044 4676 ⁷
1131 4674 1142 4677 ⁷
1301 4674 1315 4679 ⁷

1301 4674 1315 4679 ⁷
1754 4680 1955 4731 habent
1993 4677 2150 4739 Θεοῦ,
2183 4677 2233 4729 id
2262 4688 2364 4740 est,
2399 4695 2416 4727 ι
2455 4676 2570 4729 Dei.
2602 4694 2618 4725 ι

198 4743 283 4812 (εδ)
318 4747 429 4801 Aut.
465 4746 674 4811 Codex,
727 4748 784 4817 ὴ.
842 4746 1151 4821 Legendum
1177 4746 1284 4821 _vel
1336 4739 1392 4821 ᾖ,
1444 4747 1495 4801 id
1544 4755 1647 4809 est,
1826 4747 1937 4821 (61)
1976 4746 2041 4821 in
2080 4762 2199 4815 quo.
2250 4739 2459 4821 Coloss.
2500 4745 2657 4821 u,_‘5.

154 4827 165 4854 ε
190 4825 265 4887 qua
293 4822 503 4883 ratione,
529 4835 638 4887 quo
660 4812 817 4873 modo
841 4835 855 4870 :
884 4837 902 4869 ι
924 4812 1019 4870 ⁷νθΙ
1051 4816 1107 4886 ἦ,
1138 4816 1191 4869 id
1222 4826 1324 4883 est,
1342 4812 1379 4867 ’ἱ
1403 4826 1513 4881 aut,
1541 4836 1558 4867 ι
1591 4826 1650 4870 ιιι
1825 4812 1932 4887 (65)
1969 4812 2139 4887 Quem
2171 4816 2526 4887 magniﬁcam.
2554 4813 2695 4887 Psal.
2734 4827 2851 4877 cm,
2877 4812 2947 4867 25
2984 4815 3097 4883 (seu
3126 4814 3241 4884 24).

151 4888 185 4927 et
207 4880 316 4950 lego,
489 4880 498 4883 ⁷
548 4880 562 4887 “
1073 4880 1085 4886 ⁷
1308 4880 1317 4883 ⁷
1500 4880 1505 4881 ⁷

1308 4880 1317 4883 ⁷
1500 4880 1505 4881 ⁷
1825 4880 1933 4950 (66)
1970 4885 2038 4937 Et
2067 4888 2192 4950 ipse.
2234 4880 2517 4944 lsa.'xxx1,
2549 4884 2603 4938 2.

198 4948 281 5028 (ἒξ)
313 4953 406 5028 ραί
434 4956 687 5010 ειτιεηάίιο
722 4954 822 5028 191)
852 4955 1014 5028 IX_._8.
1211 5023 1269 5028 μ
1754 5025 1767 5028 _
1821 4948 1933 5028 (67)
1952 4948 2177 5028 Spiritus
2192 4952 2306 5028 Dei.
2344 4954 2444 5007 lsa.
2468 4953 2622 5028 με.
2642 4952 2826 5028 Graeca
2852 4951 3015 5006 editio
3048 4967 3146 5021 pro
3177 4953 3313 5007 Θεοῦ

317 5022 723 5104 gerumjleuut.
759 5025 909 5104 Ep.‘l
934 5023 1087 5078 Joan.
1118 5038 1182 5104 γ,
1205 5023 1299 5104 26.
1325 5094 1337 5104 ι
1487 5102 1493 5104 Δ
1565 5095 1622 5104 __

1269 5028 1299 5104 [._
1325 5094 1337 5104 _
1565 5095 1622 5104 __
1753 5020 2169 5104 Ιιοξιςιξιξορίομ,
2204 5024 2254 5074 id
2282 5033 2383 5104 est,
2417 5040 2434 5103 ι
2468 5022 2695 5104 Domini:
2719 5040 2736 5071 ι

198 5088 633 5169 (ὄδλυηίςεηὶιιιιη
655 5088 1010 5149 υειιηι⁷..ιοτιιι.
1046 5109 1081 5157 l,
1118 5094 1205 5149 18.
1243 5094 1371 5149 Vide
1409 5102 1519 5149 not.
1559 5095 1646 5161 l3,

1848 5095 1937 5163 68)
1980 5088 2281 5169 Viviﬁfanje
2326 5091 2619 5159 Unigenilo.
2672 5090 2725 5142 In
2758 5090 2965 5169 Crmco,
2997 5090 3308 5169 ψῦχοδότου,

149 5160 332 5232 ωὲξ-ῙδΖ
407 5160 424 5165 ⁷

1838 5160 1950 5225 est,
1984 5161 2368 5232 ψυχοδοτῆρος,
2403 5175 2623 5232 nempe,
2649 5176 2675 5232 ε
2691 5161 2989 5232 animarum
3020 5160 3222 5216 datoris
3254 5180 3305 5218 τι

197 5227 280 5301 ίξῖ)
304 5228 347 5301 ζ
340 5232 479 5286 udas.
518 5233 677 5287 Vers.
710 5233 765 5287 4.
1524 5232 1533 5249 ³

1843 5234 1889 5286 in
1928 5227 2124 5301 Orphei
2170 5227 2366 5301 hymno
2396 5227 2542 5292 LXV],
2582 5229 2866 5301 ὀλϐοδότης
2894 5239 2976 5301 cst
3009 5249 3027 5281 ι
3056 5234 3310 5298 pet-unia-

195 5295 279 5375 (58)
310 5298 384 5375 In
418 5319 492 5358 es.
545 5302 689 5357 Psal.
730 5316 930 5368 Lxxxv,
965 5304 998 5357 9
1027 5304 1141 5372 (seu
1177 5303 1288 5375 10).
1332 5301 1436 5357 Sed
1480 5301 1646 5358 Biblia

1841 5320 1868 5354 ιι
1921 5295 2075 5375 dator
2108 5316 2119 5351 :
2152 5318 2171 5351 ι
2206 5295 2259 5353 et
2302 5302 2500 5375 hymno
2541 5313 2703 5375 xvu_:
2735 5295 3146 5375 πλουτοδότης]
3172 5304 3308 5355 divi-

149 5369 259 5437 l’mllo
282 5368 435 5437 aliter.
1035 5368 1045 5372 ⁷
1247 5368 1256 5375 ⁷
1750 5374 1942 5425 tiarum
1987 5372 2179 5423 dator:
2216 5388 2235 5418 ι
2272 5368 2627 5436 θιυὶιίγιιιυε
2662 5369 2801 5437 ip~e,
2847 5384 2968 5437 pag.
3027 5368 3149 5433 1⁷95,
3183 5375 3302 5426 alt:

311 5436 465 5512 quas.
497 5439 638 5494 Vide
669 5449 779 5495 not.
822 5441 910 5501 16,
941 5457 1064 5511 pag.
1096 5442 1219 5495 567.

1837 5442 2066 5512 ντοδότῃ.
2118 5441 2283 5512 Porro
2319 5434 2572 5512 eumdem
2608 5434 2821 5492 Christo
2847 5434 3098 5512 titulum
3120 5443 3304 5494 tribuit

195 5502 279 5580 (60)
312 5506 500 5583 Itidem.
529 5512 914 5583 Codextat'rcd.
944 5502 1268 5566 Coitrinttiur
1289 5512 1495 5565 videtur
1523 5526 1646 5566 scn-
1748 5502 2070 5583 Prudentius
2104 5512 2163 5583 in
2212 5508 2631 5583 llanzaﬂigeuia,
2660 5523 2815 5583 versu
2855 5508 2976 5572 951,
3012 5510 3100 5577 qui
3137 5514 3219 5583 sic)
3248 5526 3306 5561 se

148 5575 604 5650 lentimsilegamus
625 5580 791 5650 αὐτῷ.
1069 5649 1072 5650 ν
1749 5582 1908 5634 habet
1942 5596 1955 5632 :
1996 5599 2013 5631 ι
2034 5580 2077 5633 Ο
2104 5580 2208 5633 Dee
2250 5575 2651 5650 cunctiparens,
2697 5578 2892 5650 animae
2937 5575 3112 5642 dater,
3138 5596 3167 5630 υ
3200 5580 3305 5633 Dee

194 5640 281 5717 l5!)
313 5640 439 5699 11ωέ
456 5654 652 5703 omnia.
686 5650 703 5700 Ι
743 5640 876 5704 Ὀον.
916 5666 1010 5712 xu,
1056 5649 1117 5703 11
1745 5651 1974 5704 Christe.
2012 5669 2030 5699 ι
2060 5650 2297 5717 Respicit
2329 5640 2505 5701 autem
2544 5640 2680 5701 Gen.
2713 5662 2776 5711 tt,
2813 5646 2863 5700 7.

192 5712 277 5787 αξξ)
304 5717 571 5787 Christum.
612 5721 626 5771 I
656 5718 780 5772 Cor.
808 5736 848 5781 ι,
882 5721 971 5774 24.

1815 5720 1924 5787 (69)
1956 5719 2032 5771 Tu
2060 5712 2218 5772 idem.
2254 5719 2392 5772 Psal.
2419 5734 2493 5781 Cl,
2525 5718 2614 5769 9.8.

197 5782 282 5850 635)
317 5786 418 5842 Dei.
465 5790 675 5857 Codex,
727 5790 891 5859 Θεόν,
937 5791 987 5844 id
1019 5800 1136 5858 est,
1187 5810 1204 5843 t
1250 5790 1433 5845 Deum.
1470 5808 1487 5842 ι
1533 5790 1636 5844 Sed
1813 5782 1924 5858 (70)
1958 5789 2020 5841 In
2048 5792 2317 5843 Stt'Clt/ltm.
2355 5789 2496 5843 Psal.
2540 5800 2726 5852 tum,
2755 5784 2842 5840 89.
