3716 6354
128 405 208 464 513

1139 398 1226 452 DE
1263 395 1639 452 TRlNlTATE
1678 394 1880 450 LIBER
1917 394 2224 452 TERTIUS
2265 403 2277 446 '.

3231 398 3334 452 8ῗὸ

127 523 200 576 καὶ
223 516 558 588 ἀντιστοίχως
586 516 666 587 τῷ
701 515 881 587 θνητῳ
912 515 974 568 τὸ
1004 514 1290 580 ἀθάνατον,
1332 517 1425 568 καὶ
1463 518 1659 569 νοεῖται

1848 541 1872 569 ν.
1905 514 2038 568 Nam
2071 500 2299 569 moriale
2333 514 2401 568 ab
2438 514 2730 570 immortali
2767 515 2880 586 (79)
2909 531 3005 585 per
3040 517 3333 586 oppositio-

126 613 199 668 ἐπὶ
239 609 417 680 ψυχῶν
460 608 557 662 καὶ
610 608 879 677 ἀγγέλων,
952 605 1011 660 τὸ
1064 607 1161 677 μὲν
1212 606 1500 668 ἀθάνατον,
1528 609 1657 661 ὅταν

126 705 236 773 πρὸς
273 701 347 770 τῷ
395 700 622 754 θάνατον
659 701 734 770 μὴ
771 697 1133 768 ἐπιδέχεσθαι,
1168 698 1196 751 ὃ
1232 699 1379 752 ἐστιν
1420 699 1493 770 μὴ
1543 699 1659 752 δια-

126 793 332 854 λύεσθαι,
363 790 457 843 ἀτε
511 789 836 853 ἀσυνθέτους
881 789 1040 851 ὄντας
1070 789 1164 841 κα)⁵
1202 788 1537 859 ἀνωλέθρους
1564 788 1663 860 τὴν

128 884 346 955 ὓπαρξιν,
393 883 489 936 ὲάν
526 884 624 935 καὶ
676 881 851 952 φθορᾷ
898 879 1124 950 γνώμης
1164 881 1238 951 μὴ
1297 881 1661 944 ὑποπέσωσιν,

125 977 242 1030 τοῦτ’
266 975 424 1038 ἔστιν,
452 976 500 1026 εί
549 975 809 1044 ἄτρεπτοι
842 971 1218 1043 διαμείνωσιν·
1260 971 1320 1024 τὸ
1357 972 1413 1025 δὲ
1448 971 1661 1042 θνητὸν,

127 1065 476 1136 ἀντικειμένως
506 1063 701 1134 τούτῳ.
743 1063 990 1117 Καθόλου
1023 1063 1079 1116 δὲ
1120 1063 1364 1116 ἐοίκασιν
1410 1065 1459 1116 οἱ
1491 1062 1665 1116 τοιοῦ-

128 1177 192 1214 τοι
229 1158 296 1230 μὴ
324 1156 613 1225 γινώσκειν
640 1156 708 1209 τὰ
747 1155 1116 1226 ἀντιστρόφως
1149 1155 1435 1226 λεγόμενα,
1469 1157 1563 1209 καὶ
1590 1155 1665 1220 ὡς

127 1253 176 1306 οὐ
213 1252 373 1304 πάντα
403 1250 471 1303 τὰ
521 1248 826 1320 ὁμωνύμως
873 1248 1014 1303 κατὰ
1070 1265 1230 1302 τινων
1266 1248 1532 1319 λεγόμενα
1565 1250 1664 1302 πέ-

127 1361 271 1414 φυκεν
317 1343 713 1414 ἀντιστρέφειν.
766 1341 825 1395 Ὁ
878 1339 976 1410 μὲν
1036 1338 1146 1411 γὰρ
1196 1339 1327 1402 Θεὸς
1397 1339 1667 1403 παντοίως

125 1435 379 1496 ἀθάνατος,
405 1433 466 1486 οὐ
497 1432 603 1503 μὴν
631 1431 693 1484 τὸ
718 1430 981 1484 ἀθάνατον
1009 1429 1130 1501 ἢδη.
1160 1429 1302 1500 Πρὸς
1329 1430 1385 1483 δὲ
1416 1431 1478 1483 τὸ
1509 1431 1668 1503 ἀόρα-

123 1543 217 1589 τον,
244 1526 344 1577 εἰσὶ
412 1525 512 1594 μὲν
547 1522 672 1594 [I79
699 1521 753 1592 ιι]
787 1523 880 1574 καὶ
914 1521 970 1574 αἱ
1003 1519 1174 1590 ψυχαὶ
1215 1521 1306 1573 καὶ
1338 1523 1385 1574 οἱ
1414 1520 1665 1589 ἄγγελοι,

120 1618 317 1685 ἀόρατοι
355 1614 455 1684 μὲν
485 1613 564 1683 τῷ
590 1610 854 1681 ὀφθαλμῷ
875 1610 968 1664 τοῦ
1009 1609 1259 1680 σώματος
1289 1609 1470 1681 ἡμῶν,
1504 1613 1561 1663 ὲν
1591 1609 1669 1680 τῷ

121 1704 242 1760 εἶναι
265 1705 420 1767 ἐκτὸς
448 1703 558 1756 τῶν
586 1703 796 1774 ὁρατῶν
827 1701 1130 1770 ἰδιωμάτων
1164 1703 1328 1771 (φημὶ
1359 1700 1668 1773 χρώματος,

122 1802 408 1871 σχήματος,
465 1796 726 1868 μεγέθους
748 1802 799 1861 )',
849 1795 1037 1866 ὁρατοὶ
1084 1793 1140 1846 δὲ
1189 1793 1265 1863 τῷ
1313 1793 1412 1864 νῷ,
1455 1794 1483 1846 ὅ
1523 1796 1670 1847 ἐστιν

1763 622 1883 661 nem
1937 605 2213 670 dividitur,
2272 613 2325 659 et
2362 605 2570 659 mortali
2632 605 2935 660 immortale
2985 620 3049 660 ex
3088 606 3336 676 opposito

1763 699 2090 767 reSpondet:
2120 706 2176 751 et
2207 696 2532 764 intelligitur
2561 697 2615 753 in
2660 699 2945 752 animabus
2988 708 3150 766 atque
3171 711 3335 766 ange-

1763 788 1830 843 lis
1864 788 2261 854 immortalitas,
2295 788 2339 841 si
2398 803 2502 842 non
2561 790 2718 842 modo
2768 789 2926 844 morti
2977 788 3196 844 obnoxii
3229 803 3336 842 non

1764 879 1893 944 sint,
1919 879 2060 948 quod
2091 887 2191 946 est,
2218 890 2324 932 non
2346 879 2730 943 dissolvantur,
2758 888 2946 947 utpote
2972 875 3334 944 incompositi,

1765 984 1820 1028 et
1853 989 1947 1042 per
1981 988 2168 1026 eorum
2203 961 2596 1026 'e’ﬂht’éntiam
2653 970 2921 1025 immunes
2947 985 2976 1023 a
3007 979 3215 1032 morte;
3242 971 3334 1022 sed

1766 1077 1833 1117 ne
1862 1062 2190 1132 corruptioni
2221 1061 2437 1129 quidem
2474 1060 2669 1115 mentis
2729 1059 3104 1123 succumbant,
3153 1059 3202 1112 id
3231 1069 3335 1124 est,

1767 1160 1811 1211 si
1845 1155 2144 1210 immobiles
2165 1161 2557 1224 permaneant:
2603 1153 2907 1207 mortalitas
2937 1167 3065 1206 vero
3089 1151 3340 1222 intelligi-

1768 1257 1874 1312 tur,
1907 1246 1950 1301 si
1977 1260 2064 1300 res
2096 1253 2284 1300 contra
2313 1257 2371 1298 se
2403 1243 2616 1297 habeat.
2649 1242 2757 1296 Sed
2805 1243 3053 1296 videntur
3095 1242 3336 1296 haeretici

1769 1338 1858 1393 isti
1881 1352 1944 1393 ea
1968 1337 2190 1392 omnino
2211 1335 2618 1406 ignorare,qua:
2639 1334 2892 1388 dicuntur
2915 1335 3187 1403 reciproce
3200 1332 3336 1404 (80),

1769 1446 1872 1486 nec
1900 1429 2060 1493 scire,
2090 1428 2230 1498 quod
2261 1440 2366 1481 non
2397 1426 2576 1480 omnia
2605 1439 2724 1494 quae
2763 1426 3109 1496 homonyme,
3142 1425 3193 1477 id
3233 1436 3338 1487 est,

1771 1523 1962 1578 iisdem
2019 1519 2294 1576 vocabulis
2343 1520 2624 1589 mquivoce
2654 1519 2720 1574 de
2749 1517 3017 1586 aliquibus
3066 1519 3337 1583 dicuntur,

1774 1614 1897 1668 talia
1935 1623 2060 1667 sunt
2087 1621 2146 1667 ut
2180 1611 2458 1680 reciproce
2483 1610 2587 1665 dici
2639 1619 2695 1664 et
2723 1610 2915 1663 inverti
2945 1610 3175 1680 possint.
3203 1608 3338 1664 Nam

1770 1705 1935 1776 375
1960 1706 2100 1760 Deus
2124 1705 2340 1774 quidem
2371 1713 2455 1758 est
2481 1707 2703 1757 omnino
2743 1717 2808 1756 ac
2855 1701 3094 1772 perfecte
3119 1703 3341 1758 immor-

1771 1797 1894 1852 talis
1919 1815 1932 1850 :
1962 1812 2065 1851 non
2099 1807 2276 1851 tamen
2309 1796 2450 1866 quod
2477 1794 2779 1850 immortale
2803 1804 2908 1862 est,
2930 1795 3183 1849 continuo
3199 1793 3342 1848 Deus

119 1867 255 1964 δμμα
287 1891 389 1960 τῆς
417 1889 628 1960 ψυχῆςο
662 1888 847 1958 ἐπειδὴ
882 1886 956 1958 μὴ
995 1885 1296 1954 ἀνέφικτοι,
1328 1884 1424 1938 ἆτε
1465 1885 1659 1937 κτιστολ

1848 1899 1855 1940 ι
1884 1887 2017 1960 (81).
2054 1885 2206 1953 Quod
2229 1901 2357 1942 vero
2384 1896 2591 1956 spectat
2619 1886 2686 1938 ad
2727 1885 3181 1948 invisibilitatem,
3215 1895 3344 1940 sunt

118 1986 202 2053 τὴν
237 1981 470 2054 ὖπαρξξν
519 1983 680 2045 εἰσιν,
707 1980 820 2034 ἀλλ’
851 1979 997 2032 ἐστιν
1029 1980 1161 2048 ἡμῖν
1190 1976 1373 2048 νόησις
1415 1979 1542 2049 περὶ
1574 1978 1671 2032 αὐ-

116 2069 226 2124 τῶν.
267 2070 465 2134 Ὥστε,
519 2069 567 2121 εί
632 2069 723 2121 καὶ
784 2067 922 2120 κατά
993 2065 1297 2138 προσϐολὴν
1364 2067 1670 2138 αἰσθήσεως

117 2159 374 2231 ὀφθαλμοῦ
404 2159 650 2230 ὄμματος
679 2160 920 2231 ἀόρατοι,
945 2159 1056 2213 ἀλλ’
1086 2153 1178 2211 οὖν
1212 2157 1351 2210 κατὰ
1387 2159 1670 2228 ἀντίληψιν

118 2253 334 2324 θεωρίας
391 2251 821 2323 ὲπιστημονικῆς
871 2250 1054 2323 ὁρατοί
1116 2252 1273 2304 εἰσιν.
1318 2250 1376 2304 '0
1423 2249 1479 2304 δὲ
1531 2251 1670 2316 Θεὸς

119 2340 242 2410 ὑπὲρ
274 2340 338 2393 τὸ
373 2342 624 2413 ἀόρατον,
652 2345 747 2397 καὶ
777 2343 1168 2412 ἀφανέστατον,
1196 2343 1292 2396 καὶ
1325 2342 1465 2414 ὑπὲρ
1496 2344 1674 2398 πάντα

119 2430 226 2483 »οὖν
265 2431 548 2503 ὑπάρχων,
594 2434 655 2486 οὐ
698 2433 855 2504 μόνον
895 2432 1033 2503 ὄψει,
1077 2434 1171 2486 καὶ
1215 2432 1450 2495 συνόλως
1487 2433 1678 2504 αἰσθή-

1776 1983 1992 2050 quidem
2024 1994 2145 2034 cum
2199 1981 2415 2043 animm,
2467 1990 2577 2032 tum
2626 1978 2799 2048 angeli
2839 1977 3134 2033 invisibiles
3189 1977 3343 2032 oculo

1776 2075 2018 2143 corporis
2042 2073 2232 2139 nostri,
2264 2074 2387 2143 quia
2423 2083 2608 2127 carent
2664 2071 2967 2126 visibilibus
3006 2071 3346 2142 proprietati-

1777 2167 1901 2233 bus,
1927 2167 2109 2222 colore
2139 2166 2598 2233 scilicet,hab2tu,
2627 2165 2992 2235 magnitudine
3019 2163 3133 2235 (82)
3169 2178 3184 2216 :
3218 2164 3347 2217 visi-

1779 2259 1913 2314 biles
1937 2268 2112 2313 autem
2152 2269 2276 2314 sunt
2304 2259 2492 2321 menti,
2523 2259 2611 2326 qui
2644 2269 2725 2312 est
2745 2258 2931 2313 oculus
2955 2259 3181 2312 animm:
3214 2272 3347 2326 quo-

1777 2351 1920 2405 niam
1973 2351 2548 2421 iucomprehensibilcs
2626 2366 2730 2404 non
2793 2351 3108 2416 exsistunt,
3162 2357 3346 2418 utpote

1781 2442 1974 2508 creati,
1999 2444 2094 2496 sed
2121 2457 2216 2497 eos
2242 2450 2421 2496 mente
2455 2441 2738 2511 camplecti
2787 2450 2841 2496 et
2863 2441 3184 2511 cogitatione
3198 2455 3348 2494 assc-

122 2539 209 2586 σει,
246 2525 323 2594 μὴ
359 2526 709 2590 ὑποπίπτειν,
739 2525 877 2578 ἀλλά
917 2526 1056 2596 μήτε
1093 2524 1168 2596 νῷ
1215 2523 1659 2593 αὐτῶν,ἀγγέλωι

1848 2532 1869 2582 .i
1895 2545 2203 2599 possumus.
2272 2530 2458 2599 itaque
2513 2531 2614 2596 etsi
2673 2540 2914 2599 Spectato
2962 2529 3207 2600 corporei
3234 2527 3346 2600 (85)

121 2614 408 2685 ἐνορᾶσθαι,
443 2615 536 2669 διὰ
573 2615 636 2668 τὸ
675 2616 1060 2686 ἀκατάληπτον
1098 2615 1189 2669 καὶ
1228 2616 1541 2686 ἀπρόσιτον,
1583 2615 1653 2669 πὲ

1849 2624 1920 2676 ιιιί
1949 2623 2176 2692 appulsu
2245 2639 2308 2677 ac
2343 2638 2504 2679 sensu
2558 2624 2667 2679 sint
2719 2623 3020 2678 invisibiles
3049 2663 3065 2688 ,
3109 2633 3348 2692 spectata

121 2724 292 2773 φυκεν.
321 2709 446 2763 Ὀτι
489 2709 588 2780 μὲν
616 2709 724 2781 γὰρ
766 2709 882 2763 ἐστι
928 2709 1081 2774 Θεὸς,
1111 2711 1246 2763 πᾶσι
1285 2709 1588 2780 γνώριμονο
1623 2726 1652 2761 τ

1848 2729 1962 2768 men
1987 2715 2457 2784 contemplatione,
2506 2732 2570 2770 ac
2613 2715 2860 2781 scientia,
2896 2732 2998 2784 qua
3052 2730 3146 2771 eos
3173 2718 3351 2786 perci-

119 2796 241 2868 δὲ,ἦ
272 2798 390 2861 πῶς
415 2799 650 2870 ὑπάρχει
683 2800 976 2872 θεωρῆσαι,
1017 2800 1234 2853 πάντων
1272 2799 1380 2852 τῶν
1429 2798 1659 2869 φυσικῶς

1855 2820 1912 2858 re
1941 2805 2182 2860 valemus
2233 2817 2288 2860 et
2322 2807 2801 2877 comprehendere,
2839 2806 3080 2862 visibiles
3109 2814 3254 2860 sunt.
3279 2805 3351 2858 At

119 2886 538 2944 δυσαλωτότατον
572 2891 928 2963 καθέστηκεν.
965 2890 1138 2964 Ὀρθῷ
1181 2889 1275 2944 οὖν
1318 2889 1659 2964 προσεῤῥήθι

1848 2911 1917 2951 το
1941 2895 2081 2950 Dens
2107 2912 2228 2951 cum
2286 2913 2446 2968 supra
2502 2898 2792 2962 invisibile,
2832 2909 2888 2954 et
2919 2914 3082 2968 supra
3129 2896 3179 2951 id
3204 2895 3350 2966 quod

119 2981 289 3051 τρόπῳ
331 2981 409 3052 τῷ
462 2983 740 3054 εἰρημένῳ
793 3003 810 3035 ι
843 2984 1001 3054 μόνος
1058 2982 1346 3046 ἀθάνατος,
1401 2983 1564 3052 σοφός
1611 2999 1659 3035 τε

1848 2986 2019 3040 axime
2057 2987 2327 3042 occultum
2365 2995 2467 3054 est,
2496 2999 2549 3043 et
2573 3003 2734 3058 supra
2766 3003 2980 3044 omnem
3003 2997 3238 3042 mentem
3261 3001 3351 3042 ex-

119 3069 256 3135 Θεὸς,
283 3075 378 3126 καὶ
407 3074 658 3146 ἀόρατος.
681 3093 702 3127 ι

1848 3088 1954 3144 .tat,
1985 3095 2090 3132 non
2136 3079 2293 3134 modo
2346 3080 2447 3134 sub
2494 3080 2778 3145 visionem,
2827 3087 2920 3133 aut
2968 3077 3192 3133 omnino
3247 3081 3350 3132 sub

122 3178 325 3217 sensum
384 3166 579 3221 cadere
609 3181 714 3220 non
785 3174 982 3236 potest.
1033 3165 1127 3221 sed
1170 3179 1238 3221 ne
1285 3172 1466 3221 mente
1531 3168 1746 3236 quidem
1790 3171 2026 3239 ipsorum
2051 3170 2362 3239 angelorum
2389 3169 2600 3238 inspici,
2639 3169 2782 3238 quod
2823 3170 2893 3225 sit
2938 3168 3352 3240 incomprehen-

121 3254 279 3310 sibilis
305 3267 364 3312 et
411 3255 821 3313 inaccessibilis.
880 3258 1032 3325 Quod
1086 3257 1228 3312 enim
1260 3256 1401 3313 Deus
1427 3258 1676 3324 exsistat,
1717 3262 1966 3316 omnibus
2007 3271 2191 3317 notum
2213 3273 2338 3317 est:
2377 3263 2504 3332 quid
2568 3259 2770 3327 autem,
2829 3270 2921 3317 aut
2951 3265 3222 3334 quomodo
3252 3261 3345 3326 sit,

126 3359 311 3401 creata
359 3350 558 3404 mentis
601 3347 896 3417 speculatio
942 3349 1156 3416 assequi
1216 3362 1322 3402 non
1378 3349 1522 3404 valet
1568 3366 2064 3423 :quarumcunque
2096 3355 2238 3408 enim
2325 3354 2652 3408 naturalium
2715 3369 2896 3409 rerum
2967 3356 3327 3426 cognitionem

121 3439 348 3508 cognitio
380 3440 510 3493 ista.
535 3439 993 3512 praetergreditur.
1041 3438 1209 3494 Recte
1254 3437 1366 3511 (86)
1398 3454 1528 3511 ergo
1553 3442 1814 3511 praedicto
1871 3445 2032 3499 modo
2056 3445 2232 3500 dictus
2256 3444 2356 3498 fuit
2381 3462 2400 3495 ι
2439 3444 2586 3500 solus
2618 3445 2959 3511 immortalis,
3017 3457 3073 3500 et
3131 3447 3354 3515 sapiens

122 3529 271 3597 Deus,
299 3543 357 3587 et
383 3531 685 3591 invisibilis.
713 3550 732 3584 ι

751 3625 909 3679 ΚΕΦ.
937 3621 1034 3679 η’.

180 3715 289 3768 Καὶ
337 3713 446 3786 μὴν
515 3714 611 3768 mi.
674 3713 744 3769 τά
793 3715 942 3786 παρά
979 3714 1197 3787 Ἰωάννῃ
1261 3714 1537 3788 ἀμώμητα
1583 3718 1677 3772 καὶ

119 3808 449 3880 ἀνεπίληπτα
491 3807 587 3862 τοῦ
625 3809 842 3863 πάντων
897 3809 1103 3880 Κυρίου
1172 3810 1426 3880 ῥήματα,
1466 3809 1536 3864 τά
1583 3810 1674 3864 λέ-

123 3913 300 3963 τοντα·
339 3916 362 3949 ι
387 3899 598 3970 Ὥσπερ
635 3900 665 3952 ὁ
696 3899 885 3970 Πατὴρ
931 3899 1074 3969 ζωὴν
1121 3899 1236 3970 ἔχει
1271 3901 1328 3954 ἐν
1362 3899 1556 3971 ἑαυτῷ,
1587 3899 1680 3955 οὓ-

121 4006 220 4052 τως
278 3989 450 4044 ἔδωκε
490 3991 585 4044 καὶ
630 3990 709 4062 τῷ
739 3989 853 4061 Υξῷ
885 3989 1028 4063 ζωὴν
1061 3991 1204 4062 ἔχειν
1233 3993 1291 4044 ἐν
1337 3991 1546 4063 ἑαυτῷ·
1584 3994 1680 4046 κα)⁵

124 4081 356 4146 ἐξουσίαν
397 4083 597 4136 εδωκεν
633 4081 783 4154 αὺτῷ
831 4081 1012 4155 κρίσιν
1063 4085 1256 4148 ποιεῖν,
1298 4084 1380 4136 ὅτι
1419 4083 1545 4148 Υἱὸς
1590 4085 1684 4139 ἀν-

124 4171 328 4242 θρώπου
365 4174 544 4227 ἐστίν’
577 4191 598 4228 ι
631 4174 725 4229 καὶ
764 4173 950 4228 πάλιν·
991 4191 1012 4227 ι
1036 4174 1143 4238 Οὓς
1185 4173 1390 4238 ἔδωκάς
1445 4193 1562 4246 μοι,
1603 4178 1686 4230 σοὶ

122 4259 270 4333 ἦσαν,
294 4266 391 4320 καὶ
417 4264 541 4336 ἐμοὶ
567 4265 763 4330 αὐτοὺς
786 4265 1023 4328 ἔδωκαν
1051 4284 1071 4316 ι
1099 4269 1192 4319 καὶ
1221 4266 1386 4322 πάλιν
1407 4283 1422 4298 ο
1454 4287 1472 4320 ι
1501 4268 1685 4322 Πάντα

127 4371 206 4423 μοι
239 4356 512 4429 παρεδόθη
548 4355 698 4428 παρά
740 4356 834 4410 τοῦ
864 4358 1077 4430 Πατρός
1119 4373 1250 4429 μου·
1279 4377 1296 4410 ι
1346 4359 1440 4412 καὶ
1487 4359 1647 4414 πάλιν
1669 4376 1683 4390 ⁸

2386 3623 2536 3680 CAP.
2579 3624 2738 3679 XVII.

1855 3717 2019 3786 Atqui
2046 3717 2209 3772 verba
2237 3716 2402 3772 etiam
2443 3716 2941 3784 irreprehensibilia
2988 3716 3351 3787 etinculpata,

1785 3823 1904 3878 qua:
1929 3809 1998 3862 ab
2019 3809 2258 3864 omnium
2291 3807 2520 3863 Domino
2553 3809 2692 3873 apud
2723 3806 2982 3863 Joannem
3021 3807 3164 3864 dicta
3193 3818 3352 3864 sunt:

1791 3899 2124 3974 «Sicut(85)
2173 3900 2334 3956 Pater
2392 3901 2560 3955 vitam
2617 3901 2781 3956 habet
2820 3900 2874 3954 in
2932 3899 3242 3970 semetipso,
3270 3899 3354 3956 sic

1785 3993 1935 4048 dedit
1962 4003 2016 4048 et
2050 3993 2187 4048 Filio
2221 3994 2388 4048 vitam
2452 3994 2652 4049 habere
2690 3994 2744 4048 in
2777 3993 3100 4062 semetipso;
3123 4003 3176 4049 et
3200 4002 3355 4064 patec

1781 4092 1975 4138 statem
1993 4085 2139 4139 dedit
2156 4085 2254 4154 ipsi
2275 4084 2536 4152 judicium
2565 4083 2767 4150 facere,
2790 4084 2916 4153 quia
2938 4083 3355 4140 Filiushominis

1783 4185 1899 4240 est;
1932 4193 1952 4227 ι
1981 4184 2036 4230 et
2064 4190 2291 4230 rursus:
2331 4194 2350 4228 ι
2385 4175 2532 4243 Quos
2588 4177 2780 4233 dedisti
2811 4175 2922 4248 (86)
2951 4176 3082 4231 mihi
3112 4175 3246 4246 (87),
3275 4177 3352 4230 tui

1784 4279 1963 4334 erant,
1985 4279 2040 4324 et
2065 4269 2192 4324 mihi
2225 4283 2318 4325 eos
2338 4269 2570 4338 dedisti;
2595 4289 2616 4323 ι
2644 4281 2939 4326 etrursus:
2977 4287 2996 4321 ι
3029 4265 3221 4325 Omnia
3241 4267 3352 4340 (88)

1788 4359 1920 4414 mihi
1953 4359 2145 4412 tradita
2174 4368 2301 4413 sunt
2327 4375 2356 4412 a
2385 4359 2546 4416 Patre
2578 4376 2734 4429 meo;
2781 4379 2800 4414 ι
2833 4370 2890 4416 et
2927 4374 3150 4415 rursus:
3176 4377 3197 4413 ι
3221 4359 3354 4414 Data

127 4577 243 4632 Iulis
267 4582 595 4656 secundiuac
639 4584 781 4640 tertii
811 4583 946 4656 libri
985 4599 1018 4641 e
1065 4583 1678 4656 Passroneianodcodice
1714 4577 1760 4632 D
1859 4583 1970 4656 (82)
2004 4584 2388 4653 Magnitudine.
2429 4583 2508 4656 Eu
2561 4581 2792 4653 μέγεθος
2851 4582 2999 4656 illud,
3050 4581 3103 4635 id
3154 4589 3352 4656 est_,__ea

125 4650 369 4724 superius
389 4652 619 4724 _li_deliter
647 4655 966 4723 exscriptis,
1011 4665 1120 4724 tum
1148 4671 1212 4710 ex
1247 4670 1366 4724 pag.
1399 4654 1523 4719 M6,
1550 4654 1676 4721 175,

128 4717 222 4772 185
262 4720 483 4792 {3219;
518 4732 627 4777 tum
671 4717 886 4779 demum
935 4717 1002 4779 ex
1043 4717 1282 4788 Socrate,
1309 4717 1396 4792 qui
1439 4717 1575 4778 lilier
1601 4717 1676 4787 IV;

125 4787 347 4864 92.23,
366 4807 502 4864 opus
525 4794 694 4864 hocce
717 4793 982 4864 appellat:
1014 4794 1089 4848 Τὰ
1115 4795 1248 4863 περὶ
1271 4787 1522 4862 ίΤριὰδος
1549 4796 1708 4863 τρία,

125 4855 339 4918 βιϐλία.
380 4855 536 4916 Parvi
572 4855 802 4918 forsitan
827 4866 1083 4919 momenti
1110 4855 1376 4920 videbitur
1419 4855 1532 4919 haec
1574 4855 1672 4918 ad-

125 4931 323 5008 notatio
347 4969 364 4994 ,
391 4933 486 5008 sed
519 4933 694 5008 reipsa
730 4948 834 4987 non
866 4943 950 5008 est
990 4934 1297 5008 huiusmodi
1323 4952 1338 5000 ;
1367 4935 1682 5008 valetenim

126 4997 265 5072 {did
291 4997 718 5072 conﬁrmandum
753 5005 897 5072 quod
921 4997 1080 5069 volui
1111 5005 1265 5058 citari
1302 4997 1494 5072 nempe
1527 5006 1617 5058 hic
1651 5018 1680 5056 a

127 5064 342 5144 Didymo
367 5085 502 5138 opus
525 5071 600 5125 De
623 5064 824 5142 Spiriiu
842 5084 1021 5127 sancto
1053 5064 1120 5127 ab
1152 5064 1478 5144 llieronynio
1503 5087 1682 5144 trans-

125 5133 306 5204 latu'm,
347 5133 452 5194 non
498 5157 626 5195 vero
660 5133 965 5197 secundum
1014 5158 1080 5196 ex
1129 5146 1299 5196 tribus
1351 5133 1498 5197 hisce
1530 5143 1682 5197 libris

125 5205 192 5280 LI:
231 5206 518 5280 Trinitate,
551 5213 798 5279 quamvis
835 5213 978 5267 hunc
1011 5212 1265 5266 librarius
1303 5213 1637 5280 inscripserit
1666 5230 1679 5266 :

125 5276 251 5344 Περὶ
281 5279 388 5333 τοῦ
417 5276 591 5349 ἀτίοὐ
619 5284 984 5350 Πνεύματος,
1013 5283 1063 5336 id
1095 5294 1197 5345 est,
1222 5281 1294 5336 De
1331 5276 1532 5349 Spiritu
1559 5299 1684 5336 san-

123 5355 218 5409 cio,
250 5361 533 5418 propterea
563 5353 704 5420 quod
737 5355 802 5406 de
826 5353 1024 5419 Spiritu
1055 5365 1240 5406 sancto
1267 5353 1337 5407 ibi
1383 5367 1561 5406 sermo
1593 5353 1681 5418 sit,

123 5427 251 5469 Sicut
280 5420 345 5473 de
372 5419 513 5473 Filio
535 5437 715 5474 sermo
742 5432 824 5476 est
851 5423 902 5476 in
933 5422 1106 5476 primo
1135 5423 1290 5476 libro.

422 5436 513 5473 ιιιο
535 5437 715 5474 sermo
742 5436 824 5476 CSI.
851 5438 902 5476 ιη
933 5437 1106 5476 DI‘IIIIO
1136 5436 1290 5476 Ιιυτο.

123 5437 251 5469 sicut
280 5437 345 5473 ue
372 5437 402 5472 ι·
422 5437 513 5473 mo
535 5437 715 5474 sermo
742 5437 824 5476 εει
851 5438 902 5476 ιη
933 5437 1106 5488 primo
1136 5437 1290 5476 noro.

121 5486 411 5608 “£123.13
443 5491 755 5545 immortali.
786 5492 987 5557 Codex,
1022 5491 1098 5562 τῷ
1133 5491 1366 5563 θανάτῳ.
1412 5491 1576 5562 Lego,
1607 5492 1686 5564 τῷ

185 5574 382 5612 ανατω.
908 5607 914 5612 .

182 5613 618 5766 ἔξωηεείμτοσι.
671 5629 873 5696 Codex,
922 5630 1311 5702 ἀντιστρόπως.
1343 5631 1504 5700 Lego,
1535 5633 1684 5686 ἀντι-

243 5717 379 5766 φως.

122 5711 379 5766 προφως.

173 5773 291 5835 (81)
325 5768 467 5822 Deus
492 5780 602 5842 eu.
649 5768 773 5842 llaec
814 5769 992 5842 addidi
1033 5786 1098 5824 ex
1131 5772 1484 5842 conjectura;
1523 5772 1680 5828 deest

119 5851 254 5890 Cum:
285 5839 597 5892 vocabulum
633 5840 847 5907 aliquod
875 5841 925 5891 in
953 5843 1157 5896 codice.
1190 5839 1278 5898 ei.
1307 5859 1385 5912 gr.
1423 5841 1574 5905 Θεὸς.

347 5931 624 5991 ΡΑπιοι.
663 5930 781 5990 Gn.
816 5929 1118 5992 XXXIX.

1787 4673 1807 4705 ι
1835 4652 2207 4725 magnitudo,»
2270 4671 2432 4722 quam
2479 4652 2589 4708 Deo
2633 4652 2856 4720 denegat
2883 4654 3172 4721 “Didymus;
3223 4652 3355 4705 Vide

1782 4725 1975 4781 similia
2015 4725 2264 4781 Origeuis
2289 4727 2448 4778 verba
2488 4739 2608 4781 οδε.
2646 4724 2744 4776 115
2774 4738 2804 4775 a
2833 4737 2916 4774 me
2941 4723 3122 4774 allata.

1854 4739 1975 4778 mna
2015 4739 2264 4794 urtgems
2289 4739 2448 4778 verna
2488 4739 2608 4792 pag.
2646 4739 2744 4776 ιι.)
2774 4739 2804 4775 a
2833 4739 2916 4774 me
2941 4739 3122 4774 anata.

1854 4795 1965 4866 (85)
2000 4795 2267 4866 corporei.
2299 4792 2352 4847 ln
2383 4792 2591 4866 Grmco,
2627 4789 2904 4866 όφθαλμοῢ
2940 4792 3206 4866 ὄμματος.
3244 4789 3351 4843 Ita-

1782 4860 1887 4988 gue
1915 4860 2006 4918 aut
2041 4860 2316 4935 legendum
2346 4862 2618 4932 σώματος,
2650 4860 2700 4915 id
2730 4860 2833 4924 est,
2864 4880 2882 4912 ι
2912 4860 3182 4930 corporis,
3208 4879 3227 4912 ι
3256 4875 3353 4984 Ero

1818 4953 2049 4988 μματος.
2101 4944 2159 4987 ut
2201 4935 2314 4988 ipse
2360 4935 2498 4988 legi:
2535 4944 2627 4985 aut
2675 4936 2992 4985 alterutrtnn
3031 4945 3098 4983 ex
3143 4933 3251 4984 duo
3292 4946 3353 4984 us

1817 4953 2049 5007 μματος,
2098 4933 2159 4987 ut
2201 4935 2314 5003 ipse
2360 4935 2627 5007 legi;_aut
2675 4936 2992 5007 alterutrum
3024 4945 3098 5007 ex
3143 4933 3354 4984 duobus

1782 5001 2057 5060 vocabulis
2107 5019 2172 5057 ex
2224 5001 2471 5072 margine
2508 5003 2558 5055 in
2590 5013 2790 5054 textum
2849 5001 3354 5072 irrepsisseputan-

1784 5079 1910 5129 dum
1945 5087 2056 5138 est;
2098 5082 2190 5127 aut
2219 5070 2432 5136 demum
2460 5071 2615 5142 ὄμμα
2649 5086 2755 5125 non
2797 5071 3030 5133 oculum,
3065 5071 3156 5126 sed
3192 5070 3354 5124 visio-

1784 5161 1905 5201 nem
1931 5147 2168 5198 denotat.

1855 5214 1966 5286 (84)
1995 5214 2167 5270 Recte.
2199 5212 2376 5268 Codex
2418 5209 2909 5286 ages.....;pew_
2947 5209 3026 5286 τῷ
3059 5209 3352 5286 εἰρημένῳ,

1785 5287 1839 5342 id
1865 5281 1969 5354 est,
2021 5304 2037 5336 ι
2064 5295 2209 5337 recto
2254 5299 2416 5354 sensu
2453 5281 2612 5351 quem
2660 5281 2796 5337 dixi.
2824 5300 2843 5332 ι
2877 5281 2985 5336 Sed
3034 5283 3354 5337 concmnior

1784 5352 1998 5410 videtur
2021 5355 2198 5419 lectio,
2216 5352 2416 5425 ῥρθῶς.

1857 5426 1969 5496 (85)
2003 5425 2173 5479 Sicut.
2203 5422 2365 5496 Joan.
2397 5437 2450 5496 v_,
2479 5422 2571 5486 εδ,
2599 5423 2690 5480 27.

1858 5493 1970 5566 (86)
2008 5496 2150 5566 Quos
2176 5495 2385 5566 dedisti.
2416 5493 2568 5566 Joan.
2597 5509 2734 5557 xv",
2771 5494 2824 5550 6.

1860 5557 1969 5637 (87)
2002 5557 2156 5619 Hild.
2205 5563 2392 5618 Graeca
2441 5565 2607 5637 editio
2665 5566 2753 5619 hic
2810 5564 2980 5626 addit,
3004 5566 3086 5637 sx
3137 5559 3231 5613 τοῦ

1789 5629 1960 5709 σμου,’
1985 5639 2035 5690 id
2062 5648 2166 5699 εει,
2198 5654 2230 5709 _¢_
2250 5650 2313 5709 ex
2351 5636 2571 5709 mundo.
2599 5654 2618 5686 ι
2656 5637 2786 5702 Quae
2816 5637 2976 5688 verba
3003 5635 3054 5688 in
3088 5629 3363 5687 nonnullis

1788 5705 2081 5764 Bililiorum
2115 5706 2390 5760 codicibus
2431 5705 2646 5758 desunt.

1858 5778 1966 5850 (88)
2007 5776 2216 5832 Omnia.
2251 5773 2433 5830 Matth.
2470 5791 2545 5839 χι,
2575 5775 2664 5827 27.

2961 5929 3038 5988 28
