3716 6382
441 411 546 468 875

1673 403 1906 470 mum
1942 400 2407 472 ALEXANDi'uNI
3534 413 3608 469 ιιι

437 526 647 600 est(89)
677 527 806 584 mihi
831 529 1007 585 omnis
1027 537 1263 600 potestas
1282 529 1334 584 in
1359 531 1516 596 coelo,
1538 541 1592 587 et
1621 534 1674 587 in
1703 543 1875 599 terra;
1918 552 1936 586 ι

2120 554 2137 586 ι
2177 534 2360 606 Ἐδόθη
2401 552 2489 606 μοι
2521 537 2667 589 πᾶσα
2684 535 2897 600 ἐξουσία
2915 535 2972 590 ἐν
3005 532 3219 606 οὐρανῷ
3256 531 3349 588 καὶ
3379 532 3457 586 ἐπὶ
3470 533 3604 604 γῆς-ι

437 621 602 674 verba
654 619 910 674 Davidis:
941 619 1206 676 «Postula
1259 621 1371 692 (90)
1409 628 1436 677 a
1484 639 1592 690 me,
1649 633 1703 679 et
1750 625 1887 680 dabo
1912 624 2002 679 tibi

439 722 623 781 gentes
660 711 1025 766 haereditatem
1057 721 1226 774 tuam,
1276 723 1328 766 et
1354 719 1670 782 potestatem
1717 723 1861 768 tuam
1901 722 2006 767 ter-

440 803 613 855 minos
651 810 842 868 terrae;
884 819 901 851 »
933 810 986 854 et
1016 802 1118 856 alia
1151 803 1232 857 his
1281 800 1495 870 similia,
1550 803 1870 858 ineffabilem
1919 803 2005 858 In—

438 893 809 948 carnationem
837 893 1000 964 376
1027 895 1301 948 denotant.
1337 896 1466 949 Rem
1508 908 1686 950 autem
1736 897 1809 951 ita
1835 912 1892 951 se
1914 899 2004 950 ha-

437 984 566 1038 bere
597 995 800 1038 certum
839 995 943 1048 est,
981 985 1142 1053 idque
1174 994 1324 1039 extra
1347 986 1768 1040 controversiam
1801 995 2002 1054 ponunt

435 1077 597 1130 verba
626 1076 758 1137 haec,
793 1090 910 1143 qua:
963 1076 1143 1130 statim
1171 1075 1534 1145 ailjunguntur
1568 1094 1581 1130 :
1626 1097 1642 1128 ‹
1670 1077 1802 1143 Quia
1829 1075 2000 1132 Filius

434 1165 670 1220 hominis
727 1174 849 1232 est;
880 1184 898 1215 ι
944 1173 1002 1219 ιιι
1066 1166 1289 1235 proinde
1358 1181 1566 1231 omnes,
1617 1169 1705 1234 qui
1736 1169 1908 1220 anima
1936 1183 1999 1222 ac

434 1269 595 1309 sensu
629 1253 785 1323 plane
813 1255 1055 1309 destituti
1088 1270 1188 1308 non
1219 1255 1346 1319 sint,
1374 1256 1528 1310 nobis
1545 1267 1802 1325 cogantur
1819 1272 1999 1311 assen-

433 1345 547 1398 tiri.
580 1343 712 1397 Nam
771 1360 891 1399 cum
947 1344 1236 1399 benevolus
1281 1353 1426 1399 esset
1474 1356 1658 1400 nostro
1706 1347 1908 1417 generi,
1942 1357 1996 1402 et

429 1435 728 1490 voluntarie
749 1435 925 1490 factus
941 1445 1085 1491 esset
1109 1451 1312 1505 pauper
1333 1453 1516 1502 carne,
1542 1439 1994 1506 quemadmodum

431 1528 620 1582 scribit
650 1526 846 1584 Paulus
880 1527 1014 1599 (91),
1043 1537 1242 1592 utnos,
1273 1529 1362 1598 qui
1393 1529 1716 1583 omnimodis
1769 1529 1994 1599 jacturis

430 1628 484 1674 et
518 1620 904 1674 mutationibus
939 1633 1060 1673 cum
1088 1607 1309 1690 propter
1359 1632 1512 1676 vetus
1541 1632 1839 1690 peccatum,
1881 1631 1991 1676 tum

429 1723 650 1782 propter
685 1711 926 1766 recentia
958 1711 1174 1765 obnoxii
1229 1725 1465 1776 eramus,
1513 1712 1629 1782 ejus
1682 1722 1992 1780 paupertate

427 1801 842 1864 ditesceremus,
877 1815 1106 1869 cumque
1143 1803 1299 1855 modo
1331 1802 1581 1856 omnibus
1623 1803 1737 1856 utili
1769 1818 1827 1857 se
1849 1818 1991 1872 gere-

2106 627 2197 678 καὶ
2231 626 2322 679 τοῦ
2362 627 2524 679 Δαυῖδ
2544 643 2556 656 ο
2598 646 2615 678 ι
2642 627 2870 696 Αἴτησαι
2915 627 3044 694 παρ’
3075 624 3231 695 ἐμοῦ,
3277 623 3372 677 καὶ
3402 621 3528 676 δώσω
3553 641 3608 678 σοι

2101 718 2230 788 ἔθνη
2264 718 2360 789 τὴν
2405 717 2766 789 κληρονομίαν
2807 735 2901 772 σου
2930 716 3133 789 [1791:]
3174 757 3188 782 ,
3213 715 3309 768 καὶ
3355 713 3447 785 τὴν
3487 715 3608 767 κατά·

2105 807 2284 879 σχεσίν
2320 826 2410 861 σου
2435 808 2502 861 τὰ
2545 809 2752 878 πέρατα
2807 809 2905 879 τῆς
2930 809 3061 878 γῆς’
3088 826 3108 860 ι
3160 807 3256 861 καὶ
3289 807 3387 858 ὅσα
3421 805 3605 869 τοιαῦτα,

2100 902 2197 972 τὴν
2239 903 2515 972 ἄφραστον
2553 901 2858 971 οἰκονομίαν
2901 901 3067 970 δηλοῖ.
3110 899 3221 952 Καὶ
3269 898 3466 967 ἄμαχον
3491 896 3607 948 τοῦτο

2101 994 2258 1046 πλέον
2289 996 2448 1054 ποιεῖ,
2485 992 2578 1046 καὶ
2622 993 2826 1055 πάντας
2859 993 3175 1059 ἀναγκάζει,
3212 989 3340 1052 τούς
3371 1005 3429 1056 γε
3465 989 3521 1057 μὴ
3546 1005 3605 1039 τε-

2099 1082 2232 1146 λέως
2258 1082 2516 1152 ἀψύχους,
2569 1082 2910 1136 συντίθεσθαι
2945 1085 3078 1152 ἡμῖν
3118 1082 3176 1134 τδ
3209 1081 3371 1142 εὐθὺς
3406 1082 3605 1149 προσκεῖ-

2100 1175 2252 1227 σθαι’
2294 1194 2311 1226 ι
2339 1175 2459 1227 ’Ότι
2497 1174 2622 1238 Υἱὸς
2660 1174 2948 1245 ἀνθρώπου
2997 1174 3161 1226 ἐστίν.
3187 1192 3204 1223 ι
3259 1171 3498 1241 Εὐμενῶς
3527 1171 3604 1240 γὰρ

2096 1263 2231 1334 ἔχων
2286 1263 2420 1332 πρὸς
2471 1263 2530 1316 τὸ
2582 1261 2735 1332 γένος
2774 1263 2960 1333 ἡμῶν,
3007 1261 3101 1315 καὶ
3147 1262 3287 1315 ἑκὼν
3344 1261 3607 1329 mulsae-1;

2098 1355 2279 1424 σαρκὶ,
2309 1355 2383 1417 ὡς
2428 1354 2628 1425 γράφει
2659 1354 2686 1406 ὁ
2725 1353 2953 1417 Παῦλος,
2991 1354 3057 1406 ἵν’
3093 1355 3272 1425 ἡμεῖς,
3299 1354 3347 1404 οἱ
3380 1353 3606 1413 παντοίαις

2097 1443 2317 1514 βλάϐαις
2351 1446 2441 1498 καὶ
2476 1444 2815 1515 μεταϐολαῖς,
2838 1445 2926 1497 διά
2956 1461 3015 1496 τε
3043 1445 3142 1515 τὴν
3173 1444 3406 1515 ἀρχαίαν
3434 1443 3606 1503 καὶτὰς

2096 1537 2438 1606 προσφάτους
2505 1535 2810 1607 ἁμαρτίας,
2870 1537 3255 1606 ὑποκείμενοι,
3316 1537 3382 1603 τῇ
3443 1535 3604 1588 ἐκείνου

2092 1625 2332 1696 πτωχεία
2367 1625 2753 1696 πλουτήσωμεν
2772 1642 2786 1656 ο
2822 1626 2914 1678 καὶ
2942 1627 3104 1679 πᾶσιν
3136 1625 3448 1696 προσφόρως
3478 1640 3607 1693 προπ-

2093 1716 2417 1787 φερὸμενος,
2475 1720 2540 1787 τῇ
2602 1719 2730 1788 ἡμῖν
2784 1717 3062 1788 συντρόφῳ
3118 1717 3317 1787 ἐχρῆτο
3369 1716 3602 1783 διαλέκτῳ,

2090 1808 2237 1871 ὅπως
2283 1807 2378 1879 τὴν
2425 1807 2733 1878 οἰκονομίαν
2784 1808 3071 1878 συνῶμεν,
3119 1809 3194 1878 μὴ
3233 1806 3310 1876 τῷ
3357 1806 3491 1875 δγκῴ
3532 1805 3604 1874 τῆς

429 1902 532 1958 ret,
566 1893 795 1948 dialecto
855 1893 1010 1947 nobis
1067 1892 1135 1946 ab
1175 1893 1500 1948 incunabilis
1541 1893 1787 1947 familiari
1812 1895 1946 1948 uteb:

2093 1899 2240 1961 θείας
2293 1875 2766 1969 ἀποθαμδούμενοι
2818 1875 3088 1969 φράσεως.
3121 1875 3331 1968 -Ἰιρκει
3395 1898 3490 1967 γὰρ
3537 1899 3606 1948 καὶ

431 1994 538 2052 tur,
568 1994 626 2038 ut
653 1985 1080 2039 lncarnationem
1112 1985 1557 2054 intelligeremus,
1598 2000 1770 2053 neque
1791 2001 1890 2040 nos
1910 1987 1991 2038 di-

425 2075 566 2130 vinae
600 2075 884 2131 locutionis
912 2075 1214 2130 sublimitas
1245 2077 1712 2144 obstupefaceret;
1755 2077 1836 2130 vel
1881 2077 1991 2130 sola

425 2167 568 2221 enim
595 2167 848 2220 miracula
877 2166 1012 2220 satis
1068 2166 1428 2220 ostendebant
1473 2167 1646 2234 ipsum
1675 2181 1795 2221 esse
1826 2166 1988 2220 Deum

424 2259 561 2314 initii
593 2270 886 2329 expertem,
950 2274 1014 2315 ac
1072 2260 1271 2315 nullius
1318 2269 1598 2328 egentem:
1630 2262 1764 2315 adeo
1794 2271 1850 2314 ut
1883 2277 1990 2314 mo-

423 2351 574 2405 deste
600 2349 823 2418 loquens
850 2349 1012 2403 etiam
1043 2349 1158 2404 haec
1179 2349 1380 2403 dixerit
1412 2367 1425 2403 :
1465 2367 1483 2400 ι
1517 2347 1710 2417 Vulpes
1736 2351 1847 2418 agri
1875 2349 1986 2419 (92)

421 2439 603 2495 foveas
632 2441 850 2506 habent,
895 2448 950 2492 et
997 2437 1366 2508 volucres(95)
1405 2437 1526 2492 caeli
1590 2439 1775 2503 nidos;
1818 2438 1987 2495 Filius

421 2543 597 2587 autem
624 2531 862 2586 hominis
889 2546 993 2584 non
1025 2523 1188 2585 habet
1223 2531 1310 2583 ubi
1338 2541 1500 2599 caput
1540 2530 1763 2584 inclinet
1793 2530 1906 2602 (94)
1934 2547 1978 2584 ει

419 2639 520 2678 nec
540 2625 682 2679 enim
717 2621 831 2694 (95)
851 2624 1266 2678 decebatrerum
1297 2623 1540 2677 omnium
1576 2623 1850 2678 dominum
1871 2622 1981 2694 (96)

419 2715 621 2785 aliquid
658 2716 710 2770 in
744 2726 887 2770 terra
942 2715 1243 2786 possidere,
1298 2716 1440 2785 quod
1486 2714 1600 2784 ejus
1624 2715 1786 2769 veluti
1816 2731 1980 2785 pecu-

418 2805 630 2860 liariter
685 2805 962 2875 proprium
1015 2814 1175 2861 esset.
1217 2803 1486 2860 Praeterea
1540 2819 1669 2860 vero
1707 2821 1828 2861 eum
1861 2807 1981 2876 qui-

418 2899 562 2962 dem,
595 2898 684 2969 qui
714 2899 854 2952 Deus
884 2907 1023 2960 erat,
1053 2909 1106 2952 et
1141 2898 1224 2952 cui
1271 2898 1414 2952 nulla
1474 2912 1707 2966 unquam
1738 2912 1858 2952 cum
1885 2899 1982 2951 ho-

414 2990 650 3044 minibus
705 2990 923 3059 querela
956 2997 1048 3044 aut
1075 2990 1348 3044 contentio
1374 2989 1491 3056 fuit,
1531 2989 1814 3058 oportebat
1843 3002 1980 3058 quo-

417 3081 702 3135 dammodo
731 3097 792 3135 ea
827 3081 994 3150 loqui,
1022 3096 1139 3149 qua:
1165 3081 1409 3135 humanae
1456 3080 1748 3134 conditioni
1778 3093 1976 3134 conve-

416 3171 617 3225 nientia
656 3170 832 3226 forent
882 3186 945 3226 ac
975 3173 1252 3226 modesta:
1279 3174 1417 3241 quod
1441 3172 1840 3226 serenissimam
1859 3171 1978 3240 qui-

416 3263 536 3316 dem
570 3262 759 3331 ipsius,
797 3263 1138 3331 maximeque
1193 3261 1404 3315 beatam
1430 3304 1443 3327 ,
1493 3269 1546 3315 et
1571 3260 1748 3314 omnla
1801 3261 1973 3315 conti-

415 3362 628 3408 nentem
650 3363 891 3407 naturam
926 3353 1056 3406 nihil
1086 3352 1328 3414 lmdehat,
1355 3352 1505 3406 nobis
1529 3365 1654 3406 vero
1675 3352 1924 3420 proderat
1955 3374 1968 3407 :

413 3458 627 3513 semper
663 3444 807 3500 enim
839 3445 954 3513 ipse
1006 3445 1224 3513 reSpicit
1257 3459 1362 3498 non
1397 3443 1666 3512 propriam
1693 3443 1774 3497 sui
1799 3443 1969 3512 ipsius

411 3537 768 3602 altitudinem,
803 3536 893 3590 sed
927 3536 1199 3590 hominum
1245 3535 1618 3605 abjectionem.
1681 3535 1968 3604 lpsummet

363 3627 368 3629 “
407 3641 536 3680 vero
563 3625 690 3680 mihi
745 3624 1150 3695 suffragatorem
1185 3624 1378 3679 faciam
1428 3627 1540 3678 haac
1574 3625 1836 3679 dicentem
1865 3624 1966 3680 Pe—

411 3727 490 3772 tro
513 3735 527 3770 :
559 3717 661 3774 «Ut
677 3717 992 3787 antem(97),
1012 3717 1205 3786 inquit,
1224 3733 1330 3771 non
1355 3716 1960 3787 scandalizemuSipsos,

409 3813 540 3865 vade
574 3813 625 3865 in
666 3827 832 3876 mare,
865 3810 1098 3878 etjacito
1128 3812 1365 3873 hamum,
1395 3818 1450 3863 et
1471 3825 1590 3862 eum
1623 3809 1844 3879 piscem,
1869 3809 1960 3879 qui

2092 1990 2228 2061 μόνα
2254 1989 2322 2043 τὰ
2353 1989 2605 2058 θαύματα
2633 1989 2907 2057 ἐκφαίνειν
2939 1990 3038 2062 τὴν
3069 1988 3300 2059 ἄναρχον
3330 1988 3420 2040 καὶ
3444 1990 3606 2056 ἀπροτ-

2086 2082 2180 2152 δεῆ
2222 2079 2384 2134 αὐτοῦ
2425 2081 2683 2152 θεότητα·
2723 2081 2796 2144 ὡς
2843 2079 3197 2151 μετριάζοντα
3236 2080 3329 2132 καὶ
3367 2078 3509 2131 τοῦτο
3541 2079 3605 2131 λέ-

2086 2189 2231 2241 γειν·
2271 2191 2290 2224 ι
2316 2173 2378 2224 Αἰ
2434 2171 2713 2234 ἀλώπεκες
2757 2171 2850 2223 τοῦ
2916 2171 3085 2242 ἀγροῦ
3125 2171 3364 2239 φωλεοὺς
3413 2171 3603 2240 ἔχουσιν,

2086 2265 2278 2318 καὶτὰ
2335 2264 2545 2337 πετηνά
2590 2263 2682 2316 τοῦ
2735 2263 2966 2332 οὐρανοῦ
3014 2261 3527 2333 κατασκηνώσειςοό
3562 2263 3605 2315 δὲ

2086 2354 2211 2420 Υἱὸς
2243 2355 2335 2408 τοῦ
2367 2353 2650 2426 ἀνθρώπου
2691 2355 2791 2407 οῦκ
2825 2354 2935 2424 ἔχει
2967 2353 3069 2407 ποῦ
3113 2355 3212 2425 τὴν
3251 2354 3480 2423 κεφαλὴν
3518 2353 3605 2406 κλῖ-

2083 2465 2232 2503 ναι.»
2267 2449 2340 2501 Οὐ
2389 2448 2496 2518 γὰρ
2545 2447 2649 2500 ἔδει
2695 2447 2786 2500 τὸν
2841 2448 3117 2518 Δεσπότην
3164 2445 3361 2509 ἰδιάζον
3407 2461 3510 2508 πως
3534 2444 3605 2496 ἐπὶ

2083 2536 2186 2603 γῆς
2211 2553 2262 2588 τι
2297 2535 2615 2605 κεκτῆσθαι.
2645 2537 2754 2588 Καὶ
2778 2535 2952 2599 ἄλλως
2979 2535 3054 2608 δέ⁴
3075 2553 3192 2600 πως
3230 2533 3321 2588 τὸν
3351 2534 3474 2587 Θεὸν
3510 2533 3602 2602 μὲν,

2080 2621 2124 2695 ᾧ
2161 2627 2380 2694 ἔνδειξις
2411 2629 2504 2681 καὶ
2537 2628 2650 2699 ἔρις
2693 2628 2828 2699 πρὸς
2867 2625 3185 2698 ἀνθρώπους
3218 2626 3464 2681 οὐδέποτε
3490 2625 3606 2678 οὐδε-

2086 2720 2202 2792 μία,
2249 2719 2690 2791 ἁνθρωποπρεπῆ
2741 2721 2834 2773 καὶ
2892 2719 3254 2790 μετριόφρονα
3313 2715 3604 2786 φθέγξασθαι

2080 2810 2333 2881 χρειῶδες
2366 2807 2455 2881 ἦν,
2500 2811 2594 2863 καὶ
2623 2809 2772 2863 οὐδὲν
2810 2811 2904 2880 μὲν
2946 2810 3041 2880 τὴν
3078 2809 3445 2880 γαληνοτάτην
3469 2804 3603 2858 αὑτοῦ

2079 2903 2173 2955 καὶ
2219 2903 2395 2956 πάντα
2445 2902 2802 2973 περιέχουσαν
2849 2900 3008 2970 φύσιν
3054 2900 3448 2963 καταδλάπτον,
3486 2901 3604 2969 ἡμεῖς

2077 2991 2132 3044 δὲ
2186 2992 2526 3065 εὐεργετοῦν.
2571 2993 2701 3064 Ὁρᾷ
2749 2993 2856 3063 γὰρ
2901 2993 2986 3045 ἀεὶ
3037 2992 3098 3045 οὐ
3154 2990 3292 3063 πρὸς
3342 2991 3402 3043 τὸ
3442 2992 3606 3042 οἰκεῖον

2078 3082 2231 3152 ὕψος,
2267 3084 2402 3154 πρὸς
2434 3083 2490 3137 δὲ
2519 3084 2578 3136 τὸ
2605 3081 2904 3154 ἀνθρώπων
2931 3083 3204 3136 ταπεινόν.
3231 3081 3402 3135 Αὐτὸν
3429 3081 3482 3133 δὲ
3508 3079 3606 3132 συλ-

2075 3173 2321 3246 λήπτορα
2380 3175 2708 3243 ποιήσομαι,
2754 3172 2976 3241 λέγοντα
3027 3172 3245 3242 Πέτρῳ·
3291 3189 3311 3223 ι
3341 3172 3453 3224 Ἵνα
3498 3170 3600 3231 δὲ,ι

2077 3266 2229 3336 φησὶ,
2281 3281 2300 3314 ι
2330 3262 2403 3334 μὴ
2448 3263 2892 3332 σκανδαλίσωμεν
2944 3262 3171 3326 αὐτοὺς,
3222 3261 3498 3333 πορευθεὶς
3543 3263 3606 3322 είς

2076 3355 2368 3417 θάλασσαν,
2413 3354 2538 3424 βάλε
2583 3354 2898 3423 ἄγκιστρον,
2948 3354 3041 3406 καὶ
3095 3352 3221 3424 [180
3257 3352 3312 3424 ο]
3355 3352 3448 3406 τὸν
3495 3352 3605 3405 ἁνα-

2073 3446 2242 3498 6άντα
2290 3445 2500 3513 πρῶτον
2557 3444 2704 3514 ἰχθὺν
2757 3440 2919 3515 ἆρον”
2965 3445 3059 3497 καὶ
3105 3442 3322 3508 ἀνοίξας
3358 3444 3419 3496 τὸ
3460 3443 3606 3510 στόμα

2069 3529 2254 3598 αὑτοῦ,
2295 3535 2546 3605 εὑρήσεις
2587 3533 2856 3604 στατῆρα·
2896 3533 2988 3586 καὶ
3039 3535 3244 3586 ἐκεῖνον
3298 3531 3492 3596 λαϐὼν,
3533 3531 3606 3592 δὸς

2068 3626 2250 3687 αὐτοῖς
2279 3625 2400 3677 ἀντὶ
2431 3622 2562 3694 ἐμοῦ
2606 3623 2699 3675 καὶ
2729 3621 2845 3674 σοῦ.
2869 3641 2887 3674 ι
2931 3621 3250 3692 ’Ἄνθρωπον
3286 3620 3342 3673 δὲ
3375 3620 3493 3690 Θεῷ
3525 3620 3608 3688 ἀρ-

2074 3718 2303 3790 μόζοντα
2348 3720 2566 3790 ῥήματα
2605 3715 2856 3785 ἀφιέναι,
2896 3715 2956 3768 οῦ
3007 3714 3191 3785 θέμις·
3226 3714 3347 3767 ἐπεὶ
3389 3714 3482 3766 καὶ
3525 3713 3607 3781 βα-

2071 3809 2206 3861 σιλεῖ
2267 3809 2346 3861 ὅτι
2403 3807 2635 3877 μάλιστα
2697 3807 2895 3877 πρέπει
2956 3805 3350 3877 μετριολογεϊν·
3410 3803 3606 3876 μείζονα

405 3903 608 3970 ιιι-ἰιιιιιε
631 3904 952 3967 ascenderit,
979 3901 1126 3966 tolle,
1152 3910 1204 3957 et
1235 3911 1420 3970 aperto
1439 3915 1532 3955 ore
1559 3901 1693 3970 ejus,
1721 3900 1946 3956 inveniet

2089 3900 2172 3971 rip
2199 3901 2262 3952 ἐκ
2288 3900 2472 3952 τούτου
2503 3899 2805 3970 καρποῦται
2845 3899 3022 3965 δόξαν,
3052 3899 3146 3951 καὶ
3176 3901 3255 3961 είς
3286 3899 3455 3969 αὐτὴν
3495 3899 3609 3949 ἀνα-

405 4004 658 4050 staterem
687 4017 697 4050 :
731 4007 784 4050 et
816 3995 926 4066 (98)
963 3995 1105 4047 illum
1148 4009 1387 4059 sumens,
1448 3995 1513 4047 da
1549 3994 1628 4048 eis
1651 4009 1750 4063 pro
1775 4007 1878 4058 me,
1907 4003 1946 4046 el

2089 3992 2287 4061 ιέρεται
2319 3992 2415 4062 τῆς
2458 3992 2619 4061 τιμῆς
2661 3992 2759 4059 τὴν
2796 3991 3074 4060 κορυφήν·
3113 3991 3339 4061 ὑπηκόῳ
3376 3989 3434 4041 δὲ
3475 3988 3610 4058 βασι-

407 4097 477 4142 te.
503 4105 520 4138 ι
557 4085 837 4141 Hominem
893 4101 1020 4141 vero
1054 4085 1184 4156 (99),
1212 4101 1275 4140 ea
1323 4086 1482 4140 verba
1521 4099 1802 4153 usurpare,
1839 4097 1946 4154 quas

2089 4085 2216 4146 ,ικάς
2253 4084 2434 4152 φωνὰς
2469 4083 2743 4154 ἐκφέρειν,
2785 4081 3122 4152 ἀσύμφορον.

404 4184 514 4237 Deo
561 4183 901 4246 conveniunt,
958 4182 1106 4236 nefas
1153 4191 1272 4236 est:
1314 4197 1438 4235 nam
1501 4195 1680 4252 regem
1740 4194 1957 4250 quoque
1996 4195 2155 4248 quam
2199 4183 2430 4234 maxime
2464 4181 2615 4233 decet
2653 4179 2892 4232 modeste
2941 4177 3125 4246 loqui;
3192 4178 3452 4246 majorem
3477 4173 3606 4227 enim

403 4291 470 4330 ex
500 4276 600 4330 hoc
623 4275 847 4346 percipit
872 4275 1115 4344 gloriam,
1157 4275 1439 4344 atquehac
1467 4274 1673 4328 ratione
1699 4274 1963 4343 adjpsum
1986 4272 2148 4344 377
2181 4274 2399 4328 honoris
2424 4275 2628 4342 apicem
2660 4269 2972 4326 extollitur:
3011 4276 3096 4323 ast
3159 4269 3236 4333 ei,
3301 4269 3390 4337 qui
3432 4267 3609 4321 subdi-

405 4375 489 4420 tus
521 4366 607 4428 sit,
640 4380 822 4436 regum
857 4379 1004 4418 more
1035 4364 1175 4433 loqui
1214 4364 1610 4418 inconducibile
1636 4372 1740 4417 est.

471 4453 655 4525 Itaque
681 4453 1132 4524 cum,Altissimus
1157 4453 1313 4517 foret,
1335 4468 1399 4507 ac
1426 4451 1517 4507 Dei
1537 4451 1767 4507 Verbum
1790 4451 1946 4506 verba

2133 4449 2287 4501 Ὥστε
2335 4443 2520 4514 ἐπειδὴ
2563 4442 2824 4512 ’Ὑψιστος
2872 4437 2976 4513 ἦν,
3021 4441 3113 4494 καὶ
3145 4439 3317 4509 Λόγος
3347 4437 3440 4493 τοῦ
3482 4437 3608 4491 Θεοῦ

399 4550 582 4604 omnia
642 4547 1054 4617 supergrediens
1122 4545 1389 4608 Christus,
1439 4545 1614 4600 locum
1683 4543 1958 4598 habebant

401 4639 620 4694 humilia
657 4639 826 4707 ipsius
861 4636 1023 4692 dicta.
1055 4639 1123 4690 At
1155 4645 1364 4702 contra,
1396 4637 1439 4690 si
1476 4644 1723 4689 creatura
1752 4635 1797 4688 is
1823 4631 1956 4688 fuis-

398 4741 508 4794 set,
551 4729 722 4784 locum
752 4745 857 4784 non
889 4730 1203 4784 habuissent
1251 4743 1369 4798 qua:
1399 4728 1715 4794 loquebatur
1741 4723 1954 4780 excelsa

399 4833 562 4891 atque
604 4822 876 4876 sublimia.
930 4819 1208 4886 Quomodo
1249 4819 1391 4873 enim
1439 4819 1555 4873 fieri
1606 4825 1836 4886 poterat,
1896 4823 1955 4869 ut

397 4913 563 4967 vitam
603 4913 872 4982 acciperet
913 4912 1044 4976 vita,
1077 4919 1169 4965 aut
1220 4918 1543 4981 potestatem
1571 4907 1843 4976 acciperet
1863 4905 1952 4960 ille

489 5111 576 5180 89)
607 5112 742 5165 Data
778 5121 872 5167 est.
899 5111 1085 5166 Matth.
1116 5125 1305 5173 xxvut,
1334 5107 1419 5163 18.

489 5182 578 5250 90)
606 5180 846 5250 Postula.
869 5182 1011 5250 Psal.
1041 5197 1101 5246 ιι,
1128 5197 1268 5235 vers.
1293 5180 1348 5235 8.

468 5249 581 5318 (9|)
610 5249 832 5306 Paulus.
866 5249 907 5304 ll
941 5251 1064 5305 Cor.
1091 5266 1208 5315 vm,
1238 5250 1291 5305 9.

463 5313 574 5389 (‘92)
622 5318 810 5390 Vulpes
841 5321 975 5390 agri.
1017 5313 1203 5374 Matth.
1231 5334 1347 5384 vm,
1372 5317 1539 5390 20,6!
1563 5316 1811 5390 Lucan,

390 5386 530 5452 Vox,
556 5386 992 5460 ἀγροῦδάίθει,
1025 5409 1044 5440 ι
1071 5391 1205 5460 agri,
1227 5407 1246 5441 ι
1281 5392 1433 5444 deest
1477 5389 1532 5442 in
1567 5386 1818 5442 omnibus
1855 5386 1947 5439 Bi-

388 5462 517 5513 hlim
532 5475 620 5512 uni
641 5457 994 5512 editionihus.
1110 5457 1129 5460 ⁷
1757 5474 1759 5476 ·

459 5550 570 5622 (95)
610 5548 875 5604 Volucm.
904 5551 1102 5617 Codex,
1130 5549 1336 5621 πετηνά
1362 5564 1456 5621 pro
1484 5547 1722 5603 πετεινά.
1755 5543 1758 5546 Α

459 5642 514 5713 (9
528 5644 573 5710 ι)
606 5641 850 5696 Inclinat.
877 5641 1058 5697 (ἒπειτα
1093 5642 1276 5707 editio,
1305 5641 1461 5715 κλίνῃ
1498 5657 1597 5712 pro
1649 5640 1844 5694 κλῖναι.

458 5734 572 5802 (95)
600 5732 711 5804 Nec
765 5734 920 5788 enim.
975 5732 1176 5798 Codex,
1224 5733 1326 5788 ποῦ
1377 5734 1506 5804 γάρ,
1561 5733 1612 5786 id
1645 5739 1770 5804 est,
1801 5729 1947 5804 subi

386 5801 558 5859 enim.
583 5823 600 5855 ι
632 5803 794 5874 Lego,
820 5805 880 5858 οὐ
897 5804 1026 5875 γάρ.
1065 5804 1282 5860 Videtur
1303 5801 1726 5860 enimlibrarius
1764 5802 1830 5858 ab
1856 5801 1948 5857 illo

2061 4539 2260 4602 παντὸς
2317 4537 2474 4604 λόγου
2522 4535 2816 4605 κρείττωνι,
2852 4531 3034 4603 χώραν
3066 4527 3212 4602 εἶχεν
3260 4533 3328 4585 τὰ
3364 4530 3607 4603 χθαμαλὰ

2063 4632 2226 4686 αὑτοῦ
2276 4630 2495 4700 ῥήματα
2517 4643 2530 4656 ·
2560 4627 2610 4678 εἰ
2647 4625 2702 4677 δὲ
2735 4624 2940 4694 κτίσμα
2983 4623 3271 4694 ἐτύγχανε,
3326 4625 3484 4678 πάλιν
3514 4625 3608 4675 οὐκ

2059 4716 2200 4790 εἶχεν
2232 4719 2434 4790 χώραν,
2481 4717 2517 4770 ἃ
2545 4716 2840 4786 ἐφθέγγετο
2869 4714 3066 4785 ὑψηλά.
3103 4715 3228 4778 Πῶς
3259 4714 3366 4786 γὰρ
3401 4716 3466 4768 ἂν
3493 4715 3611 4766 ἕλα-

2059 4813 2148 4864 ϐεν
2178 4811 2320 4880 ζωὴν
2342 4811 2374 4879 ἡ
2399 4808 2539 4876 ζωὴ,
2563 4808 2594 4876 ἦ
2620 4805 2864 4870 ἐξουσίαν
2899 4807 2928 4858 ὁ
2961 4806 3101 4859 κατά
3145 4805 3368 4860 Ἡσαΐαν
3401 4805 3612 4877 ἰσχυρὸς

2056 4907 2150 4958 καὶ
2181 4901 2525 4973 ὲξουσιαστὴς
2554 4901 2705 4964 Θεὸς.
2733 4902 2761 4953 ὁ
2793 4900 2889 4952 καὶ
2916 4902 3028 4963 τοῖς
3061 4899 3348 4954 ἀποθανεῖν
3380 4899 3611 4969 δυναμέ-

2058 5122 2182 5185 που,
2218 5104 2358 5185 quod
2409 5101 2796 5185 antegreditur,
2827 5102 3083 5171 deceptus
3113 5101 3210 5172 hic
3236 5116 3448 5172 quoque
3473 5099 3614 5155 scri-

2053 5177 2223 5244 psisse
2251 5175 2351 5244 ποῦ
2384 5189 2478 5242 pro
2501 5175 2584 5226 οὐ.

2125 5244 2234 5314 (96)
2270 5237 2462 5297 Rerum
2493 5243 2721 5314 euntium
2759 5241 3047 5314 dominum.
3093 5238 3150 5293 In
3181 5241 3367 5297 codice
3391 5237 3618 5314 post_di-

2055 5310 2284 5368 cti0nem
2329 5313 2605 5382 Δεσπότην
2643 5311 2982 5365 intervallum
3007 5317 3099 5382 est
3113 5323 3360 5382 vacuum,
3397 5310 3616 5363 duobus

2059 5395 2154 5437 aut
2185 5384 2354 5438 tribus
2383 5377 2655 5437 vocabulis
2682 5383 2955 5448 capiendis
2985 5377 3275 5434 sufﬁciens.
3302 5383 3482 5447 Quare
3509 5392 3618 5430 vo-

2061 5469 2173 5518 ces,
2215 5473 2235 5504 ι
2261 5468 2436 5506 rerum
2457 5452 2716 5514 omnium,
2739 5469 2756 5502 ι
2780 5451 2844 5503 de
2880 5464 2998 5503 meo
3023 5449 3219 5518 addidi.

2131 5515 2243 5593 (97)
2270 5520 2540 5593 Utautem.
2566 5521 2912 5593 Matth._xv|_t,
2936 5519 3025 5571 ‘27.
3051 5517 3179 5593 Vide
3219 5525 3326 5572 not.
3348 5516 3440 5586 29,
3470 5531 3526 5586 ρ.
3548 5515 3616 5569 ι.

2127 5588 2240 5662 (98)
2274 5592 2358 5662 Et.
2399 5592 2554 5646 Deest
2577 5591 2629 5644 in
2659 5588 2845 5662 Bibliis
2873 5589 3216 5662 liachvocula.

2127 5656 2559 5734 (99tho_minem_
2591 5675 2726 5712 vero.
2765 5657 2959 5734 Vocula
2984 5656 3041 5709 δέ
3071 5656 3156 5710 hic
3195 5657 3482 5734 opponitur
3514 5669 3618 5706 vo-

2053 5729 2184 5787 cula
2210 5731 2282 5785 illi
2317 5730 2435 5801 μέν,
2463 5730 2561 5801 etsi
2595 5729 2797 5801 procul‘
2819 5729 3024 5801 positae,
3055 5740 3172 5801 qua:
3200 5730 3391 5801 legitur
3445 5739 3622 5791 snpe-

2051 5804 2162 5858 rius
2183 5802 2235 5857 in
2266 5791 2350 5858 his
2381 5791 2555 5857 verbis
2588 5791 2608 5852 Ξ
2634 5798 2736 5852 Τὸν
2765 5791 2896 5851 Θεὸν
2919 5797 3037 5868 μὲν,
3064 5791 3109 5866 ᾧ
3138 5791 3380 5862 ἑνδεῐξις,
3411 5805 3517 5851 etc.
