3740 6322
140 375 234 431 8τῖ

1188 369 1277 422 DE
1315 368 1355 423 Τ
1361 366 1682 424 BINITATE
1721 368 1918 426 LIBER
1958 372 2283 429 TERTIUS.

3249 377 3352 432 878

139 508 240 554 νοις
269 488 328 542 τὸ
362 485 464 557 ζῇν
507 486 599 540 καὶ
642 481 783 538 εἶναι
817 485 937 536 κατ’
974 481 1222 548 ἐξουσίαν
1258 483 1394 537 ἰδίαν
1431 484 1701 554 παρέχων,

1812 486 1896 555 qui
1924 486 2075 552 juxta
2099 485 2290 540 lsaiam
2325 485 2400 557 (l)
2431 495 2514 541 est
2540 486 2716 553 fortis,
2757 498 2808 543 et
2857 490 3156 547 dominator
3177 491 3354 549 Deus?

139 587 163 637 ἐ
202 582 388 650 Πέτρῳ
421 579 526 641 τὰς
567 576 713 640 κλεῖς
745 577 843 646 τῆς
888 576 1137 645 οὐρανίου
1174 575 1320 644 ζωῆς
1361 575 1699 646 ἐγχειρίσας;

152 672 335 741 Ἐκὸοᾷ
367 670 479 740 γὰρ
517 670 610 723 καὶ
642 672 671 722 ὁ
715 667 1058 730 Ἂτιόστολος,
1095 667 1170 730 ὡς
1210 685 1227 718 ι
1269 667 1380 736 Οὐχ
1410 667 1701 737 ἁρπαγμὸν

142 766 367 837 ἡγήσατο
390 763 454 815 τὸ
485 757 625 814 εἶναι
657 747 748 814 ῐσα
777 759 895 829 Θεῷ
915 775 928 788 ⁶
962 778 980 809 ι
1010 759 1132 811 ἀντὶ
1153 758 1267 820 τοῦ,
1293 759 1404 827 Οὐχ
1431 758 1700 827 ἥρπασεν,

142 857 230 910 οὐκ
265 853 422 907 ἔλαϐε
489 853 554 905 τὸ
587 850 723 904 εἶναι
767 850 881 913 ἴσος
912 849 988 918 τῷ
1037 848 1157 918 Θεῷ
1193 850 1287 901 καὶ
1316 847 1506 918 Πατρί.
1550 848 1612 899 Ei
1645 847 1702 898 δὲ

144 947 240 1016 ἄρα
260 943 353 998 καὶ
379 943 460 1005 είς
493 941 594 1012 τὴν
625 940 1064 1009 θεότηταείρητο
1096 939 1189 992 τοῦ
1225 939 1379 1000 Υἱοῦ,
1409 939 1574 1008 ἐχρῆν
1603 937 1702 990 αὐ-

142 1037 255 1097 τοὺς
286 1034 427 1087 οὕτω
457 1036 624 1095 νοεῖν,
668 1033 860 1102 ὅτιπερ
886 1071 898 1088 .
936 1030 994 1083 ὃν
1033 1031 1230 1100 τρόπον
1261 1029 1340 1095 τὸ,
1385 1027 1526 1098 ἔχειν
1559 1029 1702 1099 ζωὴν

141 1127 222 1178 τῦν
250 1123 401 1186 Θεὸν,
440 1124 506 1176 οὐ
546 1123 608 1174 τὸ
658 1121 957 1190 κεκτῆσθαί
1006 1138 1060 1172 τι
1103 1119 1230 1173 ἄλλο
1269 1119 1490 1180 ἐαυτοῦ,
1521 1119 1595 1180 ὡς
1628 1117 1701 1188 μὴ

147 1217 381 1286 ἀνάρχως
415 1190 712 1283 ἐσχηκότα,
751 1211 886 1264 ἀλλὰ
911 1212 971 1264 τὸ
999 1211 1159 1266 αὐτὸν
1186 1207 1325 1263 εἶναι
1359 1211 1537 1272 τοῦτο,
1567 1211 1702 1280 ὅπερ

145 1305 274 1378 ἔχειν
306 1305 549 1372 λέγεται,
578 1303 756 1373 δηλοῖ·
785 1301 875 1354 τὸν
903 1301 1063 1354 αὐτὸν
1089 1302 1310 1372 τρόπον,
1338 1301 1398 1353 τὸ
1430 1300 1572 1371 ἔχειν
1603 1300 1700 1352 λα-

146 1397 292 1448 εόντα
321 1395 466 1464 ζωὴν
511 1395 603 1446 τὸν
646 1394 795 1453 Υἱὸν,
826 1394 924 1462 οὐχ
959 1393 1034 1455 ὼς
1067 1393 1142 1464 μὴ
1182 1392 1372 1463 ἔχοντα
1413 1393 1570 1462 φύσει
1609 1411 1704 1463 ση-

148 1486 329 1556 μαίνει.
377 1486 440 1538 Ἡ
473 1484 585 1556 γὰρ
616 1483 760 1548 λέξις
800 1487 833 1553 ὴ
877 1503 894 1534 ι
931 1483 1117 1554 ὥσπερ
1144 1484 1274 1554 ἔχει,
1311 1504 1330 1536 ι
1369 1485 1514 1556 καὶὴ
1556 1505 1572 1536 ι
1609 1485 1702 1538 οὖ-

145 1596 239 1640 τως
297 1576 487 1638 ἔδωκε,
530 1595 550 1626 ι
585 1575 739 1628 τοῦτο
767 1576 1009 1644 παριστᾷ
1029 1591 1041 1602 ·
1070 1575 1150 1627 ὅτι
1185 1574 1356 1638 οὕτως
1381 1576 1490 1644 ἔχει
1518 1577 1546 1628 ὁ
1575 1577 1702 1639 Υἱὸς

144 1671 230 1738 τὴν
261 1669 422 1737 ζωὴν,
472 1667 664 1740 ὥσπερ
708 1667 819 1738 ἔχει
865 1668 1035 1737 αὐτὴν
1080 1669 1140 1720 οὐ
1177 1667 1356 1721 λαϐὼν
1408 1672 1435 1720 ὀ
1481 1670 1696 1739 Πατήρ·

148 1763 228 1814 καὶ
258 1761 358 1833 χρὴ
409 1758 735 1830 θεοπρεπῶς
787 1759 878 1810 ἐπί
923 1775 982 1810 τε
1017 1757 1110 1810 τοῦ
1169 1760 1380 1831 Πατρδς
1425 1761 1503 1821 τὸ,
1556 1761 1700 1831 ἔχειν

148 1854 294 1923 ζωὴν,
323 1854 414 1906 καὶ
445 1852 511 1905 τὸ
545 1870 566 1902 ι
606 1853 663 1903 ὲν
694 1851 890 1921 ἐαυτῷ,
931 1871 949 1902 ι
981 1848 1073 1903 ἐπί
1104 1869 1162 1904 τε
1191 1853 1283 1905 τοῦ
1311 1853 1443 1906 Υἰοῢ
1465 1853 1526 1905 τὸ
1559 1874 1576 1903 ι
1609 1854 1697 1906 δέ·
1733 1827 1773 1880 Β

149 1945 300 1999 δωκεν
330 1944 498 2014 αὐτῷ,
536 1964 556 1995 ι
595 1944 688 1996 καὶ
728 1943 806 2008 τὸ,
839 1943 979 2014 ἐχειν
1011 1947 1066 1998 ἐν
1086 1945 1280 2016 ἐαυτῷ,
1301 1946 1658 2016 ἐκλαμϐάνειν
1683 1961 1697 1976 '

151 2032 261 2104 [l80
290 2034 340 2105 ὁ]
396 2036 489 2087 καὶ
522 2033 722 2104 μᾶλλον
755 2035 816 2085 ἐκ
845 2032 938 2084 τοῦ
974 2033 1272 2100 ἀναγκαίου
1310 2032 1402 2086 τοῦ
1439 2034 1701 2104 πράγμα-

148 2141 226 2188 τος
253 2126 343 2196 τὴν
367 2124 564 2194 θεῖκὴν
590 2123 834 2188 ἐξουσίαν
865 2122 959 2175 τοῦ
984 2124 1136 2185 Υἱοῦ,
1174 2125 1266 2177 καὶ
1299 2125 1358 2176 τὸ
1389 2126 1473 2176 ἐπ’
1501 2125 1703 2193 ἀμφοῖν

150 2215 200 2266 ἓν
244 2214 449 2286 θέλημα
500 2214 710 2284 ἀθρεῖν.
757 2215 858 2268 Ἦν
891 2213 1000 2285 γὰρ
1051 2214 1197 2282 λέγει
1247 2215 1390 2284 ἔχειν
1447 2216 1590 2286 ζωὴν
1645 2218 1703 2270 ἐν

154 2306 308 2377 ἐαυτῷ
346 2307 436 2359 τὸν
475 2306 698 2377 Πατέρα
738 2306 830 2358 καὶ
854 2306 945 2359 τὸν
979 2305 1126 2369 Υίδν,
1159 2308 1192 2376 ἠ
1241 2306 1366 2370 sva;
1406 2307 1498 2359 καὶ
1531 2307 1702 2378 ὑπερ-

157 2396 313 2460 δύσιος
363 2398 523 2450 οὐσία
591 2398 728 2460 ἐστὶ,
759 2397 852 2450 καὶ
876 2397 974 2466 οὐχ
1002 2396 1186 2467 ἕτερόν
1211 2414 1262 2450 τι
1295 2398 1352 2449 ὲν
1376 2397 1545 2467 ἐτέρῳ
1572 2414 1702 2466 τυγ-

159 2489 324 2557 χάνον·
352 2489 473 2541 ὅθεν
501 2484 658 2541 εἶπεν
677 2505 690 2519 ο
726 2506 744 2539 ι
796 2486 934 2556 Ἐγώ
959 2489 1070 2557 εἰμι
1095 2489 1128 2558 ἡ
1154 2487 1264 2557 ζωή
1291 2504 1304 2516 ·
1346 2508 1362 2537 ι
1391 2488 1465 2550 ὡς
1495 2491 1589 2541 καὶ
1619 2491 1704 2542 ἐν-

160 2579 321 2632 τεῦθεν
338 2579 753 2650 ἀναφαίνεσθαι,
767 2580 847 2650 ’μὴ
872 2579 1036 2649 ἄλλην
1055 2579 1155 2648 τῆς
1169 2580 1262 2631 τοῦ
1281 2580 1489 2650 Πατρὸς
1519 2581 1704 2645 οὐσίας

159 2668 276 2725 εἶναι
299 2673 390 2744 τὴν
416 2673 610 2725 οὐσίαν
643 2671 738 2724 τοῦ
768 2670 915 2724 Υἱοῦ.
943 2673 1004 2724 El
1029 2672 1137 2742 γὰρ
1159 2672 1319 2734 αὐτός
1349 2673 1544 2743 ἐστινὴ
1568 2674 1700 2744 ζωὴ,

161 2765 242 2834 τὴν
259 2765 308 2816 δέ
332 2765 497 2836 αὐτὴν
518 2763 637 2834 ἔχει
666 2765 694 2814 ὁ
712 2763 922 2834 Πατὴρ,
945 2763 995 2814 τί
1017 2762 1144 2816 ἄλλο
1165 2763 1495 2833 εὑρίσκεται,
1526 2765 1558 2834 ἦ
1579 2767 1704 2834 ὁμο-

161 2855 342 2921 ούσιοςς
367 2860 458 2910 καὶ
489 2857 544 2908 εἰ
576 2855 735 2918 αὐτός
758 2853 1107 2925 ὲστινήζωὴ,
1139 2854 1275 2919 πῶς,
1306 2855 1334 2907 ὅ
1381 2856 1548 2920 ἐστιν,
1589 2853 1702 2928 εἶχε

163 2947 355 3013 λαϐεῖν;
397 2949 539 3002 Ἀλλ’
596 2948 751 3018 εἴπερ
813 2941 948 3016 εἶχε,
985 2947 1146 3018 φησι,
1189 2946 1305 3010 πῶς
1341 2947 1560 3014 ἐλαϐεν;
1595 2949 1705 3002 Καὶ

160 3039 309 3093 ταῦτα
321 3040 381 3110 λη
391 3041 452 3111 ρή
463 3057 634 3110 ματα.
653 3039 761 3091 Καὶ
782 3039 966 3108 ὅμοιος
993 3038 1100 3110 γὰρ
1117 3039 1267 3109 παρὰ
1293 3039 1476 3111 ὁμοίου
1496 3040 1705 3111 λαμϐά-

165 3145 250 3193 νει,
264 3129 343 3184 ἴνα
361 3132 430 3203 μὴ
445 3131 712 3200 εἴπωμεν,
738 3130 818 3182 ὅτι
841 3131 932 3183 καὶ
950 3131 1148 3201 μείζων
1163 3131 1273 3184 ἐσθ’
1294 3133 1380 3186 ὅτε
1397 3136 1524 3203 παρ’
1551 3134 1705 3187 ἐλάτ-
1731 3155 1772 3212 C

120 3268 129 3283 ,
165 3237 310 3284 τονος,
334 3224 422 3275 καὶ
451 3225 484 3292 ὴ
512 3221 666 3286 δεξιὰ
695 3222 845 3292 παρὰ
873 3222 972 3292 τῆς
1004 3224 1324 3295 ἀριστερᾶς·
1349 3223 1504 3293 ἴσμεν
1519 3221 1593 3290 δὲ,
1621 3225 1704 3278 ὅτι

167 3311 244 3363 καί
261 3329 389 3375 τινες
409 3314 466 3378 ἐξ
485 3314 614 3384 ἴσης
630 3313 687 3366 τὸ
706 3316 885 3382 κρῖναι
913 3312 1188 3382 λαχόντες,
1209 3313 1608 3385 παρεχώρησαν
1627 3316 1704 3386 τῷ

169 3400 234 3452 ἐνὶ
251 3401 350 3454 ἐσθ’
371 3403 454 3456 ὅτε
477 3403 577 3456 καὶ
607 3401 812 3472 μείζονι
835 3401 1015 3456 αὐτῶν
1044 3401 1367 3455 καθεστῶτι·
1421 3405 1516 3456 καὶ
1545 3403 1702 3456 εἴωθε

169 3488 422 3558 λέγεσθαι·
461 3494 716 3548 Ἐδωκαν
748 3492 885 3563 τῷδε
917 3493 981 3546 τὸ
1025 3495 1255 3564 πρᾶγμα
1288 3494 1430 3564 μόνῳ
1465 3494 1702 3560 δικάσαι,

171 3585 321 3637 καίτοι
348 3586 516 3656 ἔχοντι
562 3585 732 3656 αὐτῷ,
761 3587 856 3639 καὶ
903 3586 1161 3648 πλειόνως
1197 3586 1376 3651 εἰκὸς,
1414 3587 1512 3656 τὴν
1558 3587 1705 3654 ἐξου-

174 3675 292 3729 σίαν.
324 3669 622 3750 Τοιγαροῦν
651 3679 750 3731 οὐκ
787 3675 958 3742 εἶπεν,
994 3679 1075 3730 ὅτι
1120 3679 1184 3730 Ὃ
1213 3678 1286 3748 μὴ
1315 3678 1447 3748 ἔχει,
1494 3679 1702 3742 ἐλαϐεν,

174 3765 285 3820 ἀλλὰ
307 3769 393 3822 καὶ
421 3772 450 3823 ὁ
477 3769 644 3832 αὐτὸς
676 3767 1062 3838 εὐαγγελιστὴς
1091 3767 1271 3836 λέγει·
1309 3789 1327 3820 ι
1367 3771 1461 3832 Εἰς
1489 3769 1557 3821 τὰ
1600 3770 1706 3822 ἴδια

174 3849 301 3924 ἦλθε,
350 3859 439 3911 καὶ
477 3861 532 3911 οἱ
572 3858 691 3910 ἴδιοι
718 3858 878 3909 αὐτὸν
904 3857 1002 3909 οὐκ
1035 3856 1254 3910 ἔλασον·
1291 3859 1403 3910 ὅσοι
1430 3859 1485 3910 δὲ
1517 3858 1706 3911 ἔλαϐον

177 3947 328 4008 αὑτὸν,
347 3949 542 4002 ἔδωκεν
563 3949 746 4012 αὐτοῖς
768 3947 1014 4012 ἐξουσίαν
1037 3950 1201 4002 τέκνα
1227 3949 1360 4002 Θεοῦ
1384 3949 1652 4019 γενέσθαι.
1681 3970 1700 4002 ι

177 4035 259 4087 Διὰ
297 4038 393 4089 τῶν
451 4038 715 4092 τοιούτων
768 4038 1027 4108 ῥημάτων
1080 4039 1140 4091 οὐ
1184 4040 1341 4109 μόνον
1391 4039 1568 4105 δείξας
1611 4039 1705 4092 τοῦ

181 4124 288 4178 1⁸ίοῦ
328 4129 452 4183 ἰδίαν
482 4129 584 4200 τὴν
615 4131 810 4195 κτίσιν,
851 4130 964 4183 ἀλλ’
1003 4131 1086 4184 ὃτι
1125 4131 1218 4184 καὶ
1247 4129 1323 4200 τῷ
1352 4133 1524 4202 Πατρὶ
1553 4131 1706 4183 δίδω-

182 4219 425 4283 σινὸΥἱὸς
447 4224 573 4285 τοὺς
603 4221 979 4292 λαμϐάνοντας
1018 4222 1198 4285 αὐτὸν,
1238 4222 1380 4275 τοῦτ’
1415 4222 1528 4274 ἐστι
1581 4223 1707 4284 τούς

182 4310 494 4378 πιστεύοντας
513 4353 530 4375 ,
559 4314 834 4384 πανταχοῦ
861 4314 1162 4385 εὐεργετῶν
1191 4313 1403 4375 αὐτοὺς,
1442 4314 1535 4365 καὶ⁸
1565 4313 1704 4382 λαμ-

183 4396 407 4465 ϐάνοντας
454 4404 648 4466 αὐτὸν,
697 4407 790 4456 καὶ
821 4405 1224 4475 παρεχομένους
1271 4405 1398 4475 παρ’
1441 4403 1589 4473 αὐτῷ
1629 4403 1706 4475 τῷ

1803 577 1893 644 qui
1925 575 2085 630 etiam
2117 577 2206 640 iis,
2255 577 2345 644 qui
2395 578 2530 631 mori
2569 589 2815 646 possunt,
2857 581 3081 648 propria
3121 585 3328 639 auctori

1813 673 1926 719 tate
1948 665 2174 734 largitur
2196 675 2254 719 ut
2276 667 2460 720 vivant
2485 676 2540 720 et
2566 669 2672 721 sint
2692 669 2715 721 ἲ
2738 669 2826 737 qui
2850 668 3009 724 Petro
3033 671 3212 726 claves
3241 688 3355 728 cm-

1805 751 1952 806 lestis
1997 752 2118 806 vitae
2179 752 2232 806 in
2279 767 2468 807 manus
2527 755 2777 808 tradidit?
2822 755 2954 809 Nam
2985 769 3040 812 et
3068 759 3354 827 Apostolus

1804 844 2068 898 exclamat
2109 863 2120 897 :
2170 865 2188 896 ‹
2224 845 2325 911 Qui
2378 860 2483 898 non
2540 847 2778 916 rapinam
2801 848 2875 919 (2)
2910 847 3204 906 arbitr‘atus
3269 861 3354 908 est

1803 950 1861 988 se
1886 934 1976 987 ἴσα
2003 935 2142 1005 Θεῷ,
2173 952 2190 985 ι
2227 937 2277 989 id
2323 944 2424 1002 est,
2455 936 2712 1004 aequalem
2737 939 2867 992 Deo.
2905 938 3054 1006 Quod
3082 952 3195 995 est:
3238 941 3352 996 Non

1805 1026 2004 1093 rapuit,
2035 1041 2139 1080 non
2169 1027 2375 1095 accepit
2395 1039 2454 1080 ut
2477 1037 2618 1081 esset
2650 1028 2760 1092 ι’σος
2789 1028 2923 1099 Θεῷ,
2955 1032 3056 1084 hoc
3081 1040 3160 1085 est
3179 1044 3354 1100 aequa-

1803 1115 1869 1170 lis
1897 1117 2009 1171 Deo
2041 1129 2095 1171 et
2114 1117 2278 1170 Patri.
2315 1118 2466 1185 Quod
2493 1120 2536 1173 si
2570 1120 2730 1173 etiam
2761 1121 2826 1174 de
2862 1121 2983 1175 Filii
3027 1124 3222 1177 rleitate
3255 1125 3353 1179 ob-

1797 1209 1940 1277 jecta
1990 1211 2150 1263 verba
2203 1211 2348 1265 dicta
2412 1222 2616 1275 essent,
2667 1221 2938 1282 oporteret
2988 1215 3064 1284 (3)
3114 1216 3256 1284 ipsos
3282 1219 3354 1272 ita

1803 1299 1988 1354 eadem
2022 1300 2339 1370 intelligere,
2385 1310 2444 1355 ut
2475 1304 2919 1372 quemadmodum
2951 1304 3116 1358 Deum
3158 1307 3355 1362 habere

1803 1391 1965 1444 vitam
2023 1407 2128 1445 non
2185 1392 2474 1459 signiﬁcat,
2525 1407 2646 1447 eum
2681 1393 2880 1461 aliquid
2910 1394 3054 1448 aliud
3087 1410 3115 1448 a
3149 1411 3206 1450 se
3240 1398 3355 1464 ipso

1805 1482 2118 1537 distinctum
2153 1484 2526 1552 acquisivisse,
2566 1487 2716 1553 quasi
2762 1486 2887 1540 illud
2922 1487 2990 1540 ab
3021 1497 3221 1541 ωιειιιο
3248 1505 3352 1543 non

1803 1573 2072 1638 habuerit,
2117 1576 2207 1629 sed
2253 1575 2540 1643 signiﬁcat,
2590 1592 2711 1630 eum
2760 1578 2836 1648 (4)
2888 1594 3010 1633 εεεε
3053 1580 3153 1634 hoc
3180 1582 3354 1649 ipsum

1801 1664 1941 1732 quod
1971 1664 2170 1719 habere
2197 1665 2426 1720 dicitur:
2453 1667 2525 1720 ita
2561 1677 2613 1720 et
2635 1669 2820 1722 eoden.
2854 1669 3010 1722 modo
3044 1669 3233 1723 Filium
3261 1673 3355 1724 ba-

1805 1756 1930 1810 bcre
1969 1755 2131 1809 vitam
2157 1770 2318 1825 quam
2353 1759 2645 1826 acceperit,
2693 1775 2798 1814 non
2829 1761 3112 1830 signiﬁcat,
3147 1778 3266 1816 eum
3289 1779 3354 1817 ex

1802 1857 1994 1900 natura
2045 1861 2138 1900 sua
2193 1847 2337 1900 illam
2387 1863 2490 1901 non
2531 1849 2763 1915 habere;
2798 1867 2917 1904 nam
2948 1854 3133 1918 verba,
3171 1873 3190 1904 ι
3217 1855 3357 1907 sicut

1800 1939 1980 2004 habet,
2011 1948 2119 2003 iet,
2140 1959 2158 1992 ‹
2188 1941 2266 1994 sic
2285 1940 2482 2003 dedit,»
2512 1944 2815 2006 ostendunt,
2850 1944 2918 1996 ita
2938 1945 3133 1999 habere
3163 1945 3354 1998 Filium

1801 2029 1990 2092 vitam,
2023 2032 2163 2085 sicut
2194 2031 2337 2086 illam
2365 2032 2524 2086 habet
2552 2033 2729 2096 Pater,
2781 2035 2870 2102 qui
2907 2051 3024 2088 eam
3081 2052 3182 2090 non
3211 2052 3358 2095 acce-

1801 2121 1898 2191 pit.
1928 2122 2004 2176 Ac
2043 2137 2225 2186 sensu,
2259 2125 2347 2191 qni
2379 2125 2611 2178 divinam
2643 2125 2970 2192 maiestatem
2994 2129 3197 2194 deceat,
3215 2129 3356 2182 acci-

1803 2212 1992 2281 pienda
2049 2223 2171 2268 sunt
2204 2229 2324 2268 cum
2361 2217 2545 2281 verba,
2583 2236 2600 2266 ε
2627 2215 2795 2270 Habet
2841 2218 3028 2284 vitam,
3061 2238 3079 2269 ι
3125 2228 3197 2284 ει,
3238 2238 3257 2271 ι
3302 2220 3356 2274 in

1802 2303 2113 2370 semetipso,
2163 2321 2181 2353 ι
2208 2303 2275 2357 de
2317 2302 2477 2356 Patre
2497 2305 2657 2369 dicta,
2690 2315 2800 2359 tum
2831 2322 2948 2375 qua:
2986 2309 3250 2362 adduntur
3291 2311 3357 2364 de

1803 2389 1961 2457 Filio,
1982 2411 2000 2443 ι
2017 2392 2171 2446 Dedit
2189 2395 2261 2458 ei,
2287 2411 2306 2443 ι
2337 2405 2410 2458 ει,
2431 2413 2449 2446 ι
2469 2394 2668 2449 habere
2692 2395 2743 2448 in
2767 2398 3090 2466 semetipso:
3127 2418 3146 2450 ›
3179 2414 3242 2453 ac
3261 2415 3358 2468 po-

1803 2481 1913 2535 tius
1950 2498 2014 2536 ex
2049 2483 2124 2537 rei
2151 2485 2472 2540 necessitate
2505 2487 2684 2541 divina
2725 2488 2844 2541 Filii
2890 2499 3145 2558 potestas,
3170 2502 3222 2546 et
3251 2509 3356 2548 una

1804 2574 1859 2628 in
1918 2575 2178 2630 ambobus
2221 2577 2467 2632 voluntas
2518 2579 2860 2648 intelligenda
2909 2593 3026 2648 est;
3069 2599 3191 2636 nam
3225 2586 3355 2648 vita,

1805 2680 1972 2733 quam
2022 2668 2217 2720 dicitur
2266 2667 2466 2723 habere
2516 2669 2568 2722 in
2630 2672 2806 2738 seipso
2862 2670 3042 2738 Pater,
3083 2685 3135 2728 et
3170 2676 3354 2739 Filius,

1805 2759 1982 2813 unitas
2011 2770 2120 2824 est,
2163 2770 2218 2813 et
2271 2762 2799 2828 supersnbstantialis
2823 2768 3076 2831 essentia,
3098 2783 3199 2821 non
3229 2785 3358 2823 vero

1805 2850 2030 2904 alterum
2057 2851 2184 2920 quid
2219 2851 2270 2904 in
2296 2851 2465 2907 altero
2505 2854 2770 2908 exsistens
2811 2872 2824 2907 :
2852 2872 2954 2923 qua
2999 2859 3064 2911 de
3095 2873 3257 2912 causa
3283 2861 3360 2912 ait

1806 2943 1917 3010 ipse
1947 2941 2151 2995 Filius:
2189 2962 2206 2994 ι
2234 2943 2345 3010 Ego
2379 2960 2494 2998 sum
2534 2945 2641 2998 vita
2676 2965 2691 2998 -:
2729 2965 2747 2996 ι
2790 2948 2923 3003 adeo
2956 2959 3012 3003 ut
3034 2951 3114 3004 vel
3157 2967 3224 3007 ex
3257 2952 3360 3008 hoc

1805 3041 2080 3100 appareat,
2111 3047 2216 3085 non
2246 3032 2404 3085 aliam
2459 3049 2486 3086 a
2523 3031 2701 3089 Patris
2750 3038 2983 3091 essentia
3031 3053 3151 3093 esse
3174 3055 3359 3095 essen-

1806 3124 1936 3177 tiam
1968 3123 2109 3176 Filii.
2139 3122 2272 3177 Nam
2304 3127 2349 3178 si
2385 3123 2554 3179 Filius
2582 3136 2667 3179 est
2690 3127 2814 3188 vita,
2847 3137 2900 3182 et
2925 3130 3164 3184 eamdem
3195 3131 3357 3184 vitam

1809 3215 1970 3268 habet
1997 3214 2177 3280 Pater,
2205 3215 2330 3283 quid
2372 3216 2634 3284 reliquum
2667 3226 2770 3282 est,
2807 3220 2908 3273 nisi
2937 3229 2996 3273 ut
3024 3221 3111 3276 ille
3137 3222 3208 3275 sit
3235 3223 3361 3277 huic

1806 3306 2310 3360 consubstantialis?
2347 3321 2409 3361 ac
2437 3308 2480 3361 si
2522 3307 2688 3362 Filius
2747 3320 2831 3362 est
2855 3311 2985 3375 vita,
3015 3313 3279 3378 quomodo
3308 3312 3360 3366 id

1806 3401 1978 3470 potuit
2015 3401 2282 3470 accipere,
2311 3401 2452 3470 quod
2487 3403 2598 3469 ipse
2623 3403 2748 3456 est?
2795 3404 2862 3456 At
2888 3405 2930 3456 si
2959 3420 3077 3458 eam
3107 3407 3358 3467 habebat,

1807 3487 2076 3558 inquiunt,
2103 3491 2368 3558 quomodo
2399 3490 2644 3558 accepit?
2675 3490 2778 3544 Sed
2807 3500 2860 3545 et
2889 3492 3004 3545 ista:
3039 3507 3198 3546 merae
3232 3503 3362 3546 sunt

1805 3595 1990 3645 nugae:
2016 3595 2136 3633 nam
2168 3581 2328 3633 etiam
2375 3581 2569 3635 similis
2615 3582 2682 3635 ab
2724 3581 2884 3635 simili
2916 3582 3144 3650 accipit:
3177 3596 3244 3636 ne
3277 3583 3360 3636 di-

1807 3685 1954 3733 cam,
1987 3670 2240 3739 majorem
2275 3685 2492 3740 quoqne
2522 3671 2785 3727 interdum
2803 3672 3047 3739 accipere
3091 3687 3121 3725 a
3145 3673 3360 3736 minori,

1806 3771 1859 3816 et
1884 3763 2161 3816 dexteram
2215 3778 2243 3816 a
2276 3763 2496 3817 sinistra
2541 3781 2556 3817 :
2599 3764 2844 3818 novimus
2873 3768 3074 3829 autem,
3100 3765 3361 3832 quosdam

1806 3854 1968 3906 etiam
2001 3853 2186 3921 mquali
2214 3853 2486 3921 judicandi
2528 3855 2691 3926 378
2730 3856 3051 3911 auctoritate
3083 3857 3358 3926 praeditos,

1805 3957 1926 3997 eam
1963 3943 2248 4012 aliquando
2271 3943 2428 3998 alteri
2457 3947 2772 4011 concedere,
2800 3947 2888 4015 qui
2919 3947 3048 4016 ipsis
3065 3946 3238 4014 major
3258 3947 3358 4002 sit:

1805 4045 1860 4089 et
1887 4035 2068 4089 dicere
2097 4034 2365 4089 solemus:
2398 4037 2671 4090 Dederunt
2713 4037 2840 4092 huic
2864 4039 2960 4093 soli
2993 4049 3051 4093 ut
3071 4044 3194 4108 Zrem
3224 4040 3363 4094 han:

1807 4126 2091 4196 dijudicet:
2128 4125 2227 4180 etsi
2252 4126 2297 4178 is
2322 4127 2518 4181 habeat
2552 4126 2650 4199 (5),
2708 4138 2762 4182 ει
2804 4127 3030 4184 fortasse
3063 4130 3231 4198 magis
3262 4132 3364 4186 ha-

1807 4219 1947 4283 beat,
1975 4217 2242 4286 judicandi
2274 4226 2614 4286 potestatem.
2645 4219 2824 4290 Itaque
2850 4236 2954 4274 non
2977 4222 3052 4274 ait
3085 4221 3370 4291 Scriptura-

1807 4308 2000 4362 Filinm
2034 4309 2084 4362 id
2111 4309 2404 4377 accepisse,
2426 4309 2568 4377 quod
2609 4326 2712 4364 non
2754 4312 2990 4376 haberet,
3020 4313 3112 4366 sed
3143 4313 3224 4366 vel
3252 4315 3363 4382 ipse

1806 4398 2128 4469 evangelista
2166 4399 2338 4469 inquit
2369 4422 2382 4455 ;
2416 4418 2436 4450 ‹
2467 4399 2519 4454 ln
2573 4402 2786 4469 propria
2842 4401 2918 4472 (6)
2987 4405 3152 4466 venit,
3192 4415 3246 4458 et
3278 4404 3364 4457 sui

183 4484 356 4558 Πατρί·
384 4491 444 4544 ἐκ
473 4491 570 4545 τοῦ
601 4493 805 4562 κόσμου
838 4492 946 4561 γὰρ
973 4493 1149 4556 ὄντας,
1177 4495 1243 4562 τῇ
1286 4491 1475 4545 ἐαυτοῦ
1503 4494 1704 4545 οἰκονο-

1812 4504 1929 4546 eum
1962 4507 2065 4544 non
2091 4502 2407 4560 receperunt
2427 4491 2503 4564 (7)
2536 4511 2550 4547 :
2612 4503 2869 4562 quotquot
2933 4503 3110 4548 autem
3149 4511 3365 4564 recepe-

187 4573 268 4644 μία
290 4583 417 4632 ποιεί
436 4582 876 4652 οὐρανοπολίτας.
907 4581 1026 4653 [181
1061 4581 1117 4653 α]
1151 4582 1275 4645 Πῶς
1319 4582 1374 4634 δέ
1406 4583 1496 4634 καὶ
1548 4583 1707 4651 ἡμεῖς

186 4663 242 4715 τὰ
265 4667 346 4720 τοῦ
363 4670 488 4724 Θεοῦ
521 4673 682 4725 πάλιν
712 4673 858 4743 αὐτῷ
880 4674 1256 4745 προσφέρομεν
1275 4689 1290 4737 ;
1328 4673 1396 4725 Ἢ
1419 4672 1535 4733 πῶς
1552 4673 1708 4736 δόξαν

187 4753 309 4824 αὐτῷ
332 4758 747 4832 ἀναπέμπομενς
777 4761 867 4832 Μὴ
891 4756 998 4830 ἆρα
1017 4760 1044 4813 ὃ
1069 4761 1142 4830 μὴ
1169 4759 1300 4830 ἔχει,
1329 4760 1362 4830 ἢ
1393 4760 1420 4811 ὂ
1449 4759 1522 4828 μὴ
1544 4757 1709 4820 ἔστιν,

188 4845 309 4919 αὐτῷ
321 4854 619 4924 παρέχομεν
639 4871 654 4920 ;
693 4856 874 4926 Ἀρκεῖ
894 4849 987 4907 οὖν
1007 4853 1188 4916 αὐτοῖς
1208 4851 1614 4923 ἀποκρίνεσθαι.
1629 4853 1712 4904 ὃτι

189 4933 331 5001 οὕτως
362 4941 572 5009 ἐλαϐεν,
600 4946 676 5008 ὡς
703 4943 1043 5014 ἐπτώχευσεν
1081 4941 1251 5004 ἑκὼν,
1282 4944 1375 4995 καὶ
1397 4942 1470 5005 ὡς
1497 4942 1712 5008 ἐγένετο

190 5026 385 5097 κατάρα.
418 5034 479 5085 Τί
511 5034 622 5106 γὰρ
656 5035 722 5088 ἂν
763 5036 992 5106 φήσαιεν
1021 5031 1362 5104 ἐρωτώμενοι
1393 5031 1451 5097 ἐξ
1477 5030 1709 5084 ἀνθυπο-

245 5161 310 5236 (I)
339 5166 494 5222 Juxta
529 5170 750 5224 Isaiam.
785 5170 914 5224 Vide
943 5169 1044 5223 lsa.
1079 5183 1196 5236 cap.
1224 5185 1299 5224 Ix.
1335 5183 1475 5222 vers.
1511 5168 1566 5221 6.

248 5231 314 5308 ρ)
349 5239 444 5308 ριιί
475 5257 574 5293 non
611 5241 868 5308 rapinam.
906 5239 1132 5307 Philipp.
1147 5231 1222 5300 ἰι,
1247 5237 1299 5291 6.

250 5299 312 5380 (ξ)
348 5304 626 5381 Oporterer.
660 5299 862 5373 Codex,
890 5299 1210 5381 ἐχρῆν.Ἀιίἰ
1239 5309 1478 5363 scribere
1508 5307 1712 5361 malunt

194 5363 333 5451 έχρᾔν
347 5363 471 5451 '_a|ii
493 5381 652 5451 etiam
677 5363 874 5451 iéquv'.

196 5438 491 5562 Μ(ἒὶόΕιιηι.
521 5438 898 5512 Οοάεχ,”ὰύ’τό.
933 5449 1094 5519 Lego,
1128 5446 1311 5512 αὐτόν,
1342 5448 1502 5518 idque
1534 5445 1709 5502 refero

355 5531 398 5562 ν.

225 5523 248 5555 (1
269 5523 398 5562 θεον.

253 5575 316 5644 (⁵)
351 5581 541 5659 Ει-ςῇἱε
581 5589 786 5659 habent.
835 5589 1042 5656 Codex,
1077 5590 1168 5645 καί
1221 5606 1303 5642 τοι
1338 5583 1511 5659 ἔχοντι
1555 5585 1705 5642 αὐτό.

260 5661 330 5725 g2.
359 5653 502 5725 αὐτῷ
530 5673 621 5725 pro
652 5658 804 5712 αὐτό.

255 5714 319 5792 (ἑξ)
349 5719 406 5792 (γε
433 5714 657 5792 propria.
694 5726 849 5781 Joan.
887 5745 925 5788 ι.
961 5729 1044 5789 ιι,
1080 5730 1164 5783 ta.

1819 4591 1944 4636 runt
1964 4597 2106 4646 eum,
2131 4582 2280 4637 dedit
2310 4584 2389 4638 eis
2422 4593 2737 4652 potestatem
2766 4584 2903 4639 ﬁlios
2927 4584 3016 4638 Dei
3052 4587 3217 4638 ﬁeri.»
3240 4585 3366 4651 Qni-

1816 4671 1914 4726 bus
1951 4673 2127 4726 verbis
2162 4688 2265 4726 non
2295 4675 2450 4727 modo
2493 4675 2747 4737 ostendit,
2777 4675 3047 4742 propriam
3086 4676 3202 4728 Filii
3245 4691 3366 4730 esse

1814 4768 2114 4814 creaturam
2150 4761 2263 4831 (aut
2293 4762 2763 4832 creationem),sed
2798 4765 2958 4817 etiam
3005 4765 3147 4818 Patri
3193 4767 3301 4818 dari
3335 4782 3366 4819 a

1816 4851 1952 4905 Filio
1983 4853 2193 4920 eos,qui
2226 4853 2397 4921 ipsum
2426 4852 2621 4907 Filium
2648 4854 2987 4922 recipiunt,id
3006 4864 3108 4921 est,
3133 4855 3249 4910 illos
3275 4859 3368 4924 qui

1812 4941 1948 4996 Filio
1980 4943 2208 4996 credunt
2227 4943 2326 5011 (8),
2355 4953 2408 4997 et
2441 4945 2523 4998 his
2554 4959 2674 4998 eum
2715 4959 2926 5014 semper
2973 4944 3289 5001 benefacere
3313 4956 3369 5001 et

1813 5047 1932 5087 cum
1962 5033 2134 5103 ipsum
2164 5035 2450 5104 recipiunt,
2480 5044 2675 5090 etcum
2706 5036 2773 5090 ab
2803 5035 2918 5104 ipso
2943 5035 3018 5106 (9)
3047 5036 3370 5092 exhibentur

1815 5169 2003 5224 ἐλαὸον

1887 5241 1964 5310 (ὅ)
2007 5239 2114 5311 Qui
2158 5241 2397 5302 ipsum...
2431 5241 2698 5310 recipiunt,
2739 5243 2796 5294 id
2837 5253 2912 5297 cu
2947 5244 3066 5298 illos
3105 5245 3194 5311 qui
3225 5242 3369 5298 Filio

1818 5313 2054 5363 credunt.
2085 5310 2257 5363 Simili
2291 5311 2448 5364 modo
2466 5315 2809 5366 enarratione
2854 5316 2906 5366 in
2938 5313 2955 5366 Ι
2998 5310 3171 5380 Epist.
3205 5314 3367 5367 Joan.

1815 5394 2025 5448 capam
2068 5381 2278 5432 locutus
2322 5390 2442 5445 est,
2474 5398 2594 5435 cum
2637 5383 2746 5436 haec
2793 5382 3050 5437 dictavit:
3095 5384 3186 5436 Ait
3225 5387 3367 5436 enim

1817 5446 1904 5520 hic
1927 5446 2114 5501 doctor
2153 5451 2205 5502 in
2237 5449 2520 5520 Evangelio
2545 5467 2664 5512 suo,
2691 5471 2710 5502 ι
2734 5455 3088 5520 suscipientes
3108 5453 3312 5509 Jesum,
3341 5469 3362 5502 ›

1815 5519 1924 5593 hoc
1949 5529 2050 5581 est,
2077 5520 2203 5593 dum
2226 5519 2461 5593 credunt
2482 5523 2543 5593 Vin
2579 5524 2794 5577 nomine
2820 5519 2957 5591 ejus,
2998 5541 3018 5574 ι
3051 5532 3368 5593 potestatem

1814 5589 2059 5654 accipere
2088 5589 2175 5642 Dei
2218 5589 2356 5643 ﬁlios
2382 5592 2511 5644 ﬁeri.
2543 5611 2560 5643 ι

1885 5653 1961 5725 (9)
1984 5658 2079 5733 Δ,διὸ
2107 5668 2247 5733 ipso:
2270 5660 2446 5713 Codex
2478 5675 2494 5712 :
2526 5661 2664 5733 napi
2683 5662 2832 5732 αὐτῷ
2859 5661 2936 5732 τῷ
2962 5659 3171 5733 ῌατρί,
3207 5659 3256 5710 id
3286 5667 3370 5733 est
3458 5653 3471 5687 ἰ

1817 5746 1834 5777 ε
1857 5729 1996 5803 apud
2025 5730 2193 5803 ipsum
2221 5730 2450 5803 Putrem.
2481 5751 2499 5784 ι
2529 5729 2632 5787 Sed
2657 5729 2934 5803 legendum
2959 5729 3213 5794 fortasse,
3235 5729 3366 5801 παρ’

261 5783 326 5854 Π)
354 5783 466 5846 Non
485 5783 797 5862 receperunt.
827 5783 991 5853 Biblia
1014 5783 1112 5851 ;ὀύ
1143 5799 1445 5872 παρέλαϐον
1471 5814 1566 5865 pro
1605 5798 1704 5851 οὐκ

1812 5783 1973 5854 αὐτοῦ
2004 5798 2081 5868 τῷ
2107 5799 2299 5868 Πατρί.
