3716 6386
423 359 525 414 879
1643 353 1879 410 DIDYMI
1917 356 1945 409 Δ

2076 355 2381 413 {ANDRINI
3515 369 3596 421 δυο

415 477 560 531 Patri
597 490 761 530 :nam
814 476 1058 547 quamvis
1122 490 1189 531 ex
1242 474 1439 529 mundo
1486 473 1613 539 sint,
1669 489 1763 527 sua
1793 485 1945 528 tamet

2077 477 2277 546 φορᾶς·
2317 477 2376 530 '0
2417 476 2548 541 Θεὸς
2582 478 2676 531 καὶ
2717 477 2918 550 Κύριος
2958 479 3263 552 πάντων,ὴ
3298 482 3461 547 ἀΐδιος
3490 486 3598 557 ζωὴ,

414 564 785 619 lncarnatioue
810 566 927 621 caeli
962 566 1107 621 cives
1157 580 1250 620 eos
1292 564 1441 618 facit.
1487 562 1762 629 Quomodo
1795 573 1945 617 auten

2081 566 2172 618 καὶ
2200 566 2259 620 τὸ
2294 568 2406 635 φῶς
2434 568 2492 620 τὸ
2519 568 2786 640 ἀληθινὸν,
2822 572 2915 623 καὶ
2943 573 2974 641 ἡ
3001 571 3289 635 ἀθανασία.
3319 576 3431 638 πῶς
3456 578 3599 630 me.

416 671 516 709 nos
542 671 753 726 quoque
788 671 873 718 ea,
909 672 1027 726 qua:
1055 657 1143 710 Dei
1178 668 1323 722 sunt,
1367 670 1550 709 rursus
1585 655 1680 721 ipsi
1719 655 1824 708 Deo
1843 654 1945 708 ol'fe

2077 673 2299 725 χευσεν;
2344 658 2376 729 ἢ
2412 658 2525 723 πῶς
2564 662 2597 731 ἡ
2626 660 2844 728 εὐλογία
2870 661 2937 714 δι’
2967 664 3110 732 ἡμεῖς
3142 664 3357 733 ἐγένετο
3386 668 3598 737 κατάρας

416 748 624 805 rimus?
658 757 749 801 aut
771 750 1041 817 quomodo
1073 749 1293 819 gloriam
1319 749 1367 803 ei
1388 750 1689 825 reddimus?
1716 748 1963 818 Nunquid
2001 752 2140 820 quod
2206 769 2309 807 non
2339 754 2516 818 habet,
2582 768 2672 809 aut
2706 756 2846 824 quod
2905 772 3007 810 non
3058 766 3159 821 est,
3210 759 3259 813 ei
3296 762 3601 828 pracbemus?

417 845 624 900 Suilirit
665 858 791 913 ergo
842 844 912 896 ita
963 845 1225 899 lucreticis
1279 843 1649 913 respondere:
1697 844 1863 899 Filius
1889 858 1953 898 eo
1991 859 2147 899 sensu
2180 849 2403 917 accepit,
2441 862 2546 918 quo
2602 864 2760 903 sensu
2822 849 3121 905 voluntarie
3192 866 3396 921 pauper
3458 853 3601 911 factus

416 946 520 999 est,
557 945 609 990 et
646 950 751 1005 quo
787 950 946 989 sensu
981 934 1152 989 factus
1218 943 1300 989 est
1376 935 1713 989 maledictum
1741 933 1872 1005 (10).
1907 934 2042 1000 Quid
2082 937 2223 991 enim
2282 940 2605 1008 respondere
2660 950 2900 1009 possent,
2952 942 2997 995 si
3054 957 3150 996 nos
3180 944 3483 1013 exceptione
3512 950 3604 1015 (aut

416 1030 763 1101 subiectione)
828 1039 1123 1093 uteremur,
1181 1045 1244 1084 ac
1295 1044 1388 1083 eos
1428 1028 1663 1084 vicissim
1737 1031 1815 1084 sic
1885 1030 2373 1100 interrogaremus:
2408 1033 2456 1088 Is
2486 1033 2576 1102 qui
2605 1044 2688 1088 est
2716 1035 2873 1098 Deus,
2904 1044 2956 1088 et
3002 1035 3258 1091 Dominus
3285 1038 3531 1104 omnium,
3564 1051 3603 1093 et

415 1135 616 1179 aeterna
649 1124 775 1189 vita,
802 1131 855 1177 et
880 1122 969 1176 lux
1004 1137 1150 1186 vera,
1183 1131 1236 1177 et
1269 1123 1663 1189 immortalitas,
1700 1124 1968 1193 quomodo
2006 1138 2206 1194 pauper
2266 1128 2437 1182 factus
2467 1126 2587 1184 est?
2620 1137 2714 1181 aut
2778 1128 3045 1196 quomodo
3098 1126 3163 1193 is,
3220 1127 3313 1198 qui
3352 1140 3433 1185 est
3471 1130 3604 1184 hens-

417 1217 603 1282 dictio,
637 1223 854 1285 propter
886 1229 987 1269 nos
1023 1214 1196 1269 factus
1230 1224 1314 1269 est
1347 1215 1686 1271 maledictio?

1008 1307 1157 1362 CAP.
1199 1308 1382 1365 XVIII.

488 1398 657 1454 Simili
702 1399 860 1454 modo
906 1399 1319 1470 [intelligendum
1373 1410 1456 1454 est
1500 1399 1659 1453 etiam
1717 1400 1856 1469 quod
1918 1400 1971 1455 in

416 1491 621 1548 Joanne
642 1492 896 1562 apostolis
920 1493 1116 1547 dictum
1142 1490 1242 1546 fuit
1270 1509 1283 1543 :
1308 1510 1326 1543 ι
1350 1492 1405 1547 Si
1427 1492 1720 1563 diligeretis
1741 1492 1969 1563 me(ii),

416 1588 584 1655 gavisi
617 1588 825 1648 essetis,
855 1587 979 1656 quia
1016 1586 1126 1657 (12)
1158 1586 1293 1639 vado
1347 1586 1413 1639 ad
1440 1586 1653 1640 Patrem
1681 1605 1693 1641 :
1730 1587 1852 1656 quia
1882 1587 1970 1655 qui

418 1679 561 1731 misit
592 1694 677 1732 me
700 1679 811 1747 (15)
836 1677 1014 1741 Pater,
1047 1679 1218 1747 major
1244 1692 1329 1731 me
1358 1686 1460 1731 est.
1489 1696 1508 1730 ι
1540 1677 1813 1743 Quomodo
1829 1678 1969 1731 enim

416 1769 580 1832 vadit,
635 1779 726 1821 aut
759 1769 955 1823 missus
998 1777 1079 1821 est
1123 1769 1412 1822 secundum
1463 1769 1713 1823 deitatem
1771 1770 1856 1823 ille
1882 1771 1971 1838 qui

418 1862 581 1914 dixit:
608 1879 626 1911 t
664 1858 773 1929 Ego
808 1860 859 1913 in
908 1858 1067 1913 Patre
1096 1858 1229 1927 (H),
1274 1869 1326 1913 et
1378 1858 1538 1913 Pater
1565 1862 1615 1913 in
1660 1875 1780 1926 me;
1825 1879 1842 1911 ι
1877 1870 1969 1915 et:

422 1951 610 2006 «Pater
635 1952 769 2021 (15),
801 1952 889 2020 qui
920 1951 970 2004 in
991 1966 1074 2005 me
1101 1961 1298 2015 manet,
1318 1950 1445 2004 facit
1466 1966 1625 2020 opera
1650 1967 1665 2017 ;
1693 1971 1711 2002 ι
1738 1956 1810 2005 e't:
1841 1950 1969 2018 «ρυί

416 2045 560 2099 misit
593 2057 677 2098 me
728 2043 860 2113 (16),
903 2058 1109 2096 mecum
1151 2042 1312 2096 est?)
1367 2043 1532 2113 379
1563 2042 1627 2097 Et
1677 2043 1744 2106 is,
1774 2044 1839 2099 de
1868 2059 1972 2112 quo

416 2133 672 2202 scriptum
697 2140 802 2194 est,
852 2130 993 2199 quod
1051 2149 1069 2181 ‹
1119 2130 1353 2199 seipsum
1405 2132 1698 2185 exinanivit
1744 2132 1969 2186 formam

417 2228 560 2279 servi
589 2225 896 2293 accipiens;
922 2241 940 2274 ι
964 2231 1018 2277 et
1039 2227 1177 2291 quod
1209 2242 1227 2275 ι
1262 2224 1312 2277 in
1340 2223 1542 2279 mundo
1570 2233 1703 2287 erat,
1730 2234 1784 2279 et
1814 2241 1970 2279 mun-

415 2317 515 2370 dus
546 2330 638 2382 per
668 2315 841 2383 ipsum
874 2314 1045 2369 factus
1074 2315 1194 2369 est?
1218 2334 1235 2367 ι
1285 2315 1387 2382 Qui
1419 2316 1561 2370 enim
1614 2316 1799 2383 mittit,
1843 2317 1971 2372 illuc

417 2407 601 2471 mittit,
634 2408 720 2461 ubi
744 2422 847 2461 non
872 2416 952 2460 est
975 2407 1066 2475 qui
1097 2407 1281 2469 mittit,
1304 2421 1402 2460 nec
1424 2407 1515 2477 qui
1548 2407 1795 2461 mittitur.
1822 2408 1972 2475 Quod

415 2498 457 2553 si
494 2499 631 2553 Dens
663 2498 860 2566 ubique
893 2500 1065 2562 adest,
1115 2499 1292 2552 omnia
1338 2499 1501 2551 etiam
1530 2500 1789 2568 continet,
1817 2515 1967 2556 crea-

418 2596 565 2641 turas
597 2586 1062 2654 circumplecteus.
1120 2602 1293 2655 neque
1343 2602 1474 2641 vero
1506 2586 1715 2653 abiens,
1748 2599 1859 2642 tum
1885 2603 1957 2643 re-

415 2680 586 2742 diens,
613 2693 710 2733 nec
740 2677 856 2732 loca
883 2692 950 2731 ex
1008 2677 1138 2732 locis
1192 2677 1486 2732 alternans.
1518 2678 1608 2732 Ait
1647 2680 1787 2733 enim
1815 2695 1972 2734 sacer

416 2768 621 2823 Psaltes
647 2789 657 2823 ς
693 2786 711 2819 ι
738 2767 914 2836 Prope
939 2767 1051 2839 (I7)
1070 2777 1153 2823 est
1172 2768 1430 2822 Dominus
1456 2769 1768 2825 timentibus
1790 2785 1964 2835 eumn

415 2870 468 2913 et
496 2873 723 2913 rursus:
762 2876 781 2909 (
812 2857 871 2912 Si
917 2859 1208 2912 ascendero
1236 2856 1347 2927 (18)
1381 2857 1435 2911 in
1496 2857 1712 2923 coelum,
1764 2866 1818 2912 tu
1864 2859 1971 2913 illic

2705 1305 2861 1357 ΚΕΦ.
2900 1306 3007 1358 IH’.

2148 1397 2331 1460 Οὕτως
2363 1398 2429 1450 ἂν
2454 1396 2669 1467 νοηθείη
2699 1396 2792 1448 καὶ
2822 1396 2881 1449 τὸ
2919 1398 2976 1448 ὲν
3020 1395 3236 1467 Ἰωάννῃ
3269 1400 3381 1459 τοῖς
3409 1398 3604 1453 ἀποστό-

2076 1490 2187 1552 λοις
2219 1488 2381 1560 ῥηθέν
2405 1504 2417 1517 ’
2456 1507 2474 1539 ι
2517 1489 2579 1539 El
2623 1487 2873 1557 ἠγαπᾶτέ
2909 1504 2975 1555 με
2996 1526 3010 1548 ,
3046 1487 3280 1557 ἐχάρητε
3310 1487 3395 1551 ἂν,
3427 1489 3501 1541 ὅτι
3529 1508 3605 1542 ποι

2005 1631 2044 1685 Β
2078 1580 2303 1652 ρεύομαι
2331 1578 2465 1650 πρὸς
2493 1578 2584 1631 τὸν
2618 1577 2868 1649 Πατέραο
2910 1578 2989 1630 ὅτι
3021 1579 3048 1629 6
3075 1577 3301 1647 πέμψας
3345 1596 3410 1648 με
3451 1581 3605 1652 Πατὴρ

2076 1671 2275 1743 μείζων
2305 1689 2403 1741 μου
2430 1671 2594 1723 ἐστίν.
2630 1688 2647 1721 ι
2685 1669 2811 1739 Πῶς
2840 1669 2945 1740 γὰρ
2977 1670 3290 1740 πορεύεται,
3322 1671 3355 1739 ῆ
3388 1672 3604 1743 ὲπέμςθη

2072 1764 2212 1818 κατὰ
2242 1762 2339 1833 τὴν
2378 1762 2606 1831 θεότητα
2651 1761 2678 1812 ὁ
2727 1759 2921 1813 εἰπών’
2974 1777 2992 1810 t
3048 1760 3281 1828 Ἐγὼ’ὲν
3319 1762 3396 1832 τῷ
3442 1763 3603 1833 Πατρὶ,

2071 1858 2163 1909 καὶ
2200 1856 2228 1907 6
2262 1854 2447 1925 Πατὴρ
2480 1856 2534 1906 ὲν
2565 1853 2685 1921 ἐμοί
2708 1869 2719 1879 ·
2761 1872 2778 1903 ι
2819 1852 2931 1916 καὶ,
2981 1870 3000 1904 t
3049 1854 3107 1905 '0
3141 1854 3329 1925 Πατὴρ
3352 1857 3379 1908 ὁ
3410 1857 3465 1908 ὲν
3510 1857 3607 1926 ἐμοὶ

2073 1944 2246 2014 μένων
2282 1946 2422 1997 ποιεῖ
2449 1943 2517 1995 τὰ
2557 1942 2721 2012 ἔργα·
2770 1960 2788 1993 ›
2822 1944 2933 2006 καὶ,
2969 1961 2986 1993 ι
3028 1942 3084 1995 Ὀ
3123 1942 3345 2012 πέμψας
3390 1961 3475 2013 με,
3513 1947 3607 2015 μετ’

2070 2037 2203 2108 ἐμοῦ
2244 2038 2432 2099 ὲστιν;
2470 2055 2487 2087 s
2533 2036 2591 2087 '0
2629 2035 3088 2106 μαρτυρούμενος,
3110 2036 3191 2087 ὅτι
3231 2036 3485 2089 «Ἑαυτὸν
3510 2039 3605 2091 ἐκέ-

2069 2147 2205 2182 νωσε
2229 2171 2243 2195 ,
2300 2128 2513 2199 μορφὴν
2554 2126 2737 2179 δούλου
2770 2125 2983 2180 λαϐών·
3029 2147 3046 2177 ι
3091 2128 3184 2181 καὶ
3214 2131 3295 2181 ὅτι
3338 2147 3357 2180 ι
3431 2131 3510 2182 Ἐν
3546 2132 3607 2201 τῷ

2068 2222 2257 2291 κόσμῳ
2278 2216 2366 2291 ἦν,
2395 2220 2488 2273 καὶ
2513 2221 2540 2272 6
2569 2220 2770 2289 κόσμος
2797 2218 2862 2271 δι’
2894 2217 3058 2271 αὑτοῦ
3088 2218 3339 2287 ἐγένετο;
3375 2240 3391 2271 ι
3441 2222 3495 2274 '0
3521 2224 3605 2294 γὰρ

2070 2313 2302 2383 πέμπων
2346 2315 2460 2365 ἐκεῖ
2491 2311 2728 2381 πέμπει,
2760 2310 2885 2363 ἔνθα
2916 2312 3015 2363 οὐκ
3046 2311 3191 2364 ἔστιν
3220 2312 3248 2363 6
3282 2313 3507 2382 πέμπων
3532 2316 3607 2368 καὶ

2068 2404 2096 2455 6
2132 2403 2495 2472 πεμπόμενος.
2535 2402 2596 2453 Εἰ
2626 2401 2683 2452 δὲ
2716 2401 2743 2452 6
2766 2399 2897 2463 Θεὸς
2929 2400 3198 2470 πανταχοῦ
3230 2402 3478 2473 πάρεστι,
3534 2407 3608 2457 καὶ

2070 2496 2244 2548 πάντα
2278 2494 2509 2564 συνέχει,
2553 2491 3011 2563 περιδραξάμενος
3043 2492 3139 2563 τὴν
3170 2494 3370 2555 κτίσιν,
3407 2496 3495 2547 καὶ
3523 2497 3605 2548 οὐκ

2068 2574 2265 2651 ἀπιὼν,
2290 2586 2381 2639 καὶ
2403 2585 2560 2639 πάλιν
2589 2584 2960 2645 ὲπανιὼν,οὑδ’
2995 2586 3055 2636 ὲκ
3076 2584 3254 2638 τόπων
3273 2586 3462 2649 τόπους
3474 2587 3608 2656 ἀμεί-

2069 2676 2196 2730 ϐων.
2242 2677 2401 2744 Λέγει
2425 2676 2533 2747 γὰρ
2572 2676 2600 2728 6
2632 2676 2728 2746 μὲν
2762 2674 3126 2746 Ἰεροψάλτης·
3154 2695 3171 2727 ι
3221 2677 3414 2744 Ἐγγὺς
3435 2678 3609 2749 Κύρα

2069 2772 2181 2833 τοῖς
2205 2769 2552 2839 φοϐουμένοις
2581 2768 2771 2821 αὐτόν·
2813 2786 2831 2818 ι
2871 2769 2964 2821 καί
3003 2768 3193 2821 πάλτνο
3232 2787 3250 2819 t
3296 2771 3417 2822 Ἐὰν
3449 2771 3609 2825 ἀναεῶ

2069 2863 2148 2925 εἰς
2177 2862 2266 2916 τὸν
2297 2862 2542 2933 οὐρανὸν.
2579 2861 2642 2913 σὺ
2674 2861 2788 2913 ἐκεῖ
2810 2855 2877 2913 εἷ’
2897 2861 2989 2913 ἐὰν
3016 2860 3239 2915 καταϐῶ
3264 2863 3343 2925 εἰς
3363 2863 3451 2915 τὸν
3474 2864 3609 2934 ᾅδην,

415 2966 502 3014 es;
537 2950 580 3003 si
613 2948 943 3002 descendero
978 2947 1030 3000 in
1060 2946 1349 3012 infernum,
1369 2950 1514 3003 ades.
1541 2947 1598 3002 Si
1634 2965 1945 3019 assumpscn

2076 2954 2259 3027 πάρει’
2281 2954 2376 3007 ἐὰν
2405 2952 2727 3023 ἀναλάϐοιμι
2753 2951 3025 3023 πτέρυγάς
3050 2970 3149 3023 μου
3167 2954 3286 3006 κατ’
3311 2954 3516 3025 ὄρθρον,
3531 2957 3609 3007 καὶ

416 3054 618 3110 pennas
646 3052 795 3092 meas
819 3037 1070 3103 diluculo,
1093 3048 1148 3091 et
1174 3037 1490 3093 habitavero
1509 3039 1561 3093 in
1580 3041 1833 3095 extremis
1860 3055 1972 3094 ma-

414 3130 523 3183 ris:
550 3129 745 3182 etenim
774 3127 902 3182 illuc
935 3142 1123 3182 manus
1163 3136 1249 3181 tua
1284 3127 1511 3182 deducet
1551 3143 1657 3195 me,
1690 3138 1742 3183 et
1772 3130 1971 3186 tenebit

415 3236 502 3275 me
523 3221 740 3275 dextera
771 3231 880 3274 tua.
906 3238 925 3270 ι
958 3218 1218 3274 Jeremias
1246 3228 1421 3273 autem
1456 3236 1470 3273 :
1507 3238 1526 3271 ‹
1553 3218 1757 3274 Caelum
1787 3220 1896 3293 (19)
1917 3231 1970 3277 et

416 3321 612 3367 terram
641 3326 741 3380 ego
801 3310 1018 3379 impleo,
1068 3309 1199 3365 dicit
1239 3311 1515 3365 Dominus.
1554 3328 1573 3362 ι
1635 3312 1769 3365 Acta
1804 3327 1965 3368 vero:

417 3405 718 3473 «Quamvis
776 3403 887 3474 (20)
942 3418 1046 3457 non
1100 3402 1256 3472 longe
1303 3401 1371 3456 sit
1410 3401 1477 3457 ab
1520 3417 1840 3473 unoquoque
1876 3420 1972 3460 no-

411 3508 615 3554 strum:
650 3499 702 3552 in
729 3498 845 3568 ipso
890 3497 999 3569 (2i)
1048 3495 1405 3567 380-382
1437 3495 1577 3550 enim
1628 3497 1877 3565 vivimus,
1919 3508 1975 3553 et

413 3607 710 3655 movemur,
759 3602 813 3647 et
870 3606 1052 3646 sumus
1097 3606 1111 3643 :
1162 3588 1608 3659 quemadmodum
1645 3590 1803 3643 etiam
1833 3604 1972 3645 non-

412 3682 542 3738 nulli
576 3692 881 3737 nostrorum
913 3691 1189 3753 poetarum
1220 3676 1331 3751 (22)
1365 3678 1640 3733 dixerunt:

483 3794 593 3865 (I0)
626 3794 824 3850 Factus
854 3803 929 3850 est
949 3793 1302 3865 maledictum.
1328 3791 1504 3865 Galat.
1540 3809 1624 3856 ιιι,
1658 3794 1745 3849 13.

481 3861 590 3935 (11)
630 3865 687 3936 Si
713 3867 1016 3936 diligeretis.
1047 3862 1199 3936 Joan.
1238 3877 1347 3936 xiv,
1379 3861 1468 3936 28.

481 3926 593 4002 (12)
631 3935 788 3999 Quia.
811 3926 1011 3990 "Graeca
1072 3932 1235 3987 editio
1270 3926 1355 4002 hic
1384 3930 1527 4002 addit
1580 3926 1754 3994 εἷπον.
1789 3932 1843 3987 id
1877 3942 1962 3989 est

416 4024 436 4058 ι
471 4000 601 4060 dixi.
643 4026 661 4057 ι
703 4006 807 4059 Sed
850 4005 1002 4074 Vulg.
1033 4004 1296 4074 interpres
1326 4000 1533 4074 legi‘t‘ut
1559 4002 1833 4074 Didymus.

482 4076 608 4198 Q5).
639 4074 740 4139 Qui
763 4075 907 4154 misit
927 4069 1005 4125 uie
1040 4071 1219 4125 Pater.
1255 4069 1361 4123 Pro
1427 4070 1508 4123 his
1554 4069 1731 4151 verbis
1776 4070 1960 4127 Grteca

542 4158 683 4197 atina
720 4144 883 4198 Bthlta
918 4143 1116 4196 habent
1145 4158 1159 4193 :
1189 4143 1219 4193 6
1244 4140 1433 4198 Πατήρ
1468 4156 1592 4198 μου.
1623 4142 1673 4194 td
1696 4151 1779 4196 est
1808 4161 1826 4194 ί
1856 4141 1960 4196 Pa-

411 4154 464 4198 et
491 4140 683 4198 Latina
720 4144 883 4198 Biblia
918 4143 1116 4196 habent
1145 4158 1159 4193 :
1189 4143 1219 4193 6
1244 4140 1433 4210 Πατήρ
1468 4156 1592 4207 μου,
1623 4142 1673 4194 id
1696 4151 1779 4196 est
1808 4161 1826 4194 ί
1856 4141 1961 4196 Pa-

413 4224 496 4269 ter
525 4229 695 4267 meus.
725 4233 742 4264 ι

483 4283 595 4352 (14)
633 4283 742 4351 Ego
764 4285 817 4335 in
840 4279 1017 4352 Patre.
1049 4278 1350 4352 JoanLXIv,
1388 4278 1475 4331 11.

480 4347 594 4424 (1.5)
623 4347 804 4424 Pater.
825 4350 990 4424 Joan.
1024 4365 1134 4424 ny,
1165 4347 1250 4402 10.

479 4415 590 4491 (16)
629 4421 734 4486 Qui
766 4422 906 4491 misit
938 4436 1037 4491 me.
1066 4417 1219 4472 Joan.
1245 4431 1361 4481 Vill,
1383 4415 1472 4491 29.

479 4485 591 4563 (17)
630 4485 1002 4563 Ρνορε.ηῐξετι1.
1042 4503 1219 4563 cxntv,
1252 4502 1398 4563 vers.
1444 4485 1509 4540 I9
1548 4488 1674 4563 _(seu
1699 4488 1797 4563 _I8)
1828 4489 1959 4563 legi—

408 4548 499 4615 tur
527 4579 542 4616 :
579 4548 1023 4631 ’ἘγγῦςγΚύριος
1063 4548 1214 4611 πᾶσιν
1235 4559 1348 4631 τοῖς
1382 4548 1825 4631 ἐπικαλουμένοὶς
1864 4548 1958 4612 cii)-
1990 4548 2035 4602 D

406 4633 519 4695 τόν,
546 4628 710 4686 idest
734 4650 752 4683 ‹
792 4628 961 4697 Prope
987 4638 1071 4684 est
1100 4628 1354 4682 Dominus
1394 4629 1644 4680 onmibus
1685 4631 1774 4695 qui
1810 4630 1963 4682 invo-

408 4711 535 4756 cant
573 4703 767 4770 ipsum.
799 4719 818 4752 ›
851 4699 1004 4754 Hunc
1038 4699 1356 4770 versiculum
1404 4697 1965 4764 permiscuitfortasse

406 4767 661 4836 Didymus
689 4787 808 4824 cum
836 4785 975 4823 vers.
1019 4768 1080 4822 IO
1110 4767 1297 4836 psalmi
1329 4779 1547 4820 uxxrv.

478 4829 587 4911 (I8)
656 4840 713 4894 Si
775 4840 1075 4894 escendero.
1110 4829 1289 4891 'Psal.
1352 4849 1631 4905 cxxxvm,
1684 4851 1825 4892 vers.
1866 4836 1965 4893 7-9

426 4910 539 4968 sive
562 4910 739 4980 8-10).

405 4912 539 4985 (sive
562 4912 739 4980 8-10).

475 4981 584 5051 (19)
621 4981 851 5051 Caelum.
874 4979 1072 5034 Jerem.
1108 4972 1400 5051 XXlll_,_2‘.

474 5046 586 5119 (20)
632 5050 901 5116 Quamvis.
934 5052 1054 5105 Act.
1088 5064 1221 5119 xvu,
1244 5046 1399 5119 27Uet
1436 5048 1528 5103 28.

476 5116 589 5192 (21)
632 5121 698 5174 In
726 5121 859 5186 ipso,
898 5130 1002 5192 etc.
1038 5119 1160 5172 Ητεο
1196 5116 1536 5192 Ρορῌηνειιικξ
1581 5120 1757 5192 citaus
1792 5118 1958 5192 multa

405 5185 595 5256 peccat
642 5185 829 5243 auctor
850 5190 1027 5256 operis
1060 5202 1204 5242 anno
1244 5185 1377 5240 I765
1419 5189 1671 5256 evulgati,
1705 5191 1845 5256 quod
1877 5190 1960 5242 in-

407 5260 661 5313 scribitur
692 5257 765 5311 La
788 5259 1107 5326 philosaphie
1132 5259 1196 5310 de
1230 5256 1502 5326 l’lgistoire.
1542 5256 1673 5311 Nam
1706 5273 1823 5326 cap.
1889 5258 1961 5311 45

409 5333 520 5383 haec
551 5328 736 5382 scribit
766 5324 1038 5397 :Lorsque
1087 5328 1223 5379 saint
1268 5324 1404 5379 Paul
1458 5331 1555 5381 cite
1581 5344 1660 5381 σεε
1688 5324 1798 5381 vers
1833 5328 1959 5380 d'un

403 5402 551 5467 poéle
589 5413 739 5467 grec,
770 5400 962 5449 Aratus
994 5411 1013 5449 .'
1065 5397 1204 5467 T_out
1245 5398 1321 5451 vit
1392 5399 1525 5451 dans
1562 5399 1687 5451 Dieu
1710 5438 1724 5462 ,
1762 5406 1873 5450 lout
1902 5412 1959 5449 se

406 5465 731 5532 tneut,'tout
767 5468 971 5532 respire
1003 5481 1067 5519 en
1098 5465 1246 5530 Dieu,
1278 5468 1319 5519 il
1360 5470 1529 5521 donne
1575 5467 1607 5520 ὰ
1650 5484 1706 5520 ce
1739 5470 1884 5533 poéle
1911 5466 1957 5518 le

404 5554 524 5591 nom
580 5538 643 5590 de
684 5535 922 5604 prop/rete
964 5535 1134 5604 (Actes
1182 5537 1269 5589 des
1316 5539 1556 5602 apdtres,
1603 5540 1755 5603 chap.
1800 5535 1955 5606 xvu).

404 5607 573 5673 Qnam
606 5606 770 5659 multa
809 5606 993 5674 paucis
1032 5606 1083 5658 in
1124 5606 1299 5659 verbis
1326 5607 1529 5662 falsitas
1574 5618 1732 5673 atque
1792 5606 1956 5660 insci-

406 5677 510 5730 tia'!
555 5678 768 5731 Falsum
814 5686 897 5728 est
924 5675 1130 5743 primo.
1158 5676 1470 5744 prophetam
1518 5693 1544 5729 a
1590 5676 1750 5730 Paulo
1776 5675 1955 5729 vocari

401 5761 546 5808 eum,
596 5762 754 5812 quem
785 5746 979 5815 allegat
1014 5763 1026 5798 :
1070 5746 1338 5813 prophetae
1379 5761 1569 5799 nomen
1622 5746 1710 5799 hic
1752 5745 1953 5798 nullum

404 5826 507 5871 est.
529 5817 739 5872 Falsum
757 5825 839 5872 est
866 5815 1120 5882 secundo,
1141 5816 1298 5870 verba
1320 5816 1454 5881 haec,
1484 5834 1501 5866 ‹
1530 5817 1580 5869 In
1615 5816 1751 5883 ipso,
1777 5834 1796 5869 ι
1822 5825 1951 5881 etc.,

2072 3046 2474 3117 κατασκηνώσω
2499 3047 2577 3109 εἰς
2598 3045 2666 3099 τὰ
2707 3044 2911 3115 ἔσχατα
2939 3046 3038 3115 τῆς
3066 3046 3366 3118 Θαλάσσηςι
3396 3050 3482 3101 καὶ
3518 3050 3611 3118 γὰρ

2070 3142 2184 3193 ἐκεῖ
2226 3138 2344 3210 [181
2396 3136 2447 3209 b]
2506 3140 2538 3207 ἠ
2576 3137 2697 3209 χείρ
2732 3155 2822 3190 σου
2861 3138 3120 3208 ὁδηγήσει
3162 3156 3250 3209 με,
3284 3141 3377 3193 καὶ
3417 3142 3611 3204 καθέξει

2075 3244 2141 3298 με
2170 3231 2203 3299 ἡ
2246 3228 2394 3293 δεξιά
2434 3244 2548 3280 σου.
2606 3246 2624 3278 ι
2676 3227 2733 3280 Ὀ
2771 3226 2828 3278 δὲ
2869 3226 3167 3298 Ἱερεμίας
3206 3247 3224 3278 ι
3277 3228 3379 3281 Τὸν
3408 3230 3612 3299 οὐρανὸν

2072 3321 2165 3374 καὶ
2202 3320 2300 3390 τὴν
2342 3319 2444 3390 γῆν
2498 3319 2609 3387 ἐγὼ
2658 3318 2877 3391 πληρῶ,
2926 3318 3074 3387 λέγει
3118 3320 3344 3391 Κύριος.
3400 3340 3417 3373 ι
3466 3324 3525 3374 Al
3562 3322 3613 3374 δὲ

2073 3410 2336 3482 Πράξεις·
2394 3428 2413 3461 ι
2474 3408 2583 3462 Καί
2622 3426 2685 3477 γε
2735 3410 2795 3461 οὐ
2841 3408 3056 3480 μακρὰν
3106 3410 3212 3462 ἀπὸ
3250 3410 3366 3473 ἐνὸς
3405 3412 3611 3463 ἑκάστου

2073 3502 2229 3573 ἡμῶν
2272 3501 2585 3573 ὑπάρχοντα
2607 3515 2621 3530 ·
2662 3503 2718 3554 ὲν
2746 3499 2894 3571 αὑτῷ
2930 3500 3037 3571 γὰρ
3076 3500 3289 3570 ζῶμεν,
3334 3502 3428 3555 καὶ
3454 3503 3615 3555 κινού.

2076 3593 2235 3665 μεθα,
2274 3594 2368 3647 καὶ
2388 3593 2552 3664 ἐσμέν
2573 3610 2585 3623 ·
2613 3592 2687 3656 ὡς
2727 3593 2819 3645 καί
2845 3609 2987 3656 τινες
3013 3591 3119 3646 τῶν
3144 3593 3267 3647 καθ’
3296 3595 3440 3665 ἡμᾶς
3470 3611 3611 3664 ποιη-

2071 3685 2180 3739 τῶν
2210 3687 2496 3757 εἰρήκασιν
2521 3700 2534 3715 ⁵
3364 3697 3369 3701 ’

2060 3813 2179 3854 esse
2214 3798 2384 3852 Arati.
2429 3798 2639 3853 Falsum
2684 3805 2766 3851 est
2807 3798 3003 3860 tertio.
3054 3812 3116 3853 ea
3156 3798 3211 3851 in
3247 3798 3436 3854 Graeco
3480 3799 3614 3853 fonte

2062 3884 2186 3923 esse
2220 3884 2438 3922 versum
2465 3908 2481 3935 ,
2520 3880 2614 3921 aut
2661 3866 2841 3935 plures
2872 3882 3060 3921 versus
3108 3885 3122 3921 :
3167 3883 3337 3934 neque
3376 3883 3495 3922 vero
3523 3885 3616 3936 pm

2063 3950 2260 3999 versu',
2293 3947 2380 3990 aut
2414 3938 2656 3992 versibus
2690 3936 2875 3989 haberi
2906 3946 3134 4003 possunt
3167 3938 3265 3990 nisi
3304 3938 3369 3990 ah
3399 3954 3495 4002 eo,
3521 3941 3607 4004 qui

2061 4007 2263 4075 Graeca:
2311 4022 2534 4075 poeseos
2590 4006 2810 4075 omnino
2869 4006 3083 4074 ignarus
3139 4006 3226 4061 sit.
3278 4006 3486 4060 Falsum
3534 4017 3619 4061 est

2062 4074 2252 4145 quarto
2272 4077 2461 4132 eadem
2484 4077 2638 4131 citari
2662 4090 2691 4129 a
2719 4074 2910 4145 Paulo;
2939 4087 3061 4129 sunt
3085 4079 3227 4128 enim
3252 4076 3421 4144 ipsius
3442 4077 3613 4130 Pauli:

2063 4146 2153 4213 qui
2191 4148 2290 4200 etsi
2343 4146 2628 4214 suhjtmgat
2662 4163 2674 4198 :
2721 4163 2740 4197 t
2780 4144 2932 4199 Sicut
2963 4155 3016 4199 et
3060 4147 3277 4213 quidam
3320 4157 3611 4200 vestrorum

2064 4227 2341 4284 poetarum
2374 4215 2659 4272 dixerunt;
2697 4235 2714 4267 ›
2752 4231 2857 4267 non
2891 4214 2973 4267 illa
3011 4224 3185 4269 tamen
3230 4216 3465 4283 respicit.
3502 4231 3618 4283 qua:

2064 4287 2417 4346 antecedunt,
2449 4294 2506 4337 ut
2542 4286 2730 4339 inscite
2768 4293 2920 4353 putat
2948 4285 3047 4338 iste
3095 4296 3341 4353 nugator,
3384 4288 3473 4339 sed
3500 4301 3617 4354 qua

2068 4365 2383 4423 sequuntur.
2423 4357 2491 4407 At
2514 4357 2655 4408 enim
2690 4363 2795 4406 tam
2830 4355 3042 4423 acerbe.
3075 4354 3309 4422 inquies.
3344 4354 3609 4409 insecun-

2061 4422 2159 4479 dus
2184 4440 2286 4477 non
2326 4432 2409 4478 est
2432 4425 2523 4491 qui
2571 4425 2965 4478 inconsiderate
3007 4422 3231 4479 forsitan
3267 4424 3476 4479 locutus
3503 4426 3614 4489 sit;

2065 4494 2355 4546 Immanum
2389 4504 2471 4545 est
2500 4494 2641 4546 enim
2671 4507 2853 4546 errare
2879 4510 2891 4545 :

2064 4561 2287 4626 Scimus,
2302 4572 2349 4615 et
2376 4562 2509 4616 hanc
2525 4562 2721 4633 veniam
2744 4564 3060 4633 petimusque
3081 4562 3363 4633 damusque
3377 4563 3613 4617 vicissim.

2628 4631 2886 4701 (Horum,
2924 4630 2997 4685 De
3018 4644 3127 4685 arte
3150 4630 3307 4693 poet..
3342 4648 3478 4686 vers.
3504 4633 3617 4701 11.)

2066 4701 2261 4755 Verum
2279 4718 2383 4755 non
2419 4702 2484 4755 de
2518 4702 2780 4769 scriptore
2803 4717 2943 4754 nunc
2970 4704 3166 4767 agitur,
3186 4704 3277 4768 qtti
3298 4702 3495 4755 labatur
3512 4705 3621 4753 im-

2064 4773 2317 4840 prudens,
2346 4773 2435 4823 sed
2474 4772 2539 4825 de
2575 4786 2638 4824 eo
2674 4772 2909 4836 homine,
2953 4771 3039 4836 qui
3074 4774 3171 4825 etsi
3204 4788 3447 4839 magnam
3478 4788 3619 4837 saepe

2066 4855 2241 4893 rerum
2262 4879 2278 4903 ,
2310 4842 2373 4895 de
2410 4841 2605 4909 quibus
2624 4841 2832 4902 scribit,
2853 4841 3415 4909 inscientiam,szepius
3438 4852 3615 4894 tamen

2063 4910 2337 4979 subdolam
2356 4925 2419 4963 ac
2437 4925 2736 4979 perversam
2756 4910 2931 4979 prodit
2957 4910 3305 4974 voluntatem,
3329 4914 3513 4979 ubique
3539 4912 3617 4963 ad

2062 4976 2325 5032 fallendos
2338 4976 2578 5033 incautos
2596 4976 2941 5048 imperitosve
2956 4979 3180 5034 lectores
3193 4980 3366 5033 divina
3382 4976 3619 5041 oracula,

2063 5063 2126 5118 ac
2178 5048 2395 5102 Patrum
2443 5049 2777 5118 aliorumque
2820 5050 3141 5117 scriptorum
3200 5050 3316 5104 loca
3376 5050 3622 5103 consulto

2062 5117 2310 5187 immutat
2340 5158 2355 5183 ,
2401 5128 2460 5172 ut
2500 5119 2732 5174 ludibrio
2772 5120 3071 5173 habeantur
3119 5127 3279 5186 atque
3324 5120 3617 5187 despectui.

2062 5185 2544 5242 lnnumerahilihus
2567 5187 2681 5243 fere
2703 5187 2963 5256 exemplis
2993 5185 3314 5243 confirmare
3347 5185 3451 5243 haec
3476 5202 3623 5256 pios-

2061 5270 2194 5328 sem,
2227 5256 2326 5311 nisi
2356 5258 2564 5325 longius
2585 5273 2615 5310 a
2642 5255 2914 5328 proposito
2942 5257 3297 5311 aberrandum
3326 5258 3469 5311 foret.
3493 5255 3615 5328 Sed

2062 5325 2230 5379 fusius
2263 5342 2325 5380 ea
2353 5325 2664 5395 persecutus
2686 5325 2799 5380 sum
2824 5327 2877 5395 iu
2909 5328 3186 5391 oratione,
3214 5344 3371 5395 quam
3403 5329 3477 5381 hic
3498 5326 3621 5375 Bn-

2061 5396 2234 5448 noniaa
2264 5394 2542 5463 superiore
2569 5411 2709 5450 anno
2742 5394 2879 5449 1⁸766
2912 5396 2961 5448 in
2987 5396 3198 5463 publico
3226 5394 3627 5465 Archigyuma~

2061 5465 2144 5518 sio
2171 5466 2237 5517 ad
2277 5467 2449 5520 studia
2486 5466 2825 5520 instauranda
2859 5466 3044 5530 habui,
3081 5485 3099 5517 ε
3137 5465 3211 5518 De
3235 5467 3383 5519 malis
3412 5470 3629 5531 impio—

2061 5549 2176 5653 rqu
2209 5535 2565 5654 quorumdam
2610 5539 2786 5590 aetatis
2817 5544 3011 5589 nostra:
3058 5537 3375 5605 scriptorum
3400 5536 3621 5588 artibus

2061 5619 2122 5654 ac
2147 5624 2159 5654 t
2182 5621 2212 5654 Ο
2237 5621 2298 5654 IS.
2336 5624 2354 5654 ι

2060 5619 2122 5657 ac
2147 5619 2298 5658 (IOIIS.
2336 5624 2354 5654 ι

2131 5672 2241 5741 (22)
2282 5673 2594 5727 Nostrorum
2626 5683 2914 5736 poetarum.
2938 5673 3128 5727 Cilices
3155 5682 3308 5728 erant
3329 5687 3437 5725 cum
3465 5672 3590 5724 Ara
3610 5704 3625 5711 -

2062 5752 2165 5806 tus,
2198 5754 2305 5795 ttttn
2340 5742 2555 5797 Paulus.
2592 5741 2760 5800 Biblia
2791 5754 2966 5799 tamen
3007 5745 3244 5800 habentt
3269 5752 3567 5798 vestrorum
3598 5761 3618 5793 ι

2059 5828 2156 5882 pro
2184 5830 2203 5863 ι
2229 5822 2554 5869 nostrorum.
2580 5830 2600 5866 ο
