3740 6304
97 286 188 344 681

1158 290 1244 344 DE
1288 289 1661 346 TRINITATE
1696 292 1894 347 LIBER
1928 290 2245 347 TERTIUS.

3214 288 3317 343 88?.

166 401 278 455 Τοῦ
306 419 423 471 γαρ
458 402 554 457 καί
587 402 763 473 γένος
785 402 973 473 ἐσμεν
993 418 1008 435 ·
1036 421 1055 455 ι
1102 406 1135 457 ὀ
1165 402 1217 455 δ’
1238 402 1415 475 ἤπιος
1441 407 1660 473 ἀνθρω-

1845 423 1940 459 uus
1958 405 2094 460 enim
2118 416 2162 459 et
2208 420 2364 475 genus
2403 419 2582 475 sumus
2603 402 2720 474 (23)
2749 418 2766 455 :
2796 402 2903 471 ipse
2922 416 3059 475 pero
3084 400 3197 475 (24)
3232 404 3321 453 be-

1301 472 1552 544 [ποισιν.

101 561 197 616 Καὶ
221 564 267 615 εί
286 562 314 615 ὁ
342 563 623 632 Δεσπότης
652 562 814 626 αὐτὸς
830 562 1104 635 ἐξηγεῖται
1120 603 1134 628 ,
1169 563 1244 627 ὼς
1269 564 1520 617 οὐδέποτε
1541 563 1666 627 τοὺς

100 655 351 724 οὕρανοὺς
392 654 498 725 τῆς
530 653 721 707 ἑαυτοῦ
762 655 1061 725 παρουσίας
1106 655 1440 725 ἐγύμνωσεν,
1475 654 1665 725 ὥσπερ

104 745 209 796 οὐδὲ
246 742 340 797 νῦν
384 744 529 814 μετά
575 745 672 815 τὴν
715 745 980 815 ἀνάληψιν
1024 745 1125 815 τῆς
1160 747 1262 817 γῆς
1298 746 1668 816 ἀπολιμπάνε-

108 851 214 886 ται·
252 853 271 885 ι
339 834 475 887 Ἰδοὺ
518 854 536 885 ι
582 835 719 906 γάρ,
771 837 953 905 φησὶν,
996 854 1015 888 ι
1054 835 1163 904 ἐγὼ
1198 836 1317 907 μεθ’
1361 836 1514 907 ὑμῶν
1553 836 1667 905 είμι

110 926 271 988 πασας
293 926 392 989 τάς
417 926 637 997 ἡμέρας
661 928 767 990 ἕως
794 928 892 998 τῆς
924 928 1229 993 συντελείας
1260 928 1355 982 τοῦ
1384 928 1606 990 αίῶνος·
1642 945 1662 980 ι

112 1016 325 1084 βεϐαιῶν
379 1018 453 1070 τὰ
515 1018 665 1088 παρὰ
716 1019 808 1072 τοῦ
872 1021 1225 1091 ἱεροκήρυκος
1278 1020 1336 1073 ἐν
1390 1026 1420 1073 ι’
1470 1017 1670 1089 ψαλμῷ

106 1107 352 1176 ᾁτθέντα,
380 1108 449 1161 δι’
484 1103 562 1163 ὧν
598 1111 690 1163 καὶ
730 1111 822 1163 ἐπὶ
855 1112 957 1181 γῆς
1000 1112 1178 1177 αὑτὸν,
1222 1114 1316 1165 καὶ
1354 1112 1412 1164 ἐν
1459 1109 1671 1182 ούρανῷ

113 1200 195 1251 ἐπὶ
218 1199 308 1252 τοῦ
339 1199 492 1253 θείου
534 1201 956 1266 ἐπικαθέζεσθαι
988 1202 1177 1273 θρόνου
1210 1203 1666 1274 προσεκήρυττεν·

114 1292 259 1361 ςησὶν
306 1292 415 1364 γάρ
436 1310 449 1323 ·
488 1311 510 1344 ι
557 1294 761 1365 Κύριος
795 1296 853 1347 ἐν
900 1294 1014 1365 ναῷ
1035 1295 1175 1366 ἁγίῳ
1208 1294 1372 1348 αὐτοῦ
1397 1335 1411 1360 ,
1445 1293 1668 1365 Κύριος,

116 1384 166 1434 ἐν
194 1382 399 1454 οὐρανῷ
442 1383 472 1434 ὁ
519 1382 705 1453 θρόνος
735 1383 919 1437 αὐτοῦ.
960 1404 979 1436 ι

177 1473 233 1525 El
274 1473 448 1526 ταῦτα
496 1473 670 1539 οὔτως
705 1475 837 1545 ἔχει,
868 1475 1096 1546 ἀμάχως
1138 1476 1200 1529 τὸ
1237 1494 1257 1529 ι
1301 1475 1601 1548 πορεύομαι
1646 1494 1665 1527 ι

119 1565 201 1617 καὶ
226 1584 243 1615 ι
280 1568 308 1618 ὁ
334 1566 588 1636 πέμψας,
636 1586 655 1619 ι
689 1568 764 1631 ὡς
801 1566 1013 1638 μορφὴν
1039 1566 1225 1620 δούλου
1260 1567 1460 1633 λαϐὼν,
1522 1564 1667 1629 εἷπε,

120 1654 201 1704 καὶ
219 1654 300 1707 διὰ
316 1655 376 1708 τὸ
411 1656 703 1720 Ἰουδαίους
725 1657 973 1711 ἀπιστεῖν
993 1660 1061 1727 τῇ
1084 1657 1381 1729 οἰκονομίᾳ,
1397 1657 1489 1710 καὶ
1507 1658 1587 1709 ὅτι
1607 1658 1673 1727 τῇ

2565 471 2773 545 [mgnus
2802 480 2875 527 est
2914 472 2967 525 in
2995 471 3250 525 homines.

1763 567 1841 619 Ac
1869 566 1911 622 si
1946 566 2203 621 Dominus
2260 566 2376 635 ipse
2415 573 2664 631 testatur,
2718 578 2776 617 se
2836 576 3106 630 nunquam
3153 561 3321 615 cmlos

1765 672 1861 711 sua
1893 657 2174 725 praesentia
2215 658 2476 727 privasse,
2510 656 2648 711 sicut
2678 668 2743 709 ne
2787 669 2929 707 nunc
2957 651 3171 721 quidem
3205 660 3324 719 post

1765 749 2143 803 Ascensionem
2163 750 2313 804 abest
2336 764 2365 802 a
2399 758 2561 803 terra.
2590 746 2915 815 «Ecce(25)o
2944 746 3109 807 enim,
3129 744 3320 813 inquit,

1773 856 1791 889 ι
1828 852 1925 908 ego
1966 839 2237 893 vobiscum
2268 854 2385 893 sum
2426 820 2677 893 omnibus
2706 837 2892 892 diebus
2914 850 3084 904 usque
3112 835 3176 888 ad
3198 848 3325 888 con-

1768 929 2179 983 summationem
2228 930 2433 993 szeculi,
2466 948 2484 982 ι
2534 943 2597 982 ea
2633 928 2959 982 confirmans
3013 940 3131 995 qum
3174 939 3326 979 sacer

1766 1033 1943 1087 praeco
1977 1019 2029 1073 in
2060 1034 2093 1073 x
2126 1019 2335 1089 psalmo
2357 1020 2576 1084 cecinit,
2600 1020 2691 1074 ubi
2714 1027 2770 1072 et
2801 1018 2852 1071 in
2881 1026 3023 1071 terra
3059 1016 3327 1084 ipsum,et

1771 1110 1822 1162 in
1850 1109 1987 1164 coelo
2012 1125 2173 1179 super
2195 1110 2431 1164 divinum
2468 1111 2715 1163 thronum
2765 1110 2951 1163 sedere
2988 1102 3324 1176 praedicavit;

1770 1199 1845 1251 ait
1876 1198 2017 1252 enim
2063 1214 2079 1254 :
2147 1216 2165 1250 ι
2196 1197 2453 1251 Dominus
2479 1197 2592 1267 (26)
2644 1196 2698 1251 in
2736 1195 2931 1265 templo
2981 1204 3168 1250 sancto
3208 1206 3327 1259 suo,

1772 1287 2046 1353 Dominus,
2080 1290 2130 1343 in
2167 1287 2303 1344 coelo
2339 1290 2561 1343 thronus
2587 1288 2767 1359 ejus.)

1843 1470 1900 1526 Si
1927 1471 2063 1540 hate,
2116 1473 2356 1542 inquam,
2384 1471 2456 1527 ita
2505 1486 2565 1527 se
2617 1471 2835 1534 habent,
2878 1469 3117 1539 profecto
3173 1482 3333 1523 voces

1779 1581 1798 1615 ι
1823 1566 1983 1633 vado,
2018 1582 2036 1617 ι
2063 1576 2116 1619 et
2152 1584 2171 1616 ι
2196 1564 2286 1635 qui
2320 1564 2488 1627 misit,
2539 1582 2558 1616 ι
2607 1562 2740 1617 dixit
2771 1562 3026 1615 Dominus
3067 1570 3332 1628 quatenus

1776 1656 1917 1711 servi
1937 1656 2163 1711 formam
2194 1656 2419 1720 habens,
2451 1664 2502 1710 et
2530 1655 2656 1725 quia
2688 1651 3047 1707 lncarnationi
3076 1666 3181 1704 non
3214 1663 3333 1703 cre-

124 1746 390 1818 συμφωνία
418 1746 519 1800 τοῦ
548 1747 682 1801 Θεοῦ
714 1748 807 1802 καὶ
840 1749 1051 1817 Πατρὸς
1070 1748 1314 1819 ἐπεφάνη
1343 1763 1358 1779 ⁶
1389 1749 1482 1801 καὶ
1507 1748 1567 1801 ού
1591 1748 1680 1801 διὰ

1849 1745 1975 1800 bant
2006 1744 2196 1810 Judaei,
2221 1755 2275 1799 et
2322 1744 2448 1815 quia
2480 1744 2840 1799 consensione
2870 1744 2965 1798 Dei
2999 1752 3056 1795 et
3078 1739 3254 1794 Patris
3282 1738 3335 1791 in

121 1836 261 1889 τοῦτο
290 1838 469 1907 μόνον,
504 1838 622 1892 ἀλλ’
646 1838 784 1891 ὥστε
814 1840 905 1893 καὶ
932 1841 1056 1902 τοὺς
1086 1841 1278 1910 παχεῖς
1307 1840 1396 1893 τὸν
1426 1839 1550 1893 νοῦν
1584 1842 1679 1894 καὶ

124 1927 389 1997 χερσώδεις
417 1930 795 1993 Μοντανιστάς
830 1930 1215 2000 ἐντρέπεσθαι,
1239 1930 1330 1983 τὸν
1368 1931 1529 1983 αὐτὸν
1556 1931 1679 1984 Υἱο-

127 2016 316 2086 πατέρα
346 2017 481 2088 ὁμοῦ
517 2019 616 2071 καὶ
662 2018 1015 2090 Παράκλητον
1053 2019 1324 2082 νοοῦνταςο
1374 2020 1469 2072 σὺν
1500 2020 1682 2083 αὐτοῖς

126 2105 175 2159 δέ
197 2108 282 2161 καὶ
310 2109 633 2179 Μανιχαῖον,
672 2109 744 2180 μὴ
776 2110 1125 2182 προσιέμενον
1153 2110 1252 2179 τὴν
1285 2110 1522 2164 Παλαιὰν
1559 2112 1683 2163 Δια-

130 2195 298 2267 θήιιην·
328 2198 440 2251 ἀλλ’
484 2199 864 2253 ἀποκαλοῦντα
892 2200 983 2253 τὸν
1019 2200 1117 2270 μὲν
1149 2200 1365 2270 Πατέρα
1394 2200 1682 2271 ἀπάνθρω-

134 2304 238 2349 πον,
279 2290 351 2351 ὡς
408 2290 715 2344 ἐκϐαλόντα
747 2290 837 2343 τὸν
883 2291 1052 2361 Ἀδὰμ
1080 2292 1187 2344 ἀπὸ
1212 2291 1303 2344 τοῦ
1336 2291 1681 2361 παραδείσου,

133 2380 209 2431 τὸν
240 2380 291 2432 δὲ
318 2380 441 2435 Υἱὺν
479 2382 644 2452 μόνον
664 2383 1061 2455 φιλάνθρωπον,
1085 2382 1161 2445 ὡς
1189 2383 1256 2436 δι’
1286 2383 1479 2435 ἑαυτοῦ
1511 2400 1686 2454 παρα-

134 2470 396 2539 γενόμενον
425 2473 523 2525 καὶ
568 2473 837 2527 σώσαντα.
892 2473 1013 2536 Πῶς
1045 2472 1153 2543 γὰρ
1211 2474 1357 2544 μόνῳ
1382 2474 1480 2544 τὴν
1526 2474 1686 2546 χάριν

138 2561 381 2631 είσὼμεθα
436 2564 515 2635 τῷ
576 2564 816 2636 Χριστῷ,
857 2564 981 2637 [182
1015 2564 1068 2637 a]
1121 2566 1202 2617 ὅτι
1240 2565 1482 2635 ἐπεμψεν
1527 2566 1687 2619 αὑτὸν

139 2651 267 2703 καὶό
300 2655 520 2726 Πατήρ;
576 2655 748 2708 Εἴωθε
816 2655 873 2708 δὲ
924 2657 957 2725 ἡ
1008 2656 1196 2727 Γραφὴ
1216 2659 1278 2726 τῇ
1307 2655 1447 2720 λέξει
1483 2655 1575 2709 τοῦ
1615 2674 1633 2707 ι
1660 2658 1688 2710 ὁ

143 2740 355 2809 πέμψας,
392 2762 408 2794 ι
453 2744 554 2796 καὶ
599 2744 692 2796 τοῦ
744 2762 763 2795 ι
808 2743 1084 2815 ἀπεστάλη
1129 2765 1147 2797 ι
1194 2747 1285 2798 ἐπὶ
1319 2746 1416 2814 τῆς
1451 2746 1688 2817 ἀρρήτου

145 2832 571 2897 συγκαταϐἀσεως
603 2834 995 2906 προσχρῆσθαιο
1029 2835 1119 2887 καὶ
1141 2834 1215 2897 ὡς
1246 2834 1421 2905 θνητῷ
1448 2836 1525 2905 τῷ
1552 2835 1691 2906 λόγῳ

147 2921 427 2990 περιλαϐεῖν
456 2924 720 2977 ἀδύνατον
748 2921 814 2996 ἦν
845 2926 936 2977 τὸν
967 2923 1266 2995 ἀχώρητον,
1309 2924 1479 2988 οὕτως
1505 2927 1597 2979 κα)⁵
1624 2928 1689 2996 τῇ

147 3009 237 3062 τῶν
285 3014 536 3082 ῥημάτων
588 3000 870 3086 οἰκονομία
928 3015 1025 3085 τὴν
1078 3014 1329 3084 διήγησιν
1390 3014 1689 3079 ποιεῖσθαι,

151 3101 224 3154 ἵνα
258 3106 325 3175 μή
369 3122 449 3169 τις
476 3108 753 3170 ἀντιθεῒας
789 3107 1043 3160 ὑπόνοιαν
1075 3106 1248 3177 σχοίηο
1290 3106 1562 3175 ἐπείτοιγε

1779 1837 2032 1891 mundum
2065 1837 2228 1903 venit,
2262 1852 2433 1905 neque
2480 1851 2607 1891 vero
2645 1840 2715 1891 ob
2755 1835 2893 1890 hanc
2941 1842 3143 1888 tantum
3175 1831 3338 1886 ratio-

1779 1940 1925 1990 nem,
1985 1924 2079 1980 sed
2114 1924 2277 1978 etiam
2315 1934 2373 1979 ut
2409 1934 2590 1981 mente
2632 1924 2829 1988 crassi,
2879 1937 2943 1976 ac
3003 1923 3164 1975 rudes
3191 1917 3339 1973 Mon-

1782 2017 1994 2070 tanista:
2070 2014 2183 2087 (27)
2271 2016 2475 2085 pudore
2536 2015 2888 2081 afficiantur,
2977 2012 3068 2082 qui
3150 2018 3342 2080 putant

1779 2107 2022 2162 eumdem
2072 2120 2193 2161 esse
2224 2106 2570 2176 Filiopatrem
2601 2106 2713 2177 (28)
2771 2104 2929 2159 simul
2989 2113 3042 2158 et
3097 2100 3343 2156 Paracle-

1783 2207 1931 2262 tum;
1978 2196 2139 2267 383
2200 2213 2303 2250 una
2349 2213 2470 2251 cum
2510 2197 2640 2265 ipsis
2674 2210 2802 2250 vero
2850 2195 3133 2249 erubescat
3177 2190 3341 2245 etiam

1782 2286 2142 2353 Manichaaus,
2178 2288 2268 2357 qui
2295 2288 2461 2343 Vetus
2495 2287 2896 2341 Testamentum
2929 2301 3033 2338 non
3067 2281 3303 2338 admittit
3326 2320 3341 2340 .

1784 2380 1877 2435 sed
1914 2378 2126 2433 Patrem
2152 2380 2365 2447 quidem
2400 2378 2929 2433 vocatinhumannm
2967 2374 3105 2445 (ΞΟ),
3148 2373 3345 2441 quippe

1784 2469 1875 2539 qui
1925 2469 2189 2522 Adamum
2225 2468 2383 2536 eiecit
2422 2482 2489 2521 ex
2535 2468 2808 2537 paradiso,
2858 2464 3052 2519 Filium
3085 2476 3213 2517 vero
3258 2476 3345 2516 so-

1786 2559 1892 2613 lum
1957 2560 2269 2625 humanum,
2324 2560 2376 2614 id
2428 2568 2531 2623 est,
2594 2559 2880 2628 benignum
2941 2557 2996 2610 in
3063 2554 3342 2637 homines,

1786 2652 1984 2721 quippe
2012 2652 2103 2721 qui
2139 2666 2233 2719 per
2259 2652 2609 2721 semetipsum
2655 2650 2824 2714 venit,
2868 2664 2929 2703 ac
2951 2646 3177 2702 salvavit
3224 2658 3345 2699 nos.

1787 2745 2066 2812 Quomodo
2097 2744 2242 2800 enim
2286 2743 2385 2799 soli
2425 2743 2641 2798 Christo
2662 2741 2865 2810 gratias
2893 2741 3185 2795 habeamus
3206 2734 3344 2805 (50),

1789 2850 1910 2891 cum
1962 2834 2173 2889 miserit
2203 2850 2324 2888 eum
2364 2834 2528 2888 etiam
2569 2832 2766 2887 Pater?
2799 2830 2947 2886 Solet
2980 2840 3160 2884 autem
3202 2828 3351 2882 Scri-

1790 2938 1945 2997 ptura
1988 2927 2187 2992 verbis,
2227 2944 2245 2977 ι
2282 2927 2371 2995 qui
2406 2925 2572 2990 misit,
2612 2944 2630 2978 ι
2659 2934 2714 2980 et
2747 2943 2765 2976 ι
2800 2924 3000 2977 missus
3040 2930 3141 2987 est,
3176 2939 3194 2971 ι
3242 2920 3348 2981 uti,

1791 3032 1912 3071 cum
1968 3016 2032 3070 de
2098 3014 2351 3070 ineffabili
2399 3015 2858 3069 condescensione
2900 3026 3203 3067 sermonem
3253 3010 3351 3064 ha-

1715 3093 1757 3149 (ἶ
1791 3107 1879 3162 bet
1918 3117 2014 3164 :et
2056 3108 2195 3163 sicut
2246 3107 2459 3162 mortali
2517 3120 2766 3161 sermone
2811 3102 3191 3174 comprehendi
3246 3114 3354 3156 non

154 3206 335 3261 poterat
369 3198 455 3264 qui
485 3208 569 3252 est
599 3198 1154 3267 incomprehensibilis
1177 3237 1193 3262 ,
1234 3198 1304 3251 ita
1333 3214 1399 3253 ne
1438 3214 1532 3265 per
1570 3200 1858 3253 verborum
1898 3201 2113 3269 quidem
2150 3200 2507 3255 mconomiam
2542 3198 2654 3253 ﬁeri
2707 3207 2915 3267 poterat
2953 3196 3247 3262 enarratio,
3286 3210 3355 3248 ne

155 3285 255 3350 quis
300 3286 621 3342 antitbeismi
666 3286 1022 3357 suspicionem
1064 3296 1284 3355 caperet
1320 3296 1370 3342 et
1404 3288 1698 3343 semideum
1731 3288 2003 3358 aliquem,
2030 3300 2120 3343 aut
2151 3288 2261 3344 Deo
2288 3289 2617 3343 contrarium
2658 3288 2823 3342 Deum
2855 3290 3137 3357 cogitaret.
3173 3288 3358 3354 Quan-

156 3378 407 3448 iloquidcm

341 3471 537 3526 Πάντα
560 3473 709 3528 Θεοῦ
736 3472 958 3541 πλήρη,

160 3556 280 3610 καθὰ
305 3559 525 3632 εἴρηται.
562 3563 850 3634 Μαρτυρεί
873 3560 927 3613 δὲ
960 3559 1132 3632 τούτῳ
1166 3561 1198 3632 ἡ
1229 3561 1315 3614 ἀεὶ
1348 3560 1499 3625 ζῶσα
1524 3564 1696 3635 φωνὴ,

160 3645 375 3715 λέγουσι·
402 3670 418 3701 ι
463 3653 668 3722 Πάτερ,
705 3652 1010 3723 εὐχαριστῶ
1037 3670 1139 3715 σοι,
1167 3652 1247 3705 ὅτι
1280 3652 1520 3723 ἤκουσάς
1572 3672 1695 3725 μουο

165 3740 255 3807 ἐγὼ
281 3742 331 3795 δὲ
360 3745 521 3815 ⁴ᾔδειν,
550 3747 635 3799 ὅτι
668 3747 897 3801 πάντοτέ
920 3764 1021 3817 μου
1055 3746 1291 3809 ἀκούεις,
1328 3746 1463 3799 ἀλλά
1494 3748 1579 3800 διὰ
1611 3748 1700 3801 τὸν

165 3830 293 3901 ὀχλον
322 3836 405 3889 τὸν
436 3838 779 3910 περιεστῶτα
803 3835 973 3907 εἷπον,
1002 3839 1087 3891 ἵνα
1109 3838 1488 3903 πιστεύσωσιν,
1529 3840 1609 3892 ὅτι
1637 3838 1699 3891 σύ

170 3941 225 3995 με
250 3929 572 3995 ἀπέστειλας·
612 3950 630 3983 ι
658 3931 797 3985 τοῦτ’
815 3932 978 3987 ἐστιν’
1018 3931 1198 4002 ᾜδειν
1230 3933 1310 3985 ὅτι
1338 3932 1564 3986 πάντοτέ
1600 3949 1701 4003 μου

232 4090 327 4161 (23)
364 4094 598 4164 Ipsius...
636 4091 1026 4164 sumua.Lege_
1048 4106 1165 4164 qua:
1191 4092 1261 4164 de
1292 4093 1569 4164 hgcAratj
1598 4094 1694 4145 he-

176 4160 407 4219 mistichio
457 4167 646 4221 scribit
696 4163 777 4216 Jo.
828 4160 957 4215 Alh.
991 4161 1271 4215 Fabricius
1327 4162 1464 4214 Bibl.
1523 4160 1695 4216 ϐιαιο.

175 4229 341 4303 vol._ll,
369 4251 481 4303 pag.
510 4236 637 4299 455,
672 4234 821 4302 Hngo
846 4233 1072 4303 iGrutius
1094 4271 1107 4293 ,
1141 4232 1411 4285 Calmctns
1437 4271 1451 4294 ,
1480 4233 1697 4303 aliique.

2006 3474 2197 3529 Omnia
2226 3474 2335 3545 (51)
2374 3473 2484 3529 Deo
2513 3474 2663 3543 plena
2687 3486 2827 3539 sunt,

1796 3576 1854 3621 ut
1882 3566 2083 3620 dictum
2118 3564 2240 3622 fuit.
2288 3565 2442 3632 Quod
2496 3574 2678 3619 autem
2732 3565 2862 3629 dixi,
2918 3565 3226 3621 testimonio
3255 3580 3354 3621 suo

1797 3658 2087 3713 conﬁrmat
2124 3673 2225 3711 vox
2266 3671 2477 3727 semper
2505 3657 2645 3719 viva,
2680 3671 2798 3725 qua:
2826 3657 2899 3709 ait
2934 3673 2948 3709 :
2988 3674 3006 3708 ι
3034 3654 3194 3710 Pater
3222 3657 3357 3726 (52),

1797 3751 1999 3821 gratias
2024 3765 2123 3819 ago
2155 3750 2272 3813 tibi,
2301 3748 2552 3818 quoniam
2592 3748 2786 3801 audisti
2820 3762 2923 3802 me.
2999 3748 3110 3818 Ego
3168 3756 3355 3803 autem

1797 3840 2058 3903 sciebam,
2089 3841 2232 3908 quod
2265 3851 2479 3907 semper
2513 3851 2599 3891 me
2628 3836 2780 3890 audis
2800 3877 2815 3903 ,
2847 3837 2939 3891 sed
2971 3848 3190 3909 propter
3242 3847 3359 3893 tur-

1798 3933 1944 3997 bam,
1997 3946 2117 4000 quze
2163 3931 2498 3997 circumstat,
2537 3930 2669 3997 dixi,
2711 3937 2771 3983 ut
2824 3930 3080 3995 credant,
3114 3932 3253 4001 quod
3308 3940 3361 3985 tu

1804 4108 1902 4147 nec
1935 4092 2269 4149 Montanistaa
2295 4109 2483 4152 omnes
2511 4096 2583 4151 ita
2616 4105 2919 4163 senserunt,
2951 4094 3044 4151 sed
3067 4109 3134 4149 ex
3159 4090 3362 4145 Monta-

1807 4166 1960 4235 nistis
2022 4165 2086 4228 ii,
2140 4166 2230 4235 qui
2287 4167 2578 4220 secundum
2638 4166 2945 4222 [Eschinem
3007 4165 3358 4235 vocabantur.

1813 4251 1832 4284 ι
1868 4234 2137 4307 Privatam
2159 4233 2342 4289 autem
2378 4237 2762 4301 blasphemiam
2788 4237 2985 4307 (inquit
2998 4233 3363 4307 Tertullian‘us

218 4300 330 4377 _(_9J)
368 4300 482 4370 Ipse
503 4323 657 4365 vero.
690 4300 792 4377 etc.
842 4302 1173 4377 Desunthmc
1205 4304 1364 4355 verba
1398 4302 1458 4377 in_
1480 4302 1683 4377 Dibliis.
1722 4309 1761 4362 Ι)
1792 4304 1975 4377 inplib.
2024 4310 2093 4358 Ue
2143 4300 2619 4377 pra-scriptionibus
2666 4300 3023 4361 hwréticorum
3048 4346 3063 4371 ,
3099 4320 3216 4371 cap.
3245 4300 3357 4377 52),

180 4364 435 4445 Didymus,
469 4364 653 4445 utpote
678 4375 747 4445 fin
785 4372 955 4445 poetis
984 4381 1351 4445 versatus,_ea
1395 4372 1689 4445 additlitex

180 4436 335 4514 huic:
368 4436 574 4500 versum
603 4461 631 4497 a
674 4436 834 4497 Paulo
859 4443 1083 4495 citatum
1127 4442 1429 4495 absolvens.
1470 4441 1537 4495 Μ.
1571 4440 1700 4493 Τυι-

182 4503 265 4560 lius
301 4511 475 4568 Cicero
513 4516 675 4568 vertit
701 4528 715 4565 :

270 4579 367 4651 ly.»
398 4601 553 4651 genus
588 4584 709 4636 illus
732 4598 750 4634 :
780 4581 925 4634 nobis
952 4579 1041 4633 ille
1067 4580 1234 4633 omine
1260 4578 1382 4634 [arto

227 4714 235 4723 Ι
273 4646 473 4723 Dextéra
504 4655 803 4723 prwsignat.

185 4710 410 4773 Nimirum
430 4710 543 4791 post
562 4710 744 4776 vnccm
787 4718 1118 4790 ἀνθρώποισι
1145 4718 1586 4789 interpunctionis
1608 4733 1706 4774 no-

188 4791 284 4861 lani
311 4804 403 4861 non
437 4795 699 4861 apposuit.
730 4792 822 4861 sed
853 4792 979 4861 legit
1012 4809 1023 4843 :

362 4856 581 4932 γὰρκαὶ
600 4863 773 4932 γένος
796 4856 1001 4929 ἐσμέν·
1024 4863 1055 4915 ό
1082 4860 1133 4914 δ’
1152 4859 1330 4929 ἤπιος
1345 4857 1707 4928 ἀνθρώποισι

252 4928 401 4990 Δεξιὰ
428 4928 703 5001 mutatum
725 4973 739 4995 ,

190 4999 238 5044 ιιι
262 5008 332 5066 εει
356 5005 484 5066 apud
506 4999 757 5055 ‘Aratum.

251 5063 344 5137 (25)
376 5063 517 5125 Ecce.
552 5072 743 5126 Matth.
780 5085 973 5137 xxvrn,
996 5071 1087 5127 20.

378 5139 635 5211 Dominus.
680 5140 816 5211 Psal.
850 5156 903 5203 χ,
931 5136 1071 5195 vers.
1106 5141 1141 5195 4
1171 5140 1284 5211 (seu
1308 5140 1386 5209 5).

252 5206 348 5272 (17)
381 5208 725 5266 Montanium.
765 5206 1209 5265 Montanistarum
1251 5206 1450 5264 sectam
1497 5206 1707 5276 Didymi

201 5276 404 5338 tempore
425 5284 732 5335 exstinctam
783 5296 888 5332 non
926 5282 1089 5335 fuisse
1128 5292 1235 5334 tum
1266 5294 1331 5333 ex
1365 5279 1481 5330 aliis
1516 5294 1711 5330 monu-

202 5345 363 5419 tuentis
390 5361 613 5419 constat,
638 5362 750 5405 tum
777 5352 937 5404 etiam
961 5367 1025 5405 ex
1050 5350 1273 5419 epistola
1294 5349 1358 5403 41
1396 5346 1711 5418 Hieronymi

202 5410 255 5459 ad
282 5410 576 5475 Marcellam.

262 5478 356 5557 (³8)
396 5484 744 5557 Ιξριιοραιτεηι.
778 5490 927 5544 Hunc
956 5505 1192 5543 errorem
1228 5486 1564 5541 MontaniSIis
1611 5484 1711 5557 tri-

206 5543 300 5628 ltuit
323 5543 399 5628 et_
416 5543 759 5628 Hieronymus
782 5543 841 5615 in
878 5561 1100 5628 epismla
1146 5558 1250 5621 41,
1293 5574 1453 5626 quam
1496 5556 1715 5621 scripsit

209 5627 324 5700 ξιξῐιο
360 5622 564 5700 Pomini
593 5622 696 5700 384
716 5669 731 5692 .
762 5622 954 5700 nempe
994 5646 1057 5683 eo
1093 5622 1324 5682 εἱιείιεί
1339 5640 1578 5700 tempore
1606 5640 1715 5692 quo

213 5680 306 5739 ille
344 5680 563 5752 dictabat
600 5680 1344 5769 ὗιάίιίι⁷ιίἐῖτιὶωίὲτιὶίίι”ἤδη
1393 5680 1672 5750 Montanus
1695 5732 1710 5759 ,

1804 4374 1875 4427 illi
1908 4376 1996 4442 qni
2026 4389 2149 4428 sunt
2180 4376 2299 4429 Itala
2332 4375 2667 4442 fEschiﬂent,
2707 4380 2841 4430 hanc
2883 4378 3098 4436 habent,
3132 4388 3234 4441 qua
3270 4374 3365 4423 atl-

1798 4447 1989 4508 jii-innt
2020 4448 2180 4497 etiam
2215 4450 2352 4510 hoc,
2390 4456 2446 4497 nt
2487 4448 2668 4499 dicant
2715 4446 2985 4499 Christum
3030 4447 3203 4512 ipsum
3247 4454 3366 4512 esse

1804 4514 1994 4567 Filium
2025 4526 2077 4569 et
2106 4516 2340 4570 Patrem.
2367 4534 2385 4567 ι
2420 4514 2565 4586 lianc
2587 4516 2956 4586 υἰοπατορίαν,
2994 4511 3153 4567 idest
3180 4530 3197 4561 ι
3231 4511 3367 4563 lilio-

1805 4587 2181 4653 paternitatem
2223 4605 2240 4636 ι
2305 4586 2359 4637 in
2424 4584 2742 4639 Sabellianis
2798 4584 3009 4654 quoque
3053 4590 3368 4637 exsecratur

1805 4656 2100 4729 secundum
2128 4656 2411 4729 concilium
2452 4658 2840 4729 accumenictnn
2870 4668 3072 4729 canone
3095 4668 3187 4729 νιι,
3216 4665 3366 4729 egit}-

1805 4739 1909 4798 qne
1938 4724 2127 4779 refellit
2170 4727 2450 4798 theologus
2470 4735 2661 4798 noster
2691 4727 2854 4798 etiam
2883 4725 2932 4777 in
2963 4724 3097 4798 libro
3132 4722 3206 4773 De
3237 4720 3364 4798 Spi-

1807 4796 1911 4845 ritu
1941 4809 2121 4847 sancto
2151 4812 2295 4847 nnm.
2326 4795 2413 4851 58.
2453 4796 2573 4849 Alio
2616 4812 2775 4849 sensu
2796 4792 3157 4863 νυὶοπατορίαν
3189 4792 3365 4842 nomi-

1808 4874 1905 4942 nat
1947 4864 2590 4942 A_llatins__cxercilatione
2622 4882 2650 4917 x
2683 4862 3206 4942 in_(}hr_eyghtonum,
3243 4872 3367 4942 βακε.

1809 4934 1910 4987 180
1935 4973 1947 4995 ,
1983 4936 2051 4986 ita
2090 4935 2293 4989 scilicet
2329 4946 2385 4988 ut
2424 4951 2542 4989 eam
2579 4935 2821 4989 haeresim
2858 4931 3104 4995 denotet,
3135 4947 3251 4998 qua:
3281 4931 3373 4981 Fi-

1810 5003 2195 5074 liumSpiritus
2228 5007 2398 5059 sancti
2422 5005 2720 5074 genitorem
2749 5019 2870 5058 esse
2910 5002 3153 5074 allirmct.

1880 5073 1996 5143 (‘29)
2028 5072 2404 5131 Inhumanum.
2428 5072 2601 5129 'Hanc
2654 5075 3040 5143 blasphemiam
3074 5073 3248 5126 obiter
3282 5082 3368 5143 rg-

1810 5138 1939 5195 l'eliit
1974 5144 2225 5209 Didymus
2247 5146 2405 5197 etiam
2426 5147 2478 5198 in
2509 5145 2643 5197 libro
2657 5144 2731 5197 De
2748 5138 2889 5211 Spir.
2912 5138 3373 5211 sanctonum._45,

1811 5224 1865 5266 et
1902 5208 2218 5267 brevissime
2252 5214 2303 5266 in
2338 5215 2679 5268 enarratione
2726 5208 3031 5282 in'primam
3063 5211 3206 5265 Petri
3238 5208 3373 5277 Epi-

1811 5282 2093 5353 stolam_ad
2128 5294 2285 5351 caput
2314 5286 2564 5353 primum,
2609 5293 2663 5337 et
2707 5285 2759 5337 in
2790 5284 3133 5339 enarratione
3164 5282 3217 5334 in
3258 5283 3373 5350 pri-

1812 5369 1961 5423 mum
1984 5351 2208 5423 Joannis
2246 5351 2326 5407 ad
2341 5366 2500 5421 caput
2533 5362 2807 5423 quartum.

1885 5422 1993 5492 (50)
2038 5422 2355 5492 Habeamus.
2403 5421 2606 5485 Codex,
2645 5424 2907 5492 ίσώμεθα.
2955 5422 3259 5492 Legendum
3292 5421 3377 5473 vi-

1814 5490 1990 5612 detugr,
2040 5490 2342 5595 εἰρώμεθω
2375 5504 2430 5549 et
2476 5495 2632 5563 paulo
2674 5490 2811 5564 poSt,
2856 5496 2945 5548 ὅτε
2986 5490 3249 5562 ἐπεμψεν,
3281 5505 3379 5560 pro

1814 5580 1895 5612 οτι
1965 5578 2194 5612 πεαυεν.

1814 5580 1895 5614 οτι
1934 5578 2194 5629 επεμψεν.

1885 5580 2417 5705 ἷξῗίεῗιῖῗῖίὲαηγιιιε
2448 5644 2560 5689 not.
2598 5633 2688 5694 ei.
2710 5649 2847 5705 pag.
2882 5632 3006 5689 327.

1891 5701 1999 5774 (52)
2044 5700 2221 5759 Pater.
2253 5702 2402 5759 Joan.
2441 5719 2517 5769 xi,
2546 5705 2633 5769 41,
2667 5700 2755 5761 42.
