3740 6304
394 275 499 331 883

1612 279 1844 334 DIDYMI
1883 280 2346 337 ALEXANDBINI

3497 283 3597 342 εει

381 407 469 445 me
499 391 715 459 misisti,
757 411 776 445 ι
814 394 864 448 id
903 403 984 448 est
1020 412 1034 448 :
1075 393 1318 448 Sciebam
1342 435 1358 460 ,
1417 395 1555 462 quod
1606 411 1817 464 semper
1863 414 1919 449 ιιι‹

2045 397 2283 462 ἀκούεις,
2351 399 2479 468 μιᾶς
2529 396 2797 468 θελήσεως
2833 395 3034 468 οὔσης·
3075 395 3207 450 ἀλλά
3256 395 3344 449 διὰ
3373 398 3465 450 τὸν
3507 414 3599 450 πε-

381 482 571 549 audis,
624 498 747 538 cum
796 500 901 538 una
950 485 1020 540 sit
1080 497 1261 540 nostra
1291 485 1559 550 voluntas,
1607 487 1697 539 sed
1730 496 1912 556 preptc

2045 491 2306 561 ριεστῶτα
2335 489 2508 560 ὄχλον,
2557 490 2643 543 ἵνα
2685 489 3064 552 πιστεύσωσιν,
3092 487 3242 542 εἷπον
3288 489 3370 552 τὸ,
3403 489 3598 560 Πάτερ,

380 573 821 628 circumstantem
862 576 1068 629 turbam
1097 617 1113 640 ,
1169 585 1228 630 ut
1269 578 1534 641 crederet,
1559 577 1666 631 dixi
1703 578 1940 645 :Pater,

375 665 582 734 gratias
623 666 716 719 tibi
751 681 849 736 ago
874 705 889 730 ,
929 669 1052 736 quia
1099 677 1152 720 tu
1212 683 1297 721 me
1339 669 1550 722 misisti.
1617 669 1788 722 Verba
1818 684 1941 723 vero

374 766 704 824 praepostero
754 756 944 810 ordine
991 758 1244 825 protulit,
1293 770 1448 814 caute
1503 777 1666 831 agens
1721 775 1940 832 propter

380 849 658 904 auditores
692 890 707 914 ,
763 851 853 918 qui
901 860 953 904 et
985 851 1196 920 litigiosi
1232 864 1406 919 erant,
1441 862 1494 908 et
1530 854 1935 910 inimicitiarum

373 950 638 995 amantes.
699 939 790 996 Sic
823 941 983 995 etiam
1025 943 1089 996 de
1134 957 1465 1012 praecursore
1510 944 1935 1001 Incarnationem

371 1033 696 1099 praztlicante
738 1033 813 1086 ait
856 1033 1120 1100 scriptura
1160 1053 1174 1088 :
1241 1054 1259 1085 ι
1313 1035 1434 1089 Fuit
1464 1035 1573 1105 (55)
1618 1037 1776 1091 Ιιοιηο
1805 1037 1934 1090 mis-

373 1135 468 1176 sus
499 1137 528 1175 a
569 1122 675 1177 Deo
715 1140 730 1177 :
776 1143 795 1175 ι
830 1134 1062 1179 attamen
1091 1139 1153 1179 ex
1191 1127 1342 1181 caelis
1385 1127 1578 1181 missus
1603 1143 1704 1182 non
1739 1128 1930 1183 fuerat.

441 1213 693 1285 Legimus
746 1216 800 1270 in
837 1217 1132 1286 Scripturis
1169 1219 1337 1273 Deum
1382 1222 1545 1273 etiam
1599 1221 1665 1274 ab
1720 1221 1934 1276 homine

371 1307 510 1362 mitti
536 1345 553 1372 ,
617 1317 672 1362 et
711 1309 980 1364 hominem
1013 1311 1231 1373 vocari,
1266 1311 1392 1380 quin
1447 1311 1607 1364 ullum
1642 1314 1818 1367 divina
1879 1323 1932 1368 et

370 1415 496 1454 vera
523 1400 689 1466 gloria
716 1403 1096 1458 detrimentum
1142 1405 1342 1472 capiat.
1388 1404 1465 1457 Ita
1498 1404 1708 1475 Moyses
1738 1407 1790 1460 in
1822 1407 1929 1462 Ge-

368 1493 481 1546 nesi
512 1495 720 1562 inquit:
753 1514 772 1546 ι
816 1494 880 1550 Ει
915 1498 1162 1551 transivit
1193 1496 1306 1567 (5-3)
1349 1507 1665 1565 torrentem,
1718 1509 1771 1554 et
1813 1509 1927 1553 tra-

363 1581 494 1651 jecit
529 1587 710 1639 omnia
744 1602 862 1641 sua.
920 1587 1160 1643 Relictus
1188 1597 1270 1643 est
1303 1601 1480 1643 autem
1538 1591 1702 1645 Jacob
1761 1591 1924 1665 solus,

365 1685 422 1729 ει
469 1675 771 1731 luctabatur
801 1678 962 1732 homo
1010 1694 1128 1731 cum
1166 1694 1230 1732 eo
1269 1694 1440 1748 usque
1469 1681 1534 1733 ad
1574 1697 1750 1734 mane.
1781 1680 1926 1735 Vidit

368 1776 546 1820 autem
571 1807 584 1828 ,
613 1769 754 1837 quod
803 1785 906 1823 non
959 1779 1131 1838 potest
1164 1771 1275 1842 (55)
1329 1771 1493 1827 Jacob
1539 1774 1592 1827 in
1629 1773 1877 1827 luctando
1907 1788 1923 1826 :

369 1865 422 1911 et
449 1859 525 1912 ait
556 1859 632 1912 illi
670 1876 686 1914 :
723 1861 875 1914 mitte
927 1877 1052 1928 me;
1091 1878 1216 1916 nam
1267 1867 1509 1918 ascendit
1563 1880 1775 1917 aurora.
1836 1865 1926 1918 Ille

372 1963 501 2002 vero
542 1949 677 2003 dixit
707 1969 720 2004 :
748 1966 850 2004 non
881 1959 934 2005 te
974 1952 1261 2016 dimittam,
1298 1955 1400 2008 nisi
1442 1971 1526 2009 me
1568 1956 1921 2010 benedixeris.

371 2037 518 2092 Dixit
551 2051 726 2094 autem
761 2041 834 2094 illi
866 2061 880 2095 :
920 2043 1191 2111 quodnam
1236 2053 1317 2098 est
1348 2061 1540 2100 nomen
1597 2045 1788 2099 tuum?
1833 2047 1925 2100 Ille

366 2146 495 2184 vero
524 2132 657 2184 dixit
688 2130 902 2188 :Jacob.
934 2132 1000 2186 Et
1021 2135 1152 2186 dixit
1183 2136 1231 2189 ei
1267 2153 1280 2189 :
1316 2135 1427 2189 Non
1460 2138 1732 2191 vocabitur
1760 2137 1924 2209 385

367 2223 597 2293 amplius
624 2239 816 2277 nomen
850 2233 999 2278 tuum
1044 2223 1231 2290 Iacob,
1265 2227 1356 2280 sed
1395 2226 1558 2282 Israel
1589 2229 1692 2281 erit
1732 2246 1922 2283 nomen

369 2323 538 2377 tuum,
568 2313 692 2383 quia
727 2314 879 2368 fortis
913 2315 1059 2368 fuisti
1089 2329 1209 2369 cum
1253 2317 1378 2378 Deo,
1408 2327 1460 2370 et
1483 2333 1602 2372 cum
1619 2318 1924 2374 hominibus

367 2415 556 2474 potens
606 2406 712 2460 eris
763 2406 898 2476 (56).
961 2405 1313 2474 Interrogavit
1370 2421 1546 2462 autem
1600 2410 1806 2474 Jacob,
1869 2421 1925 2466 et

295 2537 308 2546 .
366 2496 497 2549 dixit
537 2511 553 2550 :
589 2497 679 2550 Dic
711 2498 840 2551 mihi
877 2513 1068 2552 nomen
1111 2510 1279 2552 tuum.
1326 2499 1392 2552 Et
1431 2501 1565 2554 dixit
1597 2519 1612 2557 :
1661 2501 1836 2568 Quare
1869 2513 1922 2556 tu

366 2597 662 2659 Interrogas
711 2605 903 2644 nomen
956 2573 1175 2644 meum?
1243 2591 1306 2644 Et
1360 2593 1626 2647 benedixit
1666 2610 1785 2646 eum
1828 2594 1922 2648 ibi.

366 2681 427 2734 Et
463 2682 672 2735 vocavit
705 2679 869 2736 Jacob
907 2698 1100 2736 nomen
1133 2684 1232 2736 lori
1267 2685 1445 2748 illius,
1491 2683 1710 2752 Species
1763 2683 1854 2736 Dei
1905 2704 1919 2738 :

367 2769 480 2825 Vidi
529 2773 668 2827 enim
722 2772 887 2826 Deum
935 2774 1069 2828 facie
1108 2774 1172 2826 ad
1219 2773 1430 2838 faciem,
1488 2786 1539 2827 et
1583 2774 1725 2828 salva
1786 2776 1922 2828 facta

365 2873 444 2916 est
477 2864 652 2916 anima
697 2878 835 2918 mea.
869 2882 889 2915 ι
941 2863 1093 2929 Quod
1123 2874 1302 2917 autem
1335 2862 1476 2915 Dens
1511 2865 1582 2917 sit
1623 2865 1668 2918 is
1708 2865 1796 2931 qui
1845 2867 1924 2916 Iu-

363 2963 538 3009 ctatus
589 2965 703 3019 est,
737 2957 934 3024 quique
967 2970 1158 3008 nomen
1214 2970 1367 3008 suum
1411 2957 1594 3019 tacuit,
1650 2958 1921 3025 prophetia

2042 581 2342 651 εὐχαριστῶ
2377 598 2478 642 σοι,
2509 581 2588 633 ὅτι
2613 580 2676 632 σύ
2716 599 2782 650 με
2819 581 3163 642 ἀπέστειλας·
3188 579 3598 651 πρωθυστέρουτ

2040 671 2095 724 δὲ
2132 673 2230 734 τάς
2258 671 2429 735 λέξεις
2472 670 2790 740 ἐφθέγξατο,
2814 670 3231 741 ἡσφαλισμένως
3277 671 3468 733 ποιῶν,
3516 671 3596 726 δι⁴ι

2037 763 2163 825 τοὺς
2196 761 2576 834 ἀκροωμένους
2636 762 2934 830 φιλαιτίους
2973 763 3065 815 καὶ
3100 762 3593 832 φιλαπεχθήμονας·

2036 855 2110 919 ὼς
2139 856 2230 908 καὶ
2258 854 2494 926 περὶτοῦ
2528 855 2838 926 Προδρόμου
2859 856 2955 925 τὴν
2979 855 3283 925 οἰκονομίαν
3309 855 3596 926 κηρύττον-

2036 964 2125 1010 τος
2158 943 2325 998 εἶπεν·
2374 966 2391 996 ι
2443 947 2682 1014 Ἐγένετο
2709 945 2989 1016 ἄνθρωπος
3015 945 3426 1016 ἀπεσταλμένος
3454 945 3596 1016 παρὶ

2036 1041 2190 1093 Θεοῦ·
2225 1062 2241 1091 ι
2280 1041 2373 1094 καὶ
2396 1042 2545 1110 ὅμως
2575 1040 2674 1093 οὐκ
2704 1039 2762 1106 ἐξ
2791 1039 3033 1110 οὐρανῶν
3082 1039 3413 1102 ἀποσταλεὶς
3446 1039 3595 1108 ἐτύγ-

2035 1149 2214 1203 χανεν.

2104 1225 2414 1294 Γέγραπται
2441 1225 2470 1276 ό
2487 1223 2617 1285 Θεὸς
2643 1222 2735 1274 καὶ
2765 1221 2868 1274 ὐπὸ
2890 1219 3173 1288 ἀνθρώπου
3199 1221 3586 1292 ἀποστελλόμε-

2033 1332 2140 1378 νος,
2186 1315 2278 1367 καὶ
2310 1313 2592 1382 ἄνθρωπος
2639 1310 3050 1380 ὀνομαζόμενος,
3100 1311 3193 1362 καὶ
3229 1310 3425 1380 βλάϐος
3473 1313 3587 1383 περὶ

2031 1407 2128 1478 τὴν
2154 1405 2302 1459 Θείαν
2330 1406 2422 1458 καὶ
2452 1403 2624 1474 ἀληθῆ
2649 1404 2805 1468 δόξαν
2841 1403 3054 1466 πάντως
3078 1403 3174 1472 οὐχ
3199 1404 3588 1474 ὑπομένων-ὼς

2029 1497 2267 1564 Μωΰσῆς
2299 1498 2355 1548 ὲν
2386 1498 2450 1565 τῇ
2473 1494 2682 1562 γενέσει
2704 1493 2872 1562 λέγει·
2906 1512 2923 1544 ι
2950 1493 3056 1546 Kal
3079 1493 3226 1561 διέϐη
3260 1495 3350 1546 τὸν
3371 1499 3589 1566 χειμάῥ-

2031 1588 2179 1656 ρουν,
2220 1585 2312 1636 καὶ
2348 1584 2621 1637 διεϐίϐασε
2679 1583 2855 1636 πάντα
2881 1583 2950 1635 τά
2976 1582 3160 1635 αὐτοῦ.
3195 1583 3586 1654 Ὑπελείφθηδὲ

2043 1676 2231 1729 Ἰακὼϐ
2267 1676 2443 1746 μόνος,
2467 1675 2559 1728 καὶ
2580 1673 2835 1726 ὲπάλαιεν
2860 1672 2954 1727 ἄνθ
2965 1690 3140 1742 ρωπος
3165 1676 3280 1744 μετ’
3300 1675 3467 1728 αὐτοῦ
3495 1677 3588 1737 ἕως

2027 1766 2188 1837 πρωί.
2224 1766 2358 1818 ἐιδεν
2386 1766 2464 1830 δὲ,
2491 1765 2645 1818 ὅτιού
2669 1765 2884 1819 δύναται
2915 1765 3104 1818 Ἰακὼϐ
3131 1769 3196 1818 ἓν
3221 1765 3296 1835 τῷ
3325 1767 3583 1830 παλαίειν,

2027 1859 2120 1911 καὶ
2149 1853 2300 1910 εἶπεν
2322 1855 2488 1926 αὐτῷ·
2522 1855 2861 1908 Ἀπόστειλον
2897 1874 2983 1926 με·
3006 1856 3168 1925 ἀνέϐη
3189 1858 3297 1928 γὰρ
3329 1859 3358 1910 ὁ
3381 1857 3581 1927 ὄρθρος.

2037 1949 2095 2002 'O
2116 1949 2172 2001 δὲ
2201 1944 2370 2000 εἶπεν·
2402 1948 2475 2000 Οὐ
2501 1949 2572 2018 μή
2610 1964 2666 1999 σε
2701 1947 3023 2010 ἀποστείλω,
3060 1949 3107 1999 εί
3157 1949 3230 2017 μή
3267 1965 3332 2016 με
3374 1948 3583 2017 εὐλογή-

2029 2059 2145 2112 σῃς.
2169 2037 2301 2093 Εἷπε
2355 2039 2411 2092 δὲ
2443 2039 2610 2109 αὐτῷ·
2651 2038 2716 2090 Τί
2736 2039 2796 2091 τὸ
2827 2039 2997 2110 ὄνομα
3030 2055 3122 2091 σου
3155 2037 3283 2110 [182
3326 2037 3382 2110 b]
3414 2040 3581 2103 ὲστίν;

2035 2133 2095 2185 'U
2119 2133 2174 2186 δὲ
2197 2128 2368 2185 εἶπεν·
2412 2130 2621 2184 Ἰακώϐ.
2648 2131 2756 2184 Kal
2783 2126 2932 2183 εἶπεν
2961 2131 3128 2201 αὐτῷ·
3155 2129 3233 2184 Οὐ
3265 2131 3580 2202 κληθήσεται

2026 2223 2105 2276 ἔτι
2143 2223 2312 2292 ὄνομά
2342 2239 2432 2274 σου
2483 2220 2696 2285 Ἰακὼϐ,
2727 2221 2841 2274 ἀλλ’
2886 2221 3098 2293 Ἰσραὴλ
3138 2221 3287 2274 ἔσται
3328 2221 3388 2272 τὸ
3425 2222 3582 2290 ὄνομά

2029 2332 2141 2376 σου,
2171 2315 2251 2366 ὅτι
2274 2313 2557 2383 ἐνίσχυσας
2587 2311 2721 2381 μετά
2759 2311 2851 2364 τοῦ
2886 2311 3044 2377 Θεοῦ,
3082 2313 3174 2364 καὶ
3207 2311 3346 2382 μετά
3381 2310 3580 2381 ἀνθρὼ-

2027 2423 2143 2459 πων
2171 2403 2390 2466 δυνατὸς
2422 2403 2537 2475 ἔσῃ.
2584 2401 2857 2474 Ἥρώτησε
2908 2403 2964 2455 δὲ
3035 2403 3246 2463 Ἰακὼϐ,
3287 2404 3382 2456 καὶ
3418 2401 3577 2455 εἶπεν·

2039 2493 2380 2561 Ἀνάγγειλόν
2420 2509 2508 2563 μοι
2537 2491 2596 2544 τὸ
2627 2492 2796 2562 δνομά
2835 2508 2948 2544 σου.
2982 2493 3089 2544 Kal
3116 2487 3287 2544 εἶπεν·
3308 2493 3424 2546 Ἵνα
3445 2493 3497 2544 τί
3521 2494 3577 2544 σύ

2026 2585 2235 2655 ἐρωτᾷς
2264 2583 2323 2635 τὸ
2390 2583 2560 2652 ὄνομά
2619 2599 2754 2652 μου;
2788 2581 2896 2633 Kal
2937 2581 3224 2650 εὐλόγησεν
3263 2581 3423 2634 αὐτὸν
3451 2583 3576 2634 ἐκεῖ.

2026 2676 2131 2729 Kal
2165 2674 2419 2727 ἐκάλεσεν
2484 2672 2678 2726 Ἰακὼϐ
2718 2673 2779 2724 τὸ
2825 2673 2996 2742 ὄνομα
3037 2671 3129 2725 τοῦ
3175 2673 3336 2726 τόπου
3381 2673 3576 2726 ἐκείνου

2026 2761 2177 2828 Εἶδος
2207 2764 2361 2817 Θεοῦ·
2403 2765 2538 2817 Ἴδον
2588 2763 2696 2836 γὰρ
2729 2765 2857 2817 Θεὸν
2900 2765 3186 2835 πρόσωπον
3231 2765 3371 2836 πρὸς
3423 2766 3578 2837 πρόσ-

2025 2874 2191 2921 ωπον,
2224 2857 2316 2909 καὶ
2371 2856 2546 2926 ἐσώθη
2589 2859 2749 2926 μουή
2786 2856 2948 2927 ψυχή.
2989 2875 3008 2909 ι
3043 2857 3162 2908 Ὅτι
3188 2857 3244 2909 δὲ
3269 2856 3400 2920 Θεός
3441 2860 3574 2910 ἐστιν

2025 2953 2052 3004 ὁ
2081 2951 2348 3014 παλαίσας
2369 2950 2464 3014 καὶ
2499 2949 2571 3020 μὴ
2605 2949 2772 3002 εἰπὼν
2803 2949 2964 3001 αὐτοῦ
2998 2949 3059 3002 τὸ
3079 2948 3266 3017 ὅνομα,
3296 2950 3390 3000 καὶ
3408 2951 3439 3018 ἠ
3459 2965 3575 3018 προ-

363 3059 572 3114 quoque
607 3046 930 3100 conﬁrmat:
966 3065 984 3096 ι
1025 3047 1256 3113 Apparui
1294 3046 1404 3112 (3'7)
1441 3047 1504 3099 ad
1549 3048 1837 3103 Abraham.
1869 3059 1919 3102 et

2031 3041 2220 3111 φητεία
2261 3042 2431 3109 λέγει·
2478 3060 2495 3092 ι
2529 3041 2734 3113 Ὠφθην
2764 3041 2899 3111 πρὸς
2945 3040 3208 3111 Ἀϐραὰμ,
3249 3041 3341 3093 καὶ
3383 3039 3572 3103 Ἰσαὰκ,

363 3136 509 3190 Isaac
556 3146 610 3190 et
655 3134 819 3190 Jacob
854 3147 1032 3206 patres
1083 3149 1290 3190 vestros
1333 3138 1440 3206 (38)
1470 3154 1587 3191 cum
1635 3139 1733 3192 sim
1786 3139 1922 3192 Deus

361 3242 572 3292 eorum,
595 3237 648 3281 et
679 3242 870 3280 nomen
898 3244 1072 3280 meum
1105 3227 1214 3298 (39)
1252 3243 1356 3280 non
1387 3229 1718 3281 manifestavi
1757 3231 1855 3282 eis.
1896 3248 1915 3280 ι

363 3317 643 3383 Quomodo
678 3328 853 3371 autem
891 3318 1064 3387 major
1090 3318 1192 3372 dici
1225 3329 1403 3386 potest
1434 3319 1594 3372 Pater
1627 3321 1919 3372 secundum

361 3407 612 3461 deitatem
674 3406 802 3468 illo.
855 3407 942 3475 qui
997 3423 1054 3461 se
1096 3409 1354 3477 aequalem
1398 3408 1508 3479 (10)
1562 3408 1690 3463 facit
1737 3409 1923 3462 Patri?

359 3498 558 3566 quique
580 3499 690 3553 ait:
721 3517 740 3549 ι
768 3497 876 3567 Ego
897 3507 949 3552 et
966 3497 1122 3552 Pater
1149 3515 1313 3552 unum
1348 3516 1570 3565 sumus;
1607 3519 1626 3552 ›
1652 3511 1704 3554 ει
1731 3501 1796 3554 ιΙε
1818 3517 1922 3570 quo

360 3589 554 3643 dicitur
581 3591 630 3644 in
660 3588 1125 3658 Scripturis,quod
1152 3591 1221 3645 sit
1250 3606 1410 3645 verus
1427 3591 1599 3654 Deus,
1626 3603 1680 3647 et
1709 3593 1876 3646 Filius
1905 3634 1920 3658 ,

359 3693 415 3738 ει
443 3683 757 3751 Unigenitus
799 3703 814 3752 ;
845 3703 862 3736 ι
902 3683 959 3738 In
991 3701 1095 3754 quo
1133 3686 1396 3740 inhabitat
1423 3686 1598 3741 omnis
1649 3686 1921 3755 plenitudo

359 3775 689 3841 divinitatis;
737 3794 756 3827 ›
822 3785 909 3842 ει,
950 3794 970 3828 ι
1014 3777 1152 3831 Deus
1186 3792 1452 3844 magnus;
1498 3793 1606 3846 pra:
1649 3793 1754 3846 quo
1813 3794 1918 3831 non

358 3867 700 3936 reputabitur
740 3867 909 3933 alter;
959 3886 976 3918 ι
1025 3875 1078 3921 ει
1125 3869 1265 3936 quod
1303 3883 1332 3922 a
1381 3867 1582 3922 dextris
1642 3869 1922 3922 considet?

359 3960 557 4015 Verum
619 3961 670 4013 in
714 3959 960 4013 confesso
1020 3968 1104 4012 est
1155 3958 1698 4021 etiam,vocabulum
1754 3959 1919 4024 illud,

365 4073 385 4106 ι
429 4053 623 4120 major,
658 4070 678 4104 ι
717 4052 782 4105 ad
816 4052 1240 4105 Inrarnationem
1277 4049 1491 4116 referri,
1515 4062 1730 4120 propter
1757 4065 1918 4120 quam

360 4149 408 4201 is
461 4147 549 4214 qui
596 4143 879 4211 cujuslibet
935 4141 1243 4195 mutationis
1287 4141 1505 4195 omnino
1553 4155 1744 4207 expers
1796 4148 1919 4208 est,

360 4236 536 4290 minor
572 4235 732 4287 etiam
763 4232 985 4303 angelis,
1009 4233 1052 4286 si
1088 4233 1161 4286 ita
1190 4232 1332 4301 loqui
1370 4231 1448 4284 ias
1477 4241 1580 4297 est,
1611 4230 1782 4285 factus
1803 4247 1922 4286 esse

361 4328 558 4382 dicitur
611 4326 677 4380 ab
694 4325 958 4394 Apostolo
997 4325 1078 4378 his
1103 4325 1280 4380 verbis
1311 4344 1325 4380 :
1359 4343 1378 4376 ‹
1407 4325 1540 4378 Eum
1582 4334 1755 4378 autem
1806 4322 1918 4393 (II)

2025 3135 2116 3186 καὶ
2167 3134 2378 3195 Ἰακὼϐ,
2410 3135 2534 3198 τούς
2578 3135 2818 3205 πατέρας
2866 3135 3038 3205 ὐμῶν,
3086 3134 3214 3196 Θεὸς
3262 3132 3336 3185 ῶν
3389 3134 3571 3194 αὐτῶν,

2023 3224 2115 3276 καὶ
2147 3225 2206 3276 τὸ
2234 3224 2403 3292 δνομά
2441 3241 2541 3295 μου
2572 3225 2671 3277 οὐκ
2699 3225 2942 3296 ἐδήλωσα
2974 3227 3174 3287 αὐτοῖς.
3211 3244 3230 3276 ι
3257 3224 3382 3287 Πῶς
3413 3225 3466 3278 δὲ
3490 3226 3572 3277 καὶ

2026 3314 2223 3384 μείζων
2268 3315 2405 3366 κατά
2457 3315 2554 3384 τὴν
2583 3314 2808 3384 θεότητα
2839 3316 3069 3386 ὑπάρχει
3097 3315 3188 3367 τοῦ
3224 3316 3336 3367 ἴσον
3399 3314 3574 3367 ἑαυτὸν

2023 3405 2298 3468 ποιοῦντος
2328 3405 2407 3475 τῷ
2438 3407 2632 3476 Πατρὶ,
2659 3406 2752 3458 τοῦ
2777 3407 3042 3475 λέγοντος·
3080 3426 3098 3457 ι
3135 3405 3275 3474 Ἐγὼ
3305 3409 3401 3460 καὶ
3426 3409 3454 3460 ὁ
3477 3408 3572 3458 Ila-

2021 3498 2124 3566 τὴρ
2149 3497 2206 3548 ἓν
2239 3499 2420 3566 ἐσμεν·
2471 3517 2488 3548 ι
2543 3499 2637 3550 καὶ
2689 3498 3154 3569 μαρτυρουμένου,
3204 3499 3280 3560 ὼς
3333 3497 3571 3566 ἀληθινὸς

2021 3588 2169 3651 Θεὸς,
2208 3589 2300 3640 καὶ
2326 3589 2472 3651 Υἱὸς,
2510 3590 2602 3641 καὶ
2637 3591 2945 3660 Μονογενής
2978 3592 3142 3652 ἐστιν,
3178 3608 3196 3640 ι
3241 3590 3346 3658 Ἐν,
3374 3583 3419 3657 ᾧ
3455 3606 3569 3642 κατ-

2022 3682 2160 3748 οικεῖ
2195 3681 2303 3732 πᾶν
2338 3679 2397 3732 τὸ
2418 3681 2688 3753 πλήρωμα
2718 3682 2818 3752 τῆς
2856 3682 3127 3753 θεότητος·
3169 3701 3187 3733 ι
3214 3681 3328 3745 καὶ,
3374 3700 3394 3732 ι
3455 3681 3568 3742 Θεὸς

2024 3773 2216 3842 μέγας,
2247 3775 2380 3844 πρὸς
2403 3773 2460 3827 ὃν
2487 3776 2548 3827 οὐ
2569 3775 2946 3845 λογισθήσεται
2973 3774 3175 3846 ἕτερος·
3218 3793 3236 3824 ι
3287 3774 3381 3826 καὶ
3415 3774 3484 3836 ὡς
3513 3775 3568 3824 ἐκ

2020 3864 2210 3931 δεξιῶν
2264 3867 2689 3936 συγκαθέζεται;
2738 3868 2874 3920 Ἀλλ’
2908 3868 3353 3937 ὁμολογουμένως
3387 3868 3476 3920 καὶ
3514 3865 3566 3918 τὸ

2028 3975 2048 4008 ι
2078 3957 2276 4027 μείζων
2311 3977 2329 4009 ι
2369 3961 2448 4021 είς
2477 3959 2572 4030 τὴν
2603 3958 3012 4030 ὲνανθρὼπησιν
3040 3959 3404 4020 ἀποτείνεται,
3429 3959 3488 4010 δι’
3509 3959 3568 4025 ῆν

2022 4049 2050 4100 ό
2076 4047 2373 4120 μεταϐολῆς
2399 4050 2486 4102 διὰ
2513 4052 2713 4112 παντὸς
2740 4050 2964 4120 ἄμοιρος
2996 4048 3091 4113 ὼν,
3117 4049 3458 4118 ἠλαττῶσθαι
3486 4047 3565 4100 καὶ

2019 4138 2125 4190 τῶν
2149 4138 2411 4206 ἀγγέλων,
2441 4143 2488 4192 εἰ
2512 4139 2668 4210 θέμις
2695 4139 2850 4193 τοῦτο
2884 4141 3066 4210 φάναι,
3101 4141 3413 4211 γέγραπται
3436 4141 3563 4211 παρὰ

2019 4229 2097 4299 τῷ
2113 4231 2411 4302 Ἀποστόλῳ
2437 4231 2626 4294 οὕτως·
2649 4253 2666 4283 ι
2695 4232 2797 4285 Τὸν
2823 4233 2879 4286 δὲ
2901 4233 3073 4304 βραχύ
3093 4250 3144 4285 τι
3177 4234 3304 4304 παρ’
3322 4233 3564 4302 ἀγγέλους

2022 4322 2402 4392 ἠλαττωμένον
2433 4323 2699 4394 βλέπομεν
2747 4324 2952 4396 Ἰησοῦν
3005 4323 3090 4377 διὰ
3130 4327 3191 4377 τὸ
3224 4325 3452 4396 πάθημα
3483 4323 3561 4378 τοῦ

366 4414 458 4484 qui
515 4411 724 4468 modico
774 4428 934 4482 quam
975 4414 1146 4482 angeli
1195 4415 1490 4468 minoratus
1536 4423 1650 4478 est,
1679 4414 1919 4468 videmus

2031 4408 2272 4462 θανάτου.
2315 4429 2333 4460 ι
2383 4410 2600 4480 Ἀμέλει
2637 4412 2736 4464 οὐκ
2779 4413 2836 4464 ἐν
2867 4414 3046 4482 μορφῇ
3076 4411 3208 4464 Θεοῦ
3236 4413 3487 4483 ὑπάρχων
3512 4412 3560 4462 ἐν

361 4504 575 4568 Jesum,
612 4514 830 4574 propter
857 4505 1158 4572 passionem
1215 4506 1423 4557 mortis.
1461 4523 1480 4554 ι
1517 4503 1776 4557 Nimirum
1813 4521 1918 4560 non

359 4605 419 4648 ut
449 4595 500 4648 in
524 4594 692 4648 forma
723 4593 816 4648 Dei
853 4593 1120 4648 exsistens
1147 4593 1197 4645 in
1230 4592 1409 4654 caelis,
1443 4593 1535 4646 sed
1565 4603 1621 4644 ut
1653 4593 1704 4646 in
1747 4591 1916 4646 forma

357 4683 495 4737 servi
527 4683 580 4737 in
619 4692 758 4736 terra
785 4721 801 4746 ,
845 4683 1058 4752 quando
1088 4697 1155 4734 ex
1187 4679 1408 4750 Virgine
1443 4682 1577 4734 citra
1625 4683 1784 4734 ullam
1833 4684 1913 4736 sui

357 4775 707 4828 mutationem
733 4774 951 4842 prodiit,
988 4773 1166 4826 aiebat
1203 4789 1218 4825 τ
1254 4790 1272 4822 ι
1301 4772 1399 4837 Qui
1435 4773 1578 4826 misit
1611 4790 1694 4827 me
1725 4773 1918 4841 Pater,

358 4865 531 4936 major
579 4881 664 4921 me
697 4877 780 4920 est
817 4885 831 4920 :
868 4884 887 4917 ι
920 4865 1074 4935 quasi
1128 4863 1335 4919 diceret
1369 4881 1384 4917 :
1424 4866 1492 4918 Ea
1521 4907 1536 4929 ,
1581 4882 1701 4935 quae
1739 4869 1914 4931 vobis,

356 4962 409 5006 et
447 4953 666 5007 cuilibet
710 4952 874 5006 menti
924 4952 1206 5006 invisibilis
1251 4961 1368 5016 est,
1408 4950 1590 5008 Deitas
1634 4952 1804 5022 major
1841 4964 1921 5009 est

357 5045 666 5114 aspectabili
694 5047 794 5100 hac
816 5059 932 5099 mea
964 5045 1436 5100 condescensione.
1465 5044 1596 5098 Nam
1632 5047 1721 5115 qui
1747 5047 1917 5116 reipsa

449 5223 538 5281 35)
577 5220 723 5275 Fuit.
764 5222 914 5275 Joan.
957 5238 994 5283 I,
1023 5221 1076 5276 6.

585 5293 650 5377 fit
683 5295 942 5377 transiuit.
977 5293 1110 5377 Geq.
1139 5307 1311 5377 'x’xxn,
1341 5310 1368 5377 a
1396 5307 1537 5347 vers.
1563 5294 1632 5377 2:3
1674 5296 1739 5347 ad
1777 5311 1918 5349 vers.

357 5361 676 5434 50._Codex
734 5364 1030 5434 mendose:
1065 5361 1258 5430 Διέϐην
1313 5363 1402 5416 τὸν
1454 5364 1768 5434 χειμάρουν,
1824 5380 1921 5434 pro

358 5430 639 5513 Διέϐῃιτὸν
677 5432 1025 5513 χειμάρρομν.

432 5499 896 5625 Non—petes}.
919 5502 1076 5555 I’lura
1105 5503 1260 5557 verba
1292 5503 1378 5558 hic
1409 5503 1609 5557 omittit
1641 5503 1915 5574 Didymus,

511 5592 519 5624 ι
565 5587 759 5624 rarius.

360 5583 449 5626 aut
489 5583 759 5625 librarltls.

451 5642 540 5717 ᾆϐ)
580 5641 719 5717 Ιξιςξε.
745 5641 912 5717 Dictio
947 5641 1082 5717 hac,
1107 5640 1224 5717 ἔσῃ,
1257 5643 1305 5697 id
1324 5653 1416 5717 est
1437 5662 1454 5693 ι
1479 5643 1606 5708 eris,
1635 5662 1652 5694 ι
1683 5643 1832 5697 deest
1859 5644 1911 5698 in

360 5712 558 5768 Bibliis.
590 5713 736 5770 Alias
774 5713 995 5784 minimi
1017 5712 1270 5770 momenti
1307 5715 1599 5770 varietates
1632 5722 1912 5784 praetereo.

2023 4503 2291 4572 οὐρανοῖς,
2343 4501 2454 4554 ἀλλ’
2493 4503 2549 4554 ὲν
2582 4505 2759 4572 μορφῇ
2793 4502 2977 4556 δούλου
3009 4505 3100 4555 ἐπὶ
3137 4504 3259 4572 γῆς,
3284 4505 3371 4556 ὅτε
3397 4505 3456 4555 ὲκ
3478 4501 3560 4568 τῆς

2025 4591 2297 4663 Παρθένου
2328 4593 2609 4662 ἀτρέπτως
2638 4593 2926 4664 προῆλθεν,
2971 4593 3097 4666 [185
3133 4594 3187 4666 α]
3218 4594 3422 4662 ἔλεγεν·
3454 4615 3470 4642 ι
3510 4594 3559 4644 '0

2021 4683 2242 4753 πέμψας
2279 4701 2344 4754 με
2365 4683 2552 4754 Πατὴρ
2582 4683 2780 4754 μείζων
2815 4702 2914 4754 μου
2945 4687 3109 4738 ἐστίν·
3145 4706 3162 4736 ι
3197 4685 3328 4738 ὡσεὶ
3345 4687 3434 4739 καὶ
3463 4685 3560 4736 ἕλευ

2019 4793 2134 4844 γεν.
2176 4777 2240 4829 Ἠ
2268 4777 2395 4846 ὑμῖν
2425 4778 2518 4830 καὶ
2547 4777 2692 4847 πάσῃ
2720 4776 2922 4848 διανοίᾳ
2963 4777 3190 4840 ἀθέατος
3218 4777 3423 4847 θεότης,
3455 4776 3557 4847 μεί-

2021 4867 2130 4930 ζων
2162 4871 2260 4938 τῆς
2287 4868 2566 4939 ὁρωμένης
2613 4867 3068 4936 συγκαταϐἀσεώς
3096 4888 3195 4939 μου
3224 4870 3464 4941 ὑπάρχει.
3507 4869 3558 4918 Ὁ

2022 4959 2132 5027 γὰρ
2157 4959 2233 5028 τῷ
2284 4959 2565 5029 πράγματι
2625 4960 2990 5026 συγκαταϐὰς,
3028 4961 3121 5012 καὶ
3162 4959 3434 5020 διακονῶν,
3476 4958 3556 5010 καὶ

2027 5049 2100 5119 μὴ
2133 5048 2565 5118 διακονούμενος,
2597 5050 2690 5102 καὶ
2739 5049 2922 5104 δούλου
2957 5050 3137 5122 φέρων
3180 5051 3409 5122 μορφὴν,
3442 5053 3465 5103 ὁ
3505 5052 3554 5102 ὲν

2099 5227 2208 5298 ('57)
2253 5229 2502 5294 Apparui.
2543 5227 2707 5282 Exod.
2747 5243 2820 5289 VI,
2849 5228 2882 5281 5

2094 5293 2206 5371 (58)
2254 5293 2435 5371 Patres
2469 5310 2677 5371 uestros.
2723 5299 2908 5359 Voces.
2956 5297 3079 5362 τούς
3113 5297 3351 5369 πατέρας
3395 5293 3552 5362 ὑμῶν,

2019 5366 2210 5422 desunt
2247 5371 2299 5422 in
2331 5370 2530 5421 Bibliis.

2089 5438 2200 5509 (59)
2229 5439 2428 5493 Nomen
2453 5453 2639 5490 meum.
2665 5435 2848 5491 Graeca
2869 5437 3034 5492 editio
3055 5436 3142 5492 hic
3165 5436 3332 5504 addit,
3349 5433 3550 5505 Κύριοξν

2016 5505 2068 5560 id
2099 5505 2191 5560 est
2212 5529 2228 5560 ι
2252 5509 2525 5562 Dominus.
2549 5527 2568 5559 ι

2087 5576 2197 5648 (60)
2232 5579 2301 5648 Se
2329 5577 2599 5648 arqualem.
2627 5575 2782 5648 Joan.
2808 5593 2860 5642 v,
2894 5577 2980 5648 I8.

2087 5647 2196 5720 (Η)
2237 5647 2603 5703 Ειιιπαιιιειη.
2643 5647 2802 5702 Ichr.
2837 5663 2894 5715 ιι,
2925 5647 2980 5702 9.
