3740 6306
129 230 222 287 385
1196 234 1284 288 DE
1326 225 1699 289 'l'RlNlTATE
1737 232 1939 289 LIBER
1979 224 2301 290 TERTIUS.
3237 227 3342 286 886

132 344 292 412 μορφῇ
330 341 467 400 Θεοῦ
528 342 807 415 ὑπάρχων,
845 364 962 410 πως
1013 349 1135 418 οὐχ).
1173 351 1268 404 καὶ
1316 353 1428 414 τοῖς
1454 353 1684 423 ,ῥήμασι

1806 353 2194 419 :ondescendit,
2239 351 2330 420 qui
2377 349 2668 414 ministrat,
2701 363 2805 404 non
2837 360 2966 401 vero
2986 345 3340 410 ministratur,

131 433 568 498 συγκαταϐαίνειν
617 435 856 504 ἔμελλεν,
900 439 928 490 6
956 439 1153 502 παντὸς
1185 441 1344 508 λόγου
1380 441 1681 513 ἀνώτερος;

1806 446 1868 511 [υἱ
1903 445 2041 498 servi
2077 445 2305 498 formam
2346 443 2505 514 gerit,
2532 457 2654 497 cum
2677 441 2750 496 sit
2779 441 2834 494 in
2864 441 3034 496 forma
3065 438 3180 504 Dei,
3207 453 3342 509 quo-

126 522 279 584 οὕτως
308 523 445 576 ὥστε
482 526 582 579 καὶ
612 526 858 592 ὀνειδίζει
907 530 1038 600 παρ’
1079 531 1298 602 Ἰωάννῃ
1336 535 1447 594 τοῖς
1476 532 1569 583 ἐπὶ
1596 549 1685 601 μι-

1806 536 1937 590 nodo
1985 551 2090 590 non
2131 536 2291 590 etiam
2342 533 2522 588 verbis
2556 529 3042 588 condescenderet'?
3079 530 3226 600 ipse,
3260 530 3346 583 in-

129 615 446 685 χροπρεπείᾳ
468 615 846 688 ἐκδεχομένοις
878 619 980 688 τῆς
1009 621 1316 690 οἰκονομίας
1344 620 1411 672 τὰ
1441 622 1681 690 ῥήματα,

1806 641 1959 692 luam,
1996 627 2084 694 qui
2121 627 2265 680 omni
2297 640 2542 680 sermone
2569 623 2844 679 sublimior
2886 631 2984 684 est,
3037 630 3197 689 atque
3245 635 3345 673 ex-

129 703 400 804 φάσκων-ι
442 706 589 775 Ἐγὼ
629 708 771 777 τιμῶ
823 708 915 761 τὸν
951 711 1168 782 Πατέρα
1214 728 1336 782 μου,
1392 713 1484 765 καὶ
1530 715 1685 783 ὑμεῖς

1806 718 2007 782 :elsior,
2039 719 2172 772 adeo
2203 727 2261 772 ut
2288 718 2427 787 apud
2463 715 2722 771 Joannem
2759 728 2849 768 eos
2882 713 3046 768 etiam
3072 711 3340 780 objurget,

129 794 401 862 ἀτιμάζετέ
433 813 528 866 με.
561 815 580 848 ι
614 799 762 868 Τιμᾷ
790 799 845 852 δὲ
873 801 967 853 καὶ
1002 803 1030 853 6
1067 801 1257 872 Πατὴρ
1283 802 1373 854 τὸν
1403 803 1551 866 Υἱὸν,
1600 804 1688 856 λέ-

1806 807 1881 876 ]ιιί
1913 807 2072 862 verba
2097 810 2166 862 ob
2195 808 2576 872 mconomiam,
2603 808 2654 860 id
2678 816 2761 860 est
2786 808 2854 860 ob
2884 803 3338 865 lucarnationem,

129 901 241 950 γων·
271 903 287 934 ι
317 886 502 939 Κάθου
521 890 588 961 ἐκ
613 888 798 956 δεξιῶν
824 908 944 960 μου·
983 911 1000 942 ι
1027 893 1119 944 καὶ
1145 893 1326 961 μέντοι
1347 893 1518 947 ἓλκων
1549 894 1684 965 πρὸς

1806 898 1850 953 ὼ
1882 899 1997 968 ipso
2037 899 2242 968 prolata
2299 914 2465 954 sensu
2522 896 2811 952 humiliore
2863 893 3217 964 accipiebant,
3263 891 3346 944 in-

130 975 269 1026 αὑτδν
292 978 416 1041 τοὺς
445 979 655 1042 ἀξίους.
678 981 787 1033 Καὶ
811 982 942 1042 αὑτὸ
959 983 1014 1036 δὲ
1034 983 1190 1036 τοῦτο
1212 984 1273 1036 τὸ
1300 987 1474 1040 εἰπεῖν
1498 1003 1682 1039 πεποι-

1806 990 2008 1058 luieus:
2054 1009 2072 1041 ι
2109 986 2217 1060 Ego
2264 990 2377 1061 (42)
2421 991 2628 1044 honoro
2664 987 2878 1044 Patrem
2911 1000 3111 1047 meum,
3155 992 3209 1036 et
3249 997 3346 1035 vos

129 1065 264 1135 θήσει
295 1068 513 1137 Πατέρα
548 1069 640 1122 τὸν
665 1070 816 1135 Θεὸν,
848 1071 1137 1137 δείκνυσιν,
1160 1073 1235 1136 ὡς
1256 1074 1316 1126 τὸ
1356 1093 1374 1126 ι
1419 1075 1616 1146 μείζων
1647 1096 1668 1128 ι

1806 1082 2112 1135 nhonoratis
2153 1097 2258 1136 me.
2305 1100 2324 1132 ι
2363 1081 2604 1137 l-iouorat
2633 1090 2816 1134 autem
2863 1077 3027 1134 etiam
3062 1075 3221 1128 Pater
3253 1074 3346 1128 Fi-

131 1159 252 1212 κατά
276 1156 369 1231 τὴν
398 1159 812 1231 ὲνανθρὼπησίν
844 1164 1008 1220 ἐστιν.

1810 1190 1895 1228 υιη
1928 1175 2130 1239 dicens,
2162 1193 2180 1226 ι
2217 1173 2356 1228 Sede
2381 1187 2410 1226 a
2434 1171 2642 1226 dextris
2677 1170 2832 1232 meis,
2863 1187 2882 1218 ι
2911 1176 2964 1222 et
2989 1167 3207 1232 insuper
3227 1178 3341 1230 eos,

130 1252 208 1319 qui
244 1251 384 1320 digni
428 1251 669 1316 fuerint,
715 1255 783 1307 ad
826 1254 974 1308 illum
1013 1255 1253 1312 trahens.
1296 1257 1374 1311 Ex
1421 1258 1522 1312 hoc
1557 1259 1672 1326 ipso
1711 1271 1920 1328 autem,
1964 1263 2126 1334 385
2194 1262 2337 1331 quod
2405 1259 2573 1316 Deum
2631 1258 2963 1315 conﬁdenter
2999 1255 3198 1312 dixerit
3247 1253 3322 1308 Pa

133 1349 274 1403 trem,
298 1342 623 1406 ostenditur,
656 1357 839 1396 vocem
869 1343 1012 1396 illam
1035 1361 1090 1409 ,ι
1132 1344 1322 1412 major,
1372 1365 1391 1398 ›
1429 1357 1674 1416 respectu
1711 1349 2098 1407 lncarnationis
2129 1351 2254 1406 dici.

189 1474 291 1528 Καὶ
329 1474 386 1540 ἐξ
421 1475 823 1545 ὑποδείγματπ
865 1477 922 1530 δὲ
968 1479 1094 1548 ῥᾷον
1141 1479 1437 1550 ὑποστῆναι
1481 1481 1571 1534 τοῦ
1603 1481 1675 1553 μὴ

1847 1484 1952 1540 Sed
1995 1486 2063 1542 ab
2121 1485 2362 1556 exemplo
2407 1484 2690 1541 ostendere
2744 1482 2956 1539 facilius
3003 1490 3118 1543 est,
3161 1492 3344 1533 vocem

134 1565 255 1617 κατὰ
279 1565 371 1636 τὴν
421 1565 658 1636 θεότητα
695 1567 944 1638 εἰρῆσθαι
977 1568 1037 1620 τὸ
1087 1588 1105 1619 ι
1149 1569 1366 1639 μείζων.
1408 1591 1426 1622 ι
1467 1572 1523 1624 ’0
1573 1573 1680 1644 γὰρ

1806 1590 1948 1644 psam
1993 1593 2014 1627 ι
2069 1575 2239 1645 major
2299 1594 2318 1628 ι
2389 1577 2455 1630 ad
2522 1573 2787 1628 Deitatem
2846 1570 3187 1626 referendam
3236 1582 3343 1621 non

133 1653 310 1724 Κύριος
333 1654 519 1725 φησίν·
569 1674 588 1706 ‹
632 1656 801 1726 Ἀμὴν
828 1657 970 1725 λέγω
992 1657 1138 1726 ὑμῖν
1167 1659 1265 1711 οὑκ
1297 1661 1593 1731 ἐγήγερται
1624 1664 1681 1715 ἐν

1806 1678 1904 1720 ιεεε
1956 1664 2088 1737 (45).
2144 1663 2280 1719 Nam
2328 1665 2586 1719 Dominus
2637 1663 2763 1716 ait:
2814 1680 2832 1714 ι
2866 1662 3034 1715 Amen
3075 1659 3188 1729 (44)
3227 1659 3347 1712 dico

133 1746 380 1816 γεννητοῖς
405 1746 686 1814 γυναικῶν
718 1745 919 1818 μείζων
935 1748 1179 1802 Ἰωάννου
1209 1749 1302 1802 τοῦ
1321 1751 1638 1804 Βαπτιστοῦ.
1656 1773 1678 1804 ι

142 1837 261 1888 Ἀλλ’
285 1839 378 1906 οὑχ
396 1838 471 1901 ὡς
499 1837 560 1902 ἐξ
589 1838 785 1910 ἑτέρας
816 1839 1060 1909 μείζονος
1090 1840 1302 1908 φύσεως
1330 1842 1480 1904 ὄντα,
1503 1842 1535 1913 ἣ
1560 1845 1680 1895 κατ’

134 1928 444 2000 ἀνθρώπους,
472 1930 634 1999 ἔλεγε
695 1930 913 2000 μείζονα
946 1927 1086 1984 εἶναι
1133 1933 1316 1986 αὐτόν·
1343 1934 1543 1998 πάντες
1574 1935 1681 2007 γὰρ

133 2022 174 2072 οἱ
215 2021 402 2090 ἀρετῆς
458 2021 938 2092 μεταποιούμενοι,
977 2022 1010 2094 ἢ
1043 2019 1318 2086 ὲξισοῦντο
1352 2025 1520 2096 αὐτῷ,
1553 2027 1587 2096 ἦ
1631 2044 1682 2080 τι

137 2111 480 2164 ἀπελείποντο·
539 2113 666 2166 οὐδὲ
698 2113 773 2175 ὡς
801 2112 1026 2183 δυνάμει
1067 2115 1391 2186 κρείττονος,
1441 2115 1474 2187 ἢ
1509 2117 1685 2188 χρόνῳ

137 2202 313 2256 πλείονι
339 2203 625 2275 εἰληφότος
660 2204 760 2274 τὴν
791 2204 1024 2272 γένεσιν’
1063 2206 1225 2268 αὑτὸς
1262 2207 1360 2277 μὲν
1380 2207 1488 2278 γὰρ
1513 2212 1577 2280 τῇ
1626 2211 1684 2262 ὲν

139 2292 302 2363 κόσμῳ
329 2291 436 2364 ζωῇ
487 2293 760 2364 διέμεινεν
795 2293 888 2364 ἐτη
924 2293 1005 2347 λέ
1030 2290 1169 2366 ἦσαν
1196 2294 1251 2347 δὲ
1285 2297 1334 2347 οἱ
1364 2299 1430 2367 τῇ
1461 2296 1555 2349 τοῦ
1582 2295 1686 2352 atii-

142 2399 284 2452 ματος
316 2381 468 2453 ῥώμῃ
507 2383 607 2436 καὶ
633 2381 710 2451 τῷ
744 2383 936 2454 πλήθει
963 2384 1069 2437 τῶν
1100 2384 1236 2439 ὲτῶν
1262 2385 1687 2456 ὑπερϐάλλοντες

140 2475 292 2528 αὐτόν.
337 2475 470 2526 Ἀλλ’
493 2475 556 2528 οὑ
595 2475 770 2546 ταύτῃ
805 2476 1086 2547 κρείττονα
1118 2477 1227 2530 τῶν
1251 2478 1551 2550 ἀνθρώπων
1575 2481 1687 2534 ἕλε-

142 2579 240 2630 γεν,
269 2563 396 2618 ἀλλά
420 2569 484 2636 τῇ
523 2567 854 2638 προφητείᾳ,
901 2568 968 2639 ἦν
1001 2569 1235 2640 μάλιστα
1287 2571 1466 2624 ἔνθεον
1528 2573 1688 2638 αὐτὸς

143 2655 350 2718 ἐδέξατο.
379 2658 486 2721 Καὶ
519 2657 707 2712 πάλινσ
758 2677 776 2711 ι
813 2660 871 2713 '0
903 2659 962 2712 δὲ
1019 2663 1076 2714 ὲν
1103 2665 1168 2733 τῇ
1201 2661 1329 2733 [185
1367 2663 1418 2735 h]
1447 2663 1688 2736 βασιλείᾳ.

144 2747 233 2799 τῶν
249 2749 480 2819 οὐρανῶν
505 2752 852 2823 μικρότερος,
885 2752 1086 2824 μείζων
1103 2755 1266 2808 αὑτοῦ
1293 2756 1458 2809 ἐστιν.
1490 2777 1507 2808 ι
1539 2757 1690 2811 Ἕλε-

1779 1754 1930 1809 vobis
1965 1774 1978 1808 :
2011 1767 2115 1808 non
2167 1755 2400 1810 surrexit
2445 1755 2588 1809 inter
2641 1760 2798 1807 natos
2843 1750 3125 1804 mulierum
3173 1748 3347 1817 major

1778 1843 1981 1900 Joanne
2023 1845 2279 1914 Baptista.
2346 1864 2368 1899 ι
2417 1843 2522 1898 Sed
2567 1845 2712 1899 hunc
2769 1840 3027 1910 majorem
3070 1852 3192 1894 esse
3241 1851 3347 1896 non

1781 1937 1904 1992 ideo
1930 1937 2064 1993 dixit
2087 1938 2356 2002 Christus,
2391 1937 2532 2006 quod
2575 1934 2796 1989 alterius
2834 1941 3037 1986 natura:
3071 1938 3215 1986 esset
3249 1929 3344 1983 bu-

1781 2047 1938 2085 mana
1987 2032 2237 2098 majoris;
2271 2044 2458 2084 omnes
2496 2029 2663 2088 enim.
2692 2028 2782 2098 qui
2820 2025 3004 2081 virtuti
3041 2022 3345 2082 studebant.

1783 2131 1875 2174 aut
1902 2122 2134 2189 aequales
2159 2123 2257 2190 ipsi
2292 2128 2481 2183 erant,
2514 2128 2608 2172 aut
2633 2118 2790 2186 paulo
2825 2115 3126 2170 inferiores.
3160 2111 3238 2167 Ac
3279 2125 3349 2164 ne

1783 2228 1846 2268 ex
1879 2227 1944 2267 eo
1984 2212 2200 2280 quidem
2240 2211 2412 2280 major
2439 2210 2614 2265 dictus
2652 2218 2734 2264 est
2768 2207 3001 2262 Joannes
3024 2248 3038 2271 ,
3074 2204 3215 2274 quod
3250 2217 3346 2271 po-

1786 2305 1950 2360 tentia
1993 2305 2260 2372 superior,
2321 2313 2416 2357 aut
2459 2301 2808 2370 generatione
2861 2298 3129 2366 antiquior
3167 2294 3346 2358 foret;

1787 2397 1998 2466 triginta
2033 2385 2191 2450 enim
2219 2409 2390 2448 annos
2417 2394 2468 2448 in
2506 2393 2704 2448 mundo
2735 2391 2979 2455 vixerat;
3023 2395 3177 2443 erant
3221 2399 3349 2438 vero

1786 2490 1876 2556 qui
1932 2486 2178 2554 corporis
2232 2485 2432 2556 robore,
2460 2492 2515 2539 et
2549 2497 2811 2538 annorum
2853 2493 3076 2534 numero
3105 2490 3227 2532 eum
3254 2490 3344 2528 su-

1787 2586 2055 2647 perarent.
2085 2577 2278 2630 Verum
2316 2591 2420 2631 non
2441 2576 2540 2631 hac
2581 2575 2786 2630 ratione
2817 2571 3070 2640 majorem
3115 2565 3351 2621 homini-

1788 2667 1888 2722 bus
1929 2682 2051 2722 eum
2090 2666 2245 2731 dixit,
2277 2665 2368 2721 sed
2412 2673 2633 2734 propter
2661 2662 2998 2734 prophetiam
3042 2659 3154 2730 (45)
3200 2673 3350 2712 sum-

1790 2773 2012 2828 mopere
2041 2759 2299 2825 divinam,
2340 2772 2504 2827 quam
2538 2757 2651 2826 ipse
2689 2762 2988 2823 acceperat.
3016 2752 3082 2806 Et
3114 2763 3341 2804 rursus:

144 2854 196 2905 γε
237 2839 287 2893 δὲ
325 2841 450 2912 περὶ
495 2842 746 2896 Ἰωάννου
812 2843 906 2896 τοῦ
963 2844 1284 2908 ἀποστόλου,
1338 2845 1431 2898 τοῦ
1478 2846 1689 2916 χρόνοις

1806 2868 1815 2901 ι
1858 2825 1963 2915 Qui
2023 2858 2200 2902 autem
2259 2825 2372 2916 (ιδ)
2419 2848 2471 2901 in
2513 2825 2680 2916 regno
2718 2845 2978 2900 cmlorum
3036 2839 3211 2895 minor
3241 2847 3346 2903 est,

149 2932 233 3000 μὲν
260 2933 571 3005 μικροτέρου
629 2933 874 2988 Ἰωάννου
901 2934 992 2989 τοῦ
1019 2937 1352 3008 Προδρόμου,
1383 2940 1448 3008 τῇ
1480 2937 1536 2991 δὲ
1563 2937 1690 3008 ἀξίᾳ

146 3021 230 3089 τῆς
249 3024 540 3096 ἀποστολῆς
573 3026 838 3098 μείζονος.
885 3046 902 3079 ι
945 3028 1136 3080 Ἕθετο
1168 3029 1275 3099 γὰρ
1297 3029 1324 3080 ὁ
1355 3028 1486 3092 θεὸς
1535 3030 1591 3080 ὲν
1623 3031 1689 3100 τῇ

158 3114 443 3187 Ἐκκλησία,
469 3135 489 3168 ι
536 3117 618 3179 ὠς
648 3116 860 3180 Παυλος
895 3118 1119 3189 γράφει,
1157 3138 1175 3169 ι
1214 3118 1428 3189 πρῶτον
1468 3118 1692 3171 ἀποστό-

149 3203 474 3268 λουςρέπειτα
523 3209 832 3279 προφήτας.
872 3226 889 3258 ι
948 3204 1082 3260 Εἷπε
1121 3207 1198 3271 δὲ,
1239 3226 1256 3258 ι
1307 3208 1393 3261 Ἐν
1428 3210 1492 3278 τῇ
1540 3207 1689 3278 βασι-

150 3295 250 3368 λείᾳ
275 3298 372 3351 τῶν
402 3299 654 3370 οὑρανῶν
685 3299 1023 3372 μικρότερος,
1055 3319 1074 3351 ι
1107 3300 1193 3353 διὰ
1210 3300 1270 3352 τὸ
1293 3303 1350 3353 ὲν
1383 3299 1546 3371 βίϐλῳ
1561 3299 1695 3364 ζών-

152 3404 240 3440 των
263 3389 466 3444 πάντων
509 3389 578 3443 τὰ
611 3391 851 3461 ὀνόματα
880 3389 1204 3462 γράφεσθαι,
1234 3391 1328 3445 καὶ
1348 3392 1423 3454 ὡς
1460 3410 1692 3462 μεταγε-

154 3479 377 3550 νεστέρου
409 3481 638 3545 εἰκότως
668 3480 894 3552 ὕστερον
919 3481 1176 3552 τετάχθαι
1232 3482 1292 3534 τὸ
1313 3482 1474 3535 αὑτοῦ
1503 3484 1689 3552 ὄνομα.

155 3569 286 3633 Τινὲς
330 3572 468 3626 δὲτὸ
500 3573 671 3644 μέρος
702 3573 880 3637 τοῦτο,
921 3573 1048 3646 περὶ
1092 3571 1185 3626 τοῦ
1238 3574 1506 3628 Δεσπότου
1539 3574 1692 3646 ἐνόη-

160 3673 260 3720 σαν,
288 3662 604 3734 μικρότερον
649 3663 745 3733 μὲν
779 3661 920 3716 κατά
953 3662 1052 3733 τὴν
1096 3662 1189 3715 τοῦ
1232 3661 1416 3718 δούλου
1461 3662 1691 3735 μορφὴν,

161 3750 262 3802 καθ’
290 3752 350 3822 ἣν
382 3756 560 3825 ἥσσων
614 3753 905 3826 προφητῶν
950 3753 1046 3805 καὶ
1103 3754 1293 3824 ἱερέων
1345 3755 1695 3808 ὑπωπτεύετο

160 3843 434 3911 τυγχάνειν,
478 3844 701 3916 μείζονα
725 3845 782 3897 δὲ
808 3843 948 3897 κατὰ
985 3843 1082 3913 τὴν
1118 3844 1364 3915 θεότητα.
1397 3844 1560 3898 Ὥστε
1603 3845 1696 3900 καὶ

164 3934 279 3986 κατὰ
296 3935 454 3988 ταῦτα
478 3937 540 3990 τὸ
569 3956 589 3987 ι
631 3937 828 4006 μείζων
853 3955 872 3988 ι
897 3934 1069 3988 καὶτὸ
1111 3953 1128 3986 ι
1163 3935 1382 4005 πέμψας
1426 3953 1444 3986 ι
1465 3935 1540 4005 τῷ
1563 3935 1696 4007 πρὸς

164 4020 236 4073 τὸν
265 4025 469 4095 Πατέρα
503 4026 777 4096 ὁμοουσίῳ
824 4025 1046 4095 μείωσιν
1089 4025 1150 4078 οὑ
1195 4028 1355 4078 ποιεῖ.
1411 4025 1518 4077 Καὶ
1561 4027 1696 4096 ὅπερ

161 4109 207 4162 δὲ
234 4114 427 4212 εἴρηται
472 4117 582 4187 πρὸ
621 4116 870 4188 βραχέος,
901 4116 1045 4169 δοκεῖ
1086 4133 1201 4180 πως
1233 4118 1261 4169 6
1287 4116 1491 4188 κομψίᾳ
1520 4116 1693 4185 λόγων
1725 4156 1770 4212 D

165 4202 424 4271 χρώμενος,
443 4209 579 4260 καὶὸ
605 4207 782 4277 ἑαυτῷ
808 4207 894 4259 ἀεὶ
919 4206 1203 4277 ἀπονέμων
1235 4207 1303 4259 τὰ
1326 4209 1565 4279 πρωτεῖα
1598 4208 1691 4262 καὶ

169 4292 305 4363 τιμὴν
325 4296 578 4360 ἀπαιτῶν,
608 4296 781 4368 οἴησιν
808 4296 968 4366 ἔχειν’
998 4295 1102 4366 ἡδὲ
1129 4295 1323 4366 οἴησις,
1355 4297 1698 4368 ὑπερηφανία

169 4381 237 4445 τίς
284 4386 437 4441 ἐστιν.
493 4389 656 4443 Οὐδὲν
713 4389 770 4442 δὲ
830 4389 935 4460 πρὸ
991 4387 1090 4458 τῆς
1154 4389 1530 4459 ὑπερηφανίας
1576 4391 1697 4460 ἠτί-

173 4487 330 4538 μισ-εν·
379 4477 496 4529 οὐδὲ
525 4477 634 4548 γάρ
689 4477 930 4548 μείζονος
971 4475 1191 4547 ,μᾶλλον
1233 4476 1382 4545 μέλει
1427 4478 1504 4550 τῷ
1554 4479 1694 4550 Θεῷ,

169 4564 413 4635 ἢμήποτε
450 4570 608 4622 πλέον
658 4569 752 4622 τοῦ
801 4569 1139 4640 μικροτέρου.
1177 4569 1328 4638 Ἔχει
1375 4569 1482 4641 γὰρ
1529 4569 1692 4638 ἅπαξ,

170 4654 252 4709 κᾶν
281 4657 425 4722 αὑτὸς
453 4661 526 4730 μὴ
551 4659 702 4732 λέγῃ,
739 4659 1017 4728 σύμφυτον
1056 4658 1116 4710 τὸ
1161 4655 1362 4728 μεῖζον·
1408 4659 1501 4711 καὶ
1524 4659 1695 4722 οὐδεὶς

171 4745 259 4797 τῶν
293 4750 633 4821 εὐγνωμόνων
677 4750 806 4820 περὶ
839 4748 1024 4802 τούτου
1073 4747 1426 4818 ἀμφισϐητεῖ.
1460 4751 1535 4800 Δι’
1563 4748 1596 4801 ἃ
1628 4748 1692 4819 δή

173 4853 323 4907 φησιν·
358 4861 376 4893 ι
418 4841 541 4896 Ἐὰν
563 4840 670 4912 ἐγὼ
685 4840 906 4912 ἐμαυτῷ
939 4840 1272 4912 μαρτυρῶ,ή
1301 4841 1571 4911 μαρτυρία
1595 4858 1694 4911 μου

236 5080 330 5148 (Hi
371 5082 492 5154 Ego.
523 5083 676 5141 Joan.
707 5102 824 5152 vm,
857 5085 945 5141 49.
980 5086 1123 5156 Lege
1168 5093 1414 5140 catenam
1444 5085 1497 5138 in
1530 5084 1696 5140 Joan-

178 5163 411 5227 nettt__x_vt_t,
437 5156 498 5227 _l,
533 5155 620 5209 ubi
659 5156 834 5210 aﬂiuia
875 5157 1030 5227 docet
1065 5155 1342 5227 Didymus.

238 5219 683 5297 (43)_Refereudam
705 5243 806 5297 non
822 5243 950 5280 esse.
973 5219 1285 5297 ςοάεχξτοῦ
1311 5225 1385 5297 μὴ
1409 5224 1684 5289 κατά,ειο.

181 5283 443 5364 Legendun't
471 5295 676 5349 videtur
705 5295 765 5348 τό
794 5312 889 5364 pro
915 5295 1029 5349 τοῦ.

259 5358 333 5420 Η)
370 5361 542 5416 Amen.
572 5365 755 5419 Matth.
794 5358 873 5427 ιιι,
905 5365 988 5418 li.

202 5427 335 5506 "(65)
377 5430 587 5506 Propter
631 5437 971 5506 prophetiam.
1035 5434 1198 5506 Recte
1245 5446 1601 5506 meronymus
1631 5435 1690 5506 in

187 5491 896 5578 Ιὶὶχιο’ςοηιτάψιιὲὶῖείνὶαηοε
921 5520 1073 5578 itum.
1124 5505 1174 5557 7.
1212 5491 1464 5578 _¢Audi,_;
1496 5505 1687 5578 inquit,

191 5562 472 5649 {Dominum
510 5562 806 5649 loquentem
836 5594 846 5626 :
881 5571 1037 5649 «_Non
1086 5583 1169 5649 e_s_t
1195 5574 1262 5649 in
1312 5562 1454 5649 natis
1505 5562 1693 5649 muliel

192 5646 286 5688 rum
330 5639 483 5708 major
525 5639 728 5700 Joanne
771 5641 1068 5712 Baptista.)
1108 5642 1249 5700 Nulli
1281 5644 1424 5700 enim
1474 5645 1695 5708 contigit

1793 2939 1967 3007 major
1991 2938 2107 3006 ipso
2138 2945 2242 2992 est.
2282 2955 2300 2989 ι
2364 2936 2590 2991 Dicebat
2635 2945 2810 2989 autem
2848 2934 2947 2987 ista
2995 2930 3242 2988 Christus
3285 2929 3350 2982 tle

1789 3029 1996 3085 Joanne
2062 3030 2340 3100 apestolo,
2421 3029 2510 3098 qui
2551 3037 2707 3083 aztate
2755 3026 2965 3096 quidem
3024 3021 3199 3078 miuor
3234 3029 3353 3074 erat

1791 3121 1994 3177 Joanne
2011 3135 2365 3190 praecursore,
2390 3121 2648 3190 dignitate
2666 3128 2844 3174 autem
2880 3115 3210 3186 apostolatus
3233 3127 3350 3166 ma-

1786 3215 1892 3282 jor.
1924 3233 1942 3265 ι
1964 3214 2145 3270 Posuit
2175 3213 2284 3283 (47)
2307 3212 2448 3266 enim
2474 3211 2616 3266 Deus
2647 3211 2698 3265 in
2732 3210 2991 3272 Ecclesia,
3026 3227 3046 3260 ι
3070 3215 3127 3260 ιιι
3152 3203 3353 3259 Paulus

1793 3305 2017 3368 scribit,
2059 3323 2078 3356 ι
2126 3305 2357 3373 primum
2399 3302 2694 3372 apostolos,
2739 3301 2930 3355 deinde
2973 3298 3083 3369 (48)
3126 3296 3354 3366 prophe-

1798 3407 1900 3452 tas.
1932 3414 1950 3447 ι
1981 3395 2123 3449 Dixit
2150 3404 2326 3448 autem
2356 3433 2370 3456 ,
2409 3411 2428 3444 ι
2463 3393 2518 3447 ἱιι
2551 3406 2714 3459 regno
2769 3391 3029 3446 ccelorum
3087 3389 3288 3452 minor,
3329 3406 3347 3437 ι

1793 3488 1917 3557 quia
1947 3487 2000 3541 in
2032 3487 2167 3541 libro
2194 3483 2482 3538 viventium
2500 3483 2713 3538 nomina
2742 3482 2980 3536 omnium
3013 3479 3343 3540 scribuntur,

1795 3589 1851 3634 et
1895 3578 2062 3647 ipsius
2101 3585 2286 3645 utpote
2327 3574 2560 3645 junioris
2615 3587 2808 3628 nomen
2857 3571 3050 3628 merito
3087 3570 3355 3639 posterius

1794 3670 2025 3740 positum
2075 3678 2175 3723 est.
2211 3668 2439 3735 Quidam
2474 3680 2603 3720 vero
2630 3666 2772 3718 hunc
2812 3665 2988 3735 locum
3028 3663 3093 3717 de
3126 3660 3355 3714 Domino

1797 3759 2190 3824 intellexerunt,
2244 3757 2582 3825 inquientes,
2630 3768 2752 3807 eum
2817 3754 3079 3806 minorem
3137 3749 3350 3818 quidem

1796 3863 1913 3904 esse
1944 3848 2236 3904 secundum
2261 3846 2485 3900 formam
2517 3843 2678 3908 servi,
2702 3843 2752 3895 in
2781 3856 2884 3910 qua
2915 3841 3090 3895 minor
3118 3839 3353 3909 prophe-

1799 3941 1866 3994 tis
1915 3948 1964 3993 et
2007 3937 2376 3994 sacerdotibus
2416 3934 2732 4004 putabatur;
2773 3931 3047 4006 majorem
3091 3945 3217 3986 vero
3265 3946 3353 3986 se-

1797 4031 2026 4086 cundum
2074 4029 2346 4083 deitatem.
2399 4027 2582 4095 Itaque
2632 4023 2924 4079 secundum
2957 4024 3094 4078 hanc
3139 4035 3355 4093 quoque

1799 4118 2216 4185 explicationem
2270 4117 2433 4170 verba
2495 4134 2514 4167 ι
2546 4115 2740 4184 major,
2802 4132 2821 4166 ι
2860 4121 2913 4168 et
2942 4131 2960 4164 ι
3001 4113 3093 4182 qui
3125 4113 3293 4177 misit,
3330 4129 3350 4164 ι

1797 4209 2405 4266 consubstantialilatem
2441 4207 2558 4277 ejus
2590 4222 2712 4261 cum
2746 4205 2906 4290 Patre
2947 4219 3052 4259 non
3083 4206 3355 4261 minuunt.
3459 4202 3470 4207 “

1798 4301 1869 4356 Ut
1898 4311 2076 4355 autem
2105 4300 2260 4369 paulo
2288 4308 2413 4353 ante
2435 4297 2548 4367 jam
2576 4298 2777 4354 dictum
2802 4306 2917 4361 est,
2951 4297 3040 4366 qui
3075 4295 3216 4356 fastu
3237 4293 3348 4365 (ιθ)

1797 4395 2081 4448 verborum
2119 4392 2287 4445 utitur
2312 4405 2375 4446 ac
2407 4391 2609 4459 primas
2640 4388 2956 4458 sibimetipsi
2994 4397 3182 4456 partes
3207 4401 3353 4440 sem-

1800 4499 1896 4555 per
1917 4483 2183 4547 attribuit,
2223 4493 2383 4551 atque
2413 4479 2671 4536 honorem
2694 4480 2901 4550 exigit;
2956 4479 3003 4533 is
3040 4479 3204 4531 animi
3243 4476 3356 4529 ela-

1808 4573 2007 4627 tionem
2061 4572 2457 4640 quodarnmodo
2489 4569 2688 4624 habere
2718 4570 2976 4634 videtur:
3025 4567 3192 4623 animi
3250 4581 3354 4620 au—

1801 4670 1907 4717 tem
1936 4661 2098 4716 elatio
2131 4671 2212 4716 est
2231 4661 2499 4730 quoddam
2540 4659 2802 4728 superbiae
2825 4671 2995 4725 genus
3022 4673 3035 4709 :
3064 4653 3194 4709 nihil
3225 4667 3356 4707 vero

1801 4751 1992 4819 magis,
2044 4766 2205 4820 quam
2244 4751 2548 4820 superbiam
2571 4790 2601 4819 ,_
2618 4747 2889 4817 despectui
2925 4746 3108 4799 haberi
3145 4742 3357 4797 voluit:

1802 4857 1975 4912 neque
2019 4843 2161 4896 enim
2187 4841 2326 4910 ejus,
2377 4841 2469 4910 qui
2517 4839 2690 4909 major
2717 4837 2828 4902 sit,
2872 4836 3126 4902 majorem
3172 4846 3358 4888 curam

1800 5083 2181 5152 prophetarum
2215 5089 2268 5136 et
2298 5080 2618 5136 aununtiare
2644 5077 2937 5142 Christum,
2979 5084 3034 5134 et
3061 5077 3230 5146 digito
3267 5079 3361 5135 de-

1802 5161 2122 5207 monstrare.
2147 5170 2165 5204 ι

1873 5221 1987 5291 (46)
2027 5221 2128 5291 Qui
2155 5228 2350 5291 autem.
2384 5218 2571 5273 Matth.
2598 5233 2674 5291 ξι,
2705 5215 2790 5270 ll.

1887 5287 1976 5352 47)
2013 5290 2263 5344 PosuiIJ
2319 5291 2440 5345 Cor.
2472 5303 2570 5351 ιιι,
2594 5287 2682 5340 28.
3267 5345 3282 5352 _

1887 5293 1952 5345 47
2013 5292 2263 5344 PosuiIJ
2319 5292 2440 5345 Cor.
2472 5292 2682 5351 xn,28.
3267 5345 3282 5352 _

1862 5292 1977 5432 ἶιεξ
2017 5361 2232 5415 Deinde.
2261 5360 2446 5416 Graeca
2475 5361 2585 5421 ed.,
2618 5355 2890 5428 δεύτερον,
2917 5356 2972 5411 id
2997 5366 3082 5414 est
3111 5375 3131 5410 ι
3163 5372 3359 5413 secun-

1797 5431 2209 5571 ἀθζῦλιῑιάεω.
2245 5499 2450 5561 Codex,
2493 5495 2928 5571 xOptj‘ig.__I-.ego,
2959 5495 3215 5571 κομψειᾳ,
3249 5493 3363 5548 Hoc

1797 5565 1970 5627 sensu
1988 5569 2174 5624 Pollux
2213 5571 2308 5628 lib.
2349 5585 2426 5639 v1,
2477 5565 2648 5637 segni.
2676 5565 2809 5634 ⁷125,
2841 5565 3050 5621 κομψόν
3097 5565 3364 5619 «iactato-

1799 5657 1911 5697 rem
1937 5659 1955 5692 ›
1987 5639 2140 5696 dixit.
