3716 6334
336 239 439 292 83⁸1

1561 236 1794 292 DIDYMI
1836 237 1891 291 Α]

2054 236 2307 293 tNDRlNI
3460 234 3542 292 883

337 352 502 406 habet
538 352 712 418 Deus;
750 360 845 405 aut
880 351 1107 406 fortasse
1142 353 1253 423 (50)
1313 354 1485 424 major
1516 356 1614 423 ipsi
1651 372 1778 410 cura
1815 368 1891 412 est

2054 376 2099 411 lX
2163 357 2310 411 ἐστιν
2369 356 2608 428 ἀληθής·
2676 357 2825 411 ἔστιν
2870 360 2898 411 ό
2950 355 3139 427 Πατήρ
3181 372 3283 427 μου
3338 354 3367 407 ὁ
3430 371 3543 425 μαρο

329 444 396 495 tte
424 456 487 493 eo
509 441 598 509 qui
618 441 795 494 minor
821 441 990 513 386
1006 444 1094 497 sit.
1125 443 1297 499 llabet
1331 445 1474 499 enim
1506 447 1618 516 ipse
1648 450 1890 514 omnino,

329 534 428 586 etsi
479 534 530 586 id
570 549 674 585 non
721 534 884 597 dicat,
939 550 1000 588 ex
1066 547 1252 589 natura
1314 553 1434 601 sua,
1477 547 1532 590 ut
1579 539 1751 609 major
1786 546 1891 606 sit;

1991 450 2170 520 τυρῶν
2204 467 2313 519 μοι.
2350 468 2368 499 ι
2389 449 2525 501 Ἀλλ’
2547 449 2633 503 ἵνα
2667 450 2741 521 μὴ
2755 452 2851 503 καὶ
2874 449 3033 503 τοῦτο
3056 448 3193 519 πρὸς
3213 446 3544 517 σμικρότητος

1992 538 2153 593 αὐτοῦ
2182 538 2483 608 νομισθείη,
2506 538 2731 609 ἑτέρωθι
2767 538 2934 605 λέγει·
2967 558 2985 590 ι
3026 538 3143 592 Κᾶν
3166 536 3279 605 ἐγὼ
3318 537 3545 605 μαρτυρῶ

330 639 427 676 nec
477 638 663 676 eorum
716 624 805 692 qui
848 632 992 680 recte
1040 626 1314 689 sentiunt,
1364 627 1648 696 quisquam
1692 632 1757 683 de
1792 630 1891 684 hoc

2054 629 2232 698 .aurt'j),
2271 630 2303 700 ή
2347 629 2617 700 μαρτυρία
2658 646 2759 699 μου
2808 629 3014 699 ἀληθής
3050 629 3217 681 ἐστιν.
3288 644 3305 678 ι
3348 627 3453 679 Καὶ
3505 629 3547 680 ὲν

328 712 555 765 dubitat.
577 710 748 775 Quam
772 715 841 767 ob
855 730 1067 769 causam
1100 718 1175 771 ait
1207 735 1220 770 :
1247 737 1263 768 ι
1288 717 1342 772 Si
1368 736 1465 788 ego
1490 722 1601 793 (51)
1622 723 1895 778 mihimet-

330 805 431 872 ipsi
467 806 829 860 testimonium
865 808 1143 873 perhibeo,
1179 810 1544 864 testimonium
1576 828 1752 866 meum
1781 829 1887 867 non

331 909 413 948 est
447 912 673 961 verum;
715 907 798 950 est
832 897 990 953 Pater
1025 916 1193 967 meus,
1235 904 1325 971 qui
1366 905 1727 959 testimonium
1770 921 1893 973 per-

1990 720 2068 792 τῷ
2104 718 2303 791 πρώτῳ
2346 720 2403 772 δὲ
2452 720 2594 790 λόγῳ
2644 720 2844 783 ἱκανῶς
2895 719 3108 791 ἐδείχθη
3153 719 3284 790 περὶ
3346 716 3467 788 [I85
3506 719 3547 793 αξ

1996 812 2089 865 τοῦ
2109 832 2126 862 ‹
2150 812 2369 881 μείζων,
2393 831 2411 863 ι
2432 812 2565 881 μήτε
2585 812 2704 864 κατ’
2717 811 2922 873 οὐσίαν,
2942 811 2973 880 ἢ
2998 810 3248 881 δύναμιν,
3265 808 3299 878 ἢ
3313 808 3463 873 δόξαν
3476 811 3551 879 τὴν

2000 906 2113 960 ἄνω
2141 903 2411 977 εἰρῆσθαι.
2444 905 2610 956 Φασὶν
2634 903 2691 957 δὲ
2722 904 2813 957 καὶ
2834 905 2879 956 οἱ
2898 902 3025 973 παρ’
3057 901 3315 970 Ἕλλησιν
3342 900 3550 970 δόκιμον

332 988 477 1041 hibet
540 990 690 1044 mihi.
738 1010 757 1042 ι
803 990 909 1046 Sed
959 1008 1025 1048 ne
1057 995 1179 1063 quis
1240 996 1341 1052 hoc
1408 999 1569 1053 etiam
1632 999 1703 1053 ob
1765 1000 1882 1068 ejus
1929 1001 2248 1069 parvitatem
2287 1000 2354 1056 ab
2387 1000 2501 1068 ipso
2535 999 2732 1053 dictum
2768 1007 2951 1067 putet,
3014 997 3139 1050 alibi
3180 998 3256 1049 ait
3303 1014 3316 1048 :
3358 1014 3377 1045 ί
3414 995 3475 1048 Ει
3519 1003 3551 1055 si

332 1096 431 1147 ego
470 1082 579 1153 (52)
606 1085 967 1139 testimonium
1017 1090 1276 1157 perhibeo
1308 1092 1689 1159 mihimetipsi,
1727 1094 2093 1147 testimonium
2119 1109 2295 1146 meum
2319 1107 2505 1147 verum
2524 1093 2759 1147 estnAst
2785 1092 2835 1144 in
2861 1091 3033 1159 primo
3049 1089 3210 1142 etiam
3269 1087 3411 1157 λόγῳ
3464 1088 3551 1157 (53)

332 1175 466 1227 satis
508 1186 783 1229 ostensum
856 1186 972 1243 est,
1028 1180 1316 1235 dictionem
1381 1183 1521 1237 hanc
1581 1202 1598 1233 ι
1635 1184 1804 1251 major
1840 1203 1858 1236 ι
1917 1200 2089 1253 neque
2113 1197 2353 1253 respectu
2381 1184 2661 1249 essentiaa,
2704 1198 2799 1237 nec
2833 1192 3079 1252 respectu
3126 1182 3413 1251 potentize,
3481 1200 3555 1238 nec

336 1261 578 1333 respectu
609 1266 790 1329 gloriae
823 1271 1060 1327 cmlestis
1084 1273 1278 1327 dictam
1312 1274 1497 1330 fuisse.
1544 1276 1680 1343 Quin
1716 1279 1875 1332 etiam
1918 1279 2018 1332 viri
2056 1278 2194 1345 apud
2224 1278 2441 1332 Grtecos
2480 1276 2686 1345 probati
2716 1277 2865 1329 aiunt
2898 1291 2914 1330 :

338 1354 662 1412 Immortalis
694 1377 815 1415 vero
873 1361 1036 1427 Deus,
1096 1382 1366 1438 supremus
1403 1371 1456 1421 in
1522 1372 1709 1422 cet/tere
1756 1373 1904 1425 habi-

1694 1455 1805 1493 (αηδ

1694 1455 1805 1493 mus

341 1493 703 1568 Incorruptus,
753 1504 1115 1568 inconcussus,
1160 1516 1413 1574 retentus,
1464 1440 1900 1579 semperlsimiiis.

950 1596 1101 1652 CAP.
1153 1597 1295 1655 XIX.

408 1680 526 1735 Aiia
569 1700 781 1755 quoque
835 1697 959 1742 sunt
1022 1690 1073 1743 in
1146 1688 1451 1761 Scripturis‘
1491 1694 1743 1758 oracula,
1789 1709 1909 1764 qua:

343 1773 578 1831 haeretici
606 1794 713 1833 non
735 1794 799 1834 eo
825 1794 983 1834 sensu
1019 1793 1361 1852 acceperunt,
1394 1785 1484 1854 qui
1527 1787 1797 1855 supremis
1854 1797 1910 1841 et

344 1864 973 1932 iueomprebensibilibus
1048 1869 1426 1941 hypostasibus
1486 1874 1680 1945 dignus
1739 1885 1904 1930 esset.

349 1952 663 2023 llujusmodi
704 1966 786 2012 est
812 1958 978 2013 illud:
1016 1978 1034 2011 ι
1068 1960 1227 2014 Pater
1252 1961 1365 2032 (54)
1406 1963 1719 2018 mandatum
1755 1964 1905 2018 dedit

348 2046 503 2113 mihi,
533 2046 661 2116 quid
701 2048 893 2113 dicam,
923 2051 1119 2118 etquid
1148 2051 1353 2121 loquar.
1409 2072 1427 2105 ι
1459 2053 1589 2110 Tale
1626 2065 1709 2109 est
1738 2056 1900 2109 etiam

349 2138 490 2206 quod
513 2139 577 2192 de
608 2138 808 2207 Spiritu
851 2154 1040 2196 sancto
1079 2142 1278 2198 dicitur
1311 2169 1320 2199 ;
1351 2164 1368 2195 ι
1405 2148 1443 2198 Α
1468 2147 1757 2216 semetipso
1798 2148 1909 2218 (55)

353 2243 459 2282 non
490 2228 757 2297 loquetur,
796 2232 889 2286 sed
935 2233 1001 2286 de
1034 2248 1151 2287 meo
1186 2236 1444 2305 accipiet,
1486 2248 1537 2292 et
1573 2239 1910 2292 annuntiabit

348 2319 572 2387 vobisp
605 2330 660 2376 et
688 2324 827 2393 quod
862 2325 987 2379 alibi
1021 2326 1216 2395 legitur
1246 2346 1258 2381 :
1293 2346 1311 2377 (
1354 2327 1465 2398 Ego
1490 2346 1518 2382 a
1553 2345 1637 2384 me
1663 2332 1773 2399 ipso
1799 2332 1909 2400 (56)

350 2413 575 2469 locutus
617 2430 721 2469 non
783 2432 950 2483 sum;
1010 2437 1028 2470 ›
1092 2431 1146 2474 et
1197 2435 1407 2481 rursum
1449 2439 1462 2475 :
1516 2440 1534 2471 ι
1585 2420 1736 2476 Sicut
1797 2424 1908 2495 (57)

350 2506 624 2561 mandavit
651 2508 779 2563 mihi
799 2507 976 2575 Pater,
1010 2511 1081 2564 ita
1117 2511 1288 2578 facio;
1331 2531 1347 2563 ι
1378 2522 1429 2566 et
1464 2529 1648 2568 rursus
1678 2534 1689 2569 :
1731 2534 1748 2563 ι
1786 2516 1913 2569 Ser-

352 2616 439 2655 mo
467 2598 601 2673 (58),
637 2618 794 2673 quem
833 2605 1053 2669 auditis,
1081 2620 1184 2659 non
1213 2613 1297 2659 est
1321 2621 1504 2669 meus,
1538 2607 1630 2658 Sed
1666 2606 1781 2675 ejus
1820 2606 1911 2675 qui

363 2690 512 2745 misit
556 2708 660 2746 me.
716 2711 735 2745 ι
769 2694 833 2747 Et
858 2709 975 2762 qua:
1024 2696 1067 2749 is
1116 2696 1291 2749 aﬂinia
1329 2705 1471 2749 sunt.
1516 2694 1735 2751 Talibus
1767 2697 1911 2751 enim

353 2780 712 2838 locutionibus
738 2799 866 2839 usus
884 2795 964 2839 est
994 2784 1274 2849 Dominus,
1294 2797 1562 2855 quatenus
1580 2787 1808 2841 Verbum
1831 2797 1913 2841 est

352 2869 569 2939 Patris;
611 2876 752 2944 quod
804 2878 1094 2932 ostendere
1129 2877 1284 2933 nobis
1314 2877 1476 2932 vellet
1519 2879 1779 2932 unitatem
1812 2894 1912 2931 na-

2021 1370 2337 1436 Ἀθάνιιτος
2376 1369 2444 1423 δὲ
2481 1371 2627 1437 Θεὸς
2674 1368 3125 1437 πανυπέρτατος
3162 1366 3347 1435 αἰθέρι
3376 1366 3555 1433 ναίων,

2013 1511 2309 1578 Ἀφθιτος,
2339 1507 2795 1578 (ἐστυφέλικτος,
2834 1506 3042 1573 ἀΐδιος,
3070 1505 3199 1559 αἰὲν
3223 1505 3443 1575 ὅμοιος.

2650 1601 2805 1653 ΚΕΦ.
2836 1600 2935 1654 ῙΘ¹.

2082 1690 2193 1743 Οὐκ
2233 1690 2483 1759 ἐνόησαν,
2542 1689 2616 1751 ὡς
2669 1689 2813 1741 ἔστιν
2852 1689 2941 1741 ἐπὶ
2976 1688 3085 1740 τῶν
3129 1686 3446 1757 ἀκροτάτων
3489 1686 3561 1738 καὶ

2009 1782 2379 1853 άπερινοήτων
2418 1781 2766 1834 ὑποστάσεων
2804 1780 2980 1850 Θέμις,
3022 1780 3116 1833 καὶ
3141 1779 3223 1841 τὸ,
3256 1798 3275 1829 ι
3317 1779 3373 1831 Ὀ
3400 1778 3561 1847 Πατὴρ

2011 1872 2227 1944 ἐντολήν
2254 1890 2343 1942 μοι
2384 1872 2631 1933 δέδωκεν,
2672 1871 2724 1924 τί
2755 1871 2910 1932 εἴπω,
2942 1870 3101 1923 καὶτί
3138 1870 3373 1939 λαλήσω.
3406 1890 3424 1921 ι
3455 1871 3565 1939 Περὶ

2010 1963 2066 2016 δὲ
2096 1964 2190 2017 τοῦ
2233 1964 2387 2032 ἁγίου
2425 1962 2760 2032 Πνεῦματος·
2809 1981 2827 2011 ι
2871 1963 2987 2032 Ἀφ’
3020 1961 3214 2014 ἐαυτοῦ
3239 1962 3299 2014 οὑ
3340 1961 3563 2030 λαλήσει,

2010 2055 2125 2109 ἀλλ’
2165 2058 2228 2109 ἐκ
2262 2054 2353 2109 τοῦ
2396 2055 2529 2125 ἐμοῦ
2551 2054 2800 2125 λήψεται,
2826 2056 2916 2108 καὶ
2942 2055 3233 2123 ἀναγγελεῖ
3263 2054 3412 2125 ὑμῖνο
3441 2073 3458 2103 ι
3493 2056 3567 2106 καὶ

2012 2147 2254 2219 ἑτέρωθι·
2287 2167 2304 2198 ι
2349 2146 2488 2215 Ἐγὼ
2526 2147 2620 2201 ἀπ’
2660 2146 2895 2217 ἐμαυτοῦ
2916 2147 3014 2200 οὐκ
3039 2146 3293 2217 ἐλάλησα·
3332 2166 3349 2197 ι
3372 2146 3466 2198 καὶ
3483 2147 3569 2198 πά-

2011 2239 2113 2292 λιν·
2148 2259 2167 2290 ι
2208 2238 2403 2301 Καθὼς
2436 2238 2734 2291 ἐνετείλατό
2757 2240 2889 2305 μοιὸ
2927 2237 3134 2309 Πατὴρ,
3170 2236 3341 2299 οὕτως
3374 2237 3565 2288 main

2013 2332 2106 2384 κα)⁸
2136 2330 2315 2384 πάλιν
2352 2348 2369 2381 ι
2430 2329 2487 2383 '0
2534 2328 2689 2397 λόγος
2727 2329 2786 2382 ὃν
2816 2329 3064 2393 ἀκούετε,
3106 2330 3206 2381 οὐκ
3248 2328 3394 2381 ἔστιν
3435 2329 3567 2396 ἐμὸς,

2013 2423 2146 2477 ἀλλὰ
2175 2423 2268 2476 τοῦ
2293 2422 2607 2493 πέμψαντός
2632 2439 2717 2492 με’
2752 2441 2766 2474 ι
2798 2423 2892 2489 xa‘l.
2914 2424 3013 2475 ὃσα
3044 2420 3287 2474 τοιαῦτα.
3316 2420 3571 2481 Τοιοῦτοις

2012 2514 2121 2585 γὰρ
2152 2516 2419 2585 ἐχρήσατο
2443 2515 2677 2584 ῥήμασιν
2714 2514 2742 2565 ὁ
2778 2514 3073 2581 Δεσπότης,
3105 2512 3180 2572 ὡς
3219 2512 3375 2578 λόγος
3395 2511 3469 2562 ὣν
3495 2510 3571 2562 τοῦ

2012 2606 2241 2676 Πατρὺς,
2270 2605 2599 2670 ἐνδείξασθαι
2638 2606 2766 2675 ἡμῖν
2794 2604 3115 2675 βουλόμενος
3154 2604 3251 2672 τὴν
3284 2604 3477 2654 ἕνωσιν
3492 2602 3574 2671 τῆς

2014 2697 2245 2765 φύσεως,
2281 2698 2372 2750 καὶ
2394 2697 2491 2767 τὴν
2528 2698 2764 2767 ἄρρητον
2782 2696 3097 2765 συμφωνίαν
3120 2699 3215 2765 τῆς
3248 2695 3409 2760 ἁγίας
3428 2693 3575 2762 Τριά-

2013 2787 2120 2849 δος,
2154 2787 2247 2838 καὶ
2275 2786 2350 2849 ὡς
2387 2786 2542 2839 κοινὰ
2578 2787 2745 2855 αὐτῆς
2781 2787 2896 2837 ἐστι
2950 2785 3019 2839 τὰ
3043 2786 3366 2855 διδάγματα,
3401 2784 3493 2836 καὶ
3524 2784 3575 2836 οὐ

2013 2877 2293 2930 διεστῶτα.
2340 2879 2453 2930 Πᾶν
2475 2876 2583 2949 γάρ
2614 2877 2838 2947 κτίσμα,
2881 2876 2975 2929 ἐάν
3079 2877 3315 2945 λογικὸν,
3358 2875 3473 2945 ἔχει
3503 2875 3579 2927 θέ-

357 2974 510 3029 turze,
541 2966 931 3023 etineﬂ'abilem
960 2971 1303 3024 concordiam
1338 2984 1767 3040 consensumque
1790 2986 1883 3025 san

2054 2987 2165 3040 ημα
2195 2970 2342 3022 ίδιον·
2366 2969 2414 3035 ὃ,
2448 2970 2522 3033 ὡς
2548 2970 2855 3039 γέγραπται
2878 3008 2891 3029 ,
2918 2968 3293 3037 κατασιγάζει,
3314 2968 3401 3020 ἵνα
3417 2968 3476 3019 τδ
3496 2966 3577 3019 τοῦ

363 3070 464 3114 cta:
488 3057 798 3125 Trinitatis;
838 3071 891 3116 et
912 3062 1052 3129 quod
1081 3062 1251 3132 ipsius
1275 3062 1559 3118 Trinitatis
1597 3064 1915 3117 documenta

358 3150 518 3205 trium
550 3164 900 3219 personarum
923 3155 1228 3207 communia
1257 3157 1385 3221 sint,
1409 3171 1512 3209 non
1533 3170 1661 3209 vero
1682 3156 1913 3212 diversa.

356 3240 490 3294 Nam
522 3241 697 3295 omnis
717 3253 987 3307 creatura,
1021 3243 1065 3298 si
1100 3242 1261 3298 fuerit
1292 3246 1600 3309 rationalis,
1634 3248 1907 3314 propriam

359 3333 521 3387 habet
568 3333 923 3398 voluntatem,
976 3336 1093 3399 cui,
1148 3344 1205 3389 ut
1252 3339 1504 3405 scriptum
1546 3347 1629 3391 est
1661 3337 1807 3407 (59).
1857 3338 1921 3391 si-

360 3424 580 3477 lentium
627 3424 843 3490 indicit,
877 3434 937 3480 ut
963 3442 1029 3481 ex
1066 3425 1156 3481 Dei
1187 3428 1458 3481 voluntate
1489 3427 1761 3496 loquatur.
1799 3428 1922 3481 Ideo

364 3524 653 3592 aliquando
682 3524 898 3595 quidem
930 3540 1049 3595 qua:
1090 3540 1183 3580 sua
1228 3536 1389 3589 sunt,
1414 3524 1651 3595 loquitur
1676 3534 1729 3579 et
1758 3524 1918 3578 facit:

366 3610 659 3679 aliquando
710 3627 839 3669 vero
903 3629 1021 3683 quae
1067 3624 1192 3668 sunt
1246 3614 1379 3681 Dei;
1442 3624 1496 3668 et
1560 3615 1610 3667 in
1656 3614 1923 3683 aliquibus

359 3700 523 3770 337
553 3701 766 3771 quidem
798 3704 957 3759 rebus
988 3705 1264 3773 conspirat
1294 3721 1414 3760 eum
1454 3707 1670 3761 homine
1713 3706 1811 3761 sibi
1852 3706 1925 3759 si-

364 3791 495 3857 mili,
526 3792 577 3846 in
613 3792 883 3863 aliquibus
913 3812 1059 3862 vero,
1093 3798 1193 3850 alia
1228 3797 1356 3850 vult.
1412 3797 1545 3851 Nam
1595 3796 1735 3851 Deus
1790 3796 1921 3851 Ver-

366 3881 490 3934 bum
520 3896 640 3936 cum
668 3884 739 3939 sit
786 3878 1102 3940 Dominator
1128 3896 1183 3940 et
1214 3884 1510 3955 Sapientia,
1543 3896 1759 3940 sanctus
1797 3900 1925 3939 vero

363 3969 457 4023 Dei
490 3972 723 4040 Spiritus
752 3989 875 4029 cum
902 3991 967 4028 ex
996 3976 1111 4045 ipso
1141 3976 1415 4046 procedat,
1442 3985 1494 4030 et
1525 3974 1677 4043 juxta
1704 3976 1926 4045 Aposto-

366 4062 471 4115 Ium
505 4074 777 4119 scrutetur
810 4067 1069 4135 profunda
1090 4069 1224 4136 ejus,
1249 4078 1303 4122 et
1331 4067 1476 4122 solus
1496 4068 1631 4121 sciat
1658 4082 1775 4136 quae
1804 4076 1929 4120 sunt

366 4151 480 4217 Dei,
512 4164 563 4206 et
594 4155 769 4207 divina
802 4156 941 4209 dona
971 4172 1035 4209 ex
1089 4158 1301 4226 propria
1348 4164 1612 4227 potestate
1651 4156 1925 4224 largiatur,

367 4246 568 4298 idcirco
604 4256 889 4315 antequam
925 4249 1176 4318 loquatur
1227 4262 1319 4304 aut
1369 4261 1644 4319 operetur,
1692 4264 1798 4303 non
1831 4265 1925 4303 ex-

367 4346 571 4406 sliectat
598 4339 719 4392 dum
748 4340 949 4405 audiat,
984 4341 1124 4395 sicut
1154 4342 1358 4397 faciunt
1384 4318 1666 4407 creatum,
1690 4356 1807 4410 qua:
1832 4341 1923 4395 Dei
1956 4318 2000 4371 D

367 4427 691 4483 voluntatem
716 4443 821 4483 non
846 4432 1006 4485 modo
1031 4432 1280 4501 ignorare
1304 4441 1548 4501 possunt,
1572 4446 1755 4484 verum
1771 4430 1930 4483 etiam

367 4520 652 4585 aliquando
710 4534 816 4575 non
846 4520 1026 4576 facere
1061 4532 1157 4577 :ut
1194 4539 1312 4577 cum
1341 4524 1680 4577 Abrahamus
1719 4521 1931 4589 quidem

368 4612 619 4667 haesitans
654 4613 729 4667 ait
757 4634 770 4668 :
799 4631 818 4665 ι
856 4613 1105 4683 Nunquid
1137 4614 1269 4685 (60),
1306 4614 1553 4677 Domine,
1582 4611 1627 4666 si
1659 4610 1880 4680 loquar?
1912 4628 1929 4661 ι

369 4702 541 4755 Muses
568 4718 697 4756 vero
729 4704 1025 4769 deprecans
1049 4719 1113 4758 ac
1166 4720 1423 4759 recusans
1453 4720 1469 4759 :
1510 4722 1528 4755 ι
1566 4701 1793 4757 Gracilis
1823 4701 1933 4774 (61)

368 4809 518 4860 voce,
547 4806 598 4848 et
629 4796 817 4850 tardus
846 4797 1026 4867 lingua
1054 4812 1173 4852 sum
1224 4814 1359 4867 ego;
1400 4816 1418 4849 ι
1463 4805 1513 4851 et
1550 4813 1563 4849 :
1604 4815 1621 4847 ι
1674 4793 1932 4860 Obsecro,

441 5014 550 5091 (BD)
592 5017 690 5091 Aut
714 5016 953 5085 fortasse.
982 5016 1187 5091 Grmce,
1216 5020 1249 5091 ἢ
1286 5020 1492 5091 μήποτε
1511 5036 1531 5091 ’γ
1558 5034 1675 5087 quae
1693 5018 1930 5091 formula

374 5085 513 5159 apud
546 5088 835 5159 scriptores
867 5088 1109 5159 maxime
1132 5085 1597 5159 Didytiti'mquales
1622 5088 1782 5153 valet,
1814 5098 1935 5143 «aut

377 5156 619 5224 fortasse,
644 5173 662 5203 ι
707 5162 763 5206 ιιι
792 5156 903 5224 ipse
932 5157 1153 5210 reddidi.

411 5222 557 5300 .(5l)
595 5223 657 5277 Si
705 5222 1031 5300 φοί-10³9.
1082 5242 1133 5285 ν,
1196 5228 1296 5289 51,
1345 5228 1431 5281 52.
1478 5227 1704 5300 Sensum
1756 5228 1935 5294 potius

376 5294 549 5368 citat...
572 5308 736 5368 quam
766 5294 950 5368 verba,
979 5295 1226 5364 idemque
1261 5300 1387 5351 facit
1410 5314 1579 5368 segm.
1603 5297 1708 5351 206
1742 5300 1792 5353 b.

469 5360 558 5432 ὅθ)
599 5360 665 5432 Et
692 5364 736 5417 si
775 5379 885 5432 ego.
919 5364 1071 5419 Joan.
1104 5360 1221 5431 vin,
1256 5368 1340 5420 M.

380 5502 608 5579 primum
643 5502 799 5575 hujus
823 5502 1240 5579 operisAltbrum
1284 5508 1562 5579 referenda
1611 5518 1713 5573 est,
1744 5502 1938 5579 allegat

381 5570 749 5641 lticDitlymus
779 5570 937 5639 caput
966 5574 1030 5628 16
1063 5574 1299 5640 ejusdem
1338 5578 1481 5631 ttbri.

450 5640 561 5701 (54)
596 5640 780 5697 Pater.
811 5642 963 5698 .loan.
1001 5660 1096 5709 xu,
1126 5645 1213 5699 49.

2017 3061 2149 3113 Θεοῦ
2174 3060 2380 3131 θέλημα
2407 3060 2556 3131 εἴπῃ.
2599 3060 2687 3113 Διὸ
2713 3060 2840 3112 ποτὲ
2866 3061 2963 3130 μὲν
2989 3062 3057 3113 τά
3098 3059 3288 3112 ἑαυτοῦ
3322 3059 3475 3112 λαλεῖ
3498 3059 3580 3111 καὶ

2019 3156 2178 3217 ποιεῖ,
2203 3154 2328 3207 ποτὲ
2346 3154 2401 3206 δὲ
2416 3152 2481 3205 τὰ
2502 3152 2593 3205 τοῦ
2612 3153 2766 3205 θεοῦο
2788 3156 2879 3205 καὶ
2895 3154 2974 3215 είς
2989 3152 3103 3206 ἔνια
3123 3153 3220 3221 μὲν
3237 3170 3297 3204 σν
3307 3153 3499 3222 μπνέει
3515 3151 3582 3221 τῷ

2018 3246 2186 3316 ὁμοίῳ
2208 3244 2506 3314 ἀνθρώπῳ·
2538 3245 2615 3306 εἰς
2646 3243 2761 3296 ἔνια
2794 3244 2871 3309 δέ,
2894 3244 3057 3314 ἐτερα
3091 3244 3359 3314 βούλεται.
3402 3244 3459 3295 '0
3484 3243 3581 3312 γὰρ

2020 3335 2152 3398 Θεὸς
2201 3336 2372 3404 Λόγος
2408 3334 2759 3405 ἐξουσιαστὴς
2791 3334 2866 3386 ὢν
2904 3336 2997 3387 καὶ
3030 3336 3211 3403 σοφία,
3250 3335 3329 3387 ἔτι
3365 3334 3473 3405 μὴν
3500 3335 3583 3386 καὶ

2019 3426 2080 3479 τὸ
2122 3426 2276 3494 ἅγιον
2308 3425 2537 3495 Πνεῦμα
2568 3424 2664 3477 τοῦ
2696 3424 2829 3477 θεοῦ
2865 3426 3294 3496 ἐκπορευόμενον
3332 3426 3461 3495 παρ’
3493 3426 3580 3476 αὖ·

2022 3516 2148 3580 τοῦ,
2185 3518 2279 3569 καὶ
2328 3516 2470 3569 κατὰ
2513 3517 2605 3569 τὸν
2651 3516 2995 3578 Ἀπόστολον,
3054 3517 3285 3589 ἐρευνῶν
3332 3516 3403 3569 τά
3452 3516 3583 3587 βάθη

2024 3610 2210 3676 αὐτοῦ,
2254 3611 2347 3663 καὶ
2397 3610 2555 3680 μόνον
2586 3609 2724 3672 εἶδός
2756 3610 2825 3662 τὰ
2855 3609 2949 3661 τοῦ
2982 3607 3139 3671 Θεοῦ,
3177 3608 3301 3662 κατὶ
3347 3608 3587 3674 ἐξουσίαν

2031 3702 2269 3773 παρέχον
2312 3701 2409 3764 τάς
2448 3701 2600 3764 θείας
2652 3701 2883 3772 δωρεὰς,
2932 3702 3031 3753 οὐκ
3077 3700 3202 3770 1184
3238 3699 3290 3771 b]
3335 3700 3586 3769 ἀναμένει

2026 3794 2280 3857 ἀκοῦσαι,
2324 3794 2415 3846 καὶ
2464 3794 2637 3855 οὕτως
2686 3795 2881 3856 εἰπεῖν,
2918 3792 2950 3862 ἣ
2992 3793 3237 3861 ποιῆσαι,
3277 3793 3354 3855 ὡς
3384 3792 3450 3843 τὰ
3481 3790 3588 3843 κτί-

2028 3900 2209 3953 σματα
2230 3902 2243 3913 σ
2275 3884 2417 3954 ἆπερ
2447 3883 2692 3950 πέφυκεν
2720 3883 2779 3934 οὑ
2815 3881 2975 3951 μόνον
3006 3881 3099 3934 τοῦ
3126 3880 3261 3933 Θεοῦ
3292 3882 3356 3933 τὸ
3386 3881 3590 3954 θέλημα

2026 3978 2260 4045 ἀγνοεῖν,
2293 3975 2405 4027 ἀλλ’
2436 3974 2546 4027 ἐσθ’
2578 3977 2664 4028 ὅτε
2695 3974 2788 4027 καὶ
2816 3974 2892 4044 μὴ
2917 3976 3092 4027 ποιεῖν
3114 3991 3127 4005 ο
3153 3975 3227 4038 ὡς
3250 3974 3414 4045 ἡνίκα
3438 3974 3587 4043 λέγῃ,

2026 4070 2054 4121 ὁ
2104 4067 2203 4138 μὲν
2263 4066 2514 4137 Ἀϐραάμ
2568 4066 2889 4130 ἐνδοιάζων·
2940 4083 2958 4117 ι
2996 4067 3087 4135 Μή
3128 4083 3199 4128 τι,
3240 4064 3450 4136 Κύριε.
3500 4068 3589 4116 ἐὰν

2028 4160 2275 4229 λαλήσω;
2320 4179 2336 4210 ι
2387 4160 2445 4211 '0
2473 4159 2528 4210 δὲ
2559 4160 2799 4229 Μωῦσῆς
2832 4157 3301 4229 παραιτούμενος
3345 4176 3362 4208 ι
3408 4156 3592 4226 ’ἰσχνό-

2032 4269 2207 4316 φωνος
2237 4252 2330 4304 καὶ
2360 4249 2774 4321 βραδῦγλωσσός
2805 4251 2920 4319 είμι
2944 4247 3081 4318 ἐγιίν
3117 4266 3136 4299 ι
3169 4248 3284 4312 καὶ,
3324 4267 3341 4298 t
3370 4248 3589 4316 Δέομαι,

2030 4345 2230 4415 Κύριεο
2266 4344 2327 4396 οὐ
2362 4343 2595 4413 δύναμαι
2635 4343 2794 4412 μόνος
2823 4342 3010 4412 φέρειν
3042 4342 3105 4393 τὸ
3144 4340 3310 4411 βάρος
3337 4339 3429 4392 τοῦ
3464 4336 3592 4390 λαοῦ

2031 4434 2253 4486 τούτου·
2294 4432 2639 4503 προχείρισαι
2678 4431 2837 4485 ἄλλον
2878 4429 3113 4499 σεαυτῷ.
3162 4448 3181 4481 ι
3219 4430 3330 4483 Καὶ
3388 4426 3594 4497 ’Δαρὼν

2032 4525 2125 4577 καὶ
2146 4524 2381 4595 Μαριὰμ
2406 4524 2585 4594 οἰκεία
2607 4524 2817 4594 κινήσει
2846 4520 3257 4594 ἐθρασύνθησαν
3273 4519 3417 4573 κατὰ
3433 4521 3595 4571 Muri-

2033 4616 2192 4679 σέως,
2232 4617 2319 4668 ὅτε
2368 4617 2463 4669 καὶ
2496 4614 2819 4685 ἐλεπρίασεν
2854 4615 2887 4685 ἡ
2921 4613 3183 4684 Μαριὰμ,
3224 4611 3321 4664 καὶ
3353 4610 3594 4680 ὠργίσθη

2032 4707 2189 4777 θυμῷ
2222 4706 2446 4779 Κύριος.
2500 4706 2659 4759 Ἀλλὰ
2701 4708 2795 4759 καὶ
2839 4706 3023 4769 Δαυῖδ,
3058 4706 3117 4757 τὸ
3160 4702 3353 4757 ἐαυτοῦ
3384 4702 3598 4770 θέλημα

2034 4799 2236 4864 ποιῶν,
2284 4800 2379 4851 καὶ
2430 4798 2678 4869 ἀριθμῶν
2726 4798 2815 4851 τὸν
2864 4797 3029 4861 λαὸν,
3090 4797 3425 4866 ἐπιτιμᾶται.
3486 4790 3598 4844 Καὶ

2126 5016 2213 5087 55)
2254 5019 2294 5087 Α
2331 5020 2617 5083 semetipso.
2651 5016 2801 5070 Joan.
2836 5034 2944 5077 xw,
3002 5019 3087 5076 15,
3124 5018 3207 5071 14.

2125 5088 2214 5149 56)
2256 5086 2368 5155 Ego
2398 5106 2427 5138 η
2458 5104 2534 5140 me
2565 5090 2693 5153 ipso.
2722 5087 2877 5140 10m.
2912 5104 3006 5151 xtl,
3042 5088 3128 5140 49.

2104 5155 2215 5224 (57)
2256 5156 2423 5209 Sicut.
2457 5156 2608 5209 Joatt.
2642 5173 2753 5220 xlv,
2784 5158 2872 5211 51.

2125 5227 2213 5289 58)
2255 5228 2457 5279 Sermo.
2490 5226 2619 5279 Ibid.
2648 5226 2735 5279 24.

2125 5234 2213 5289 58)
2255 5234 2457 5279 Sermo.
2490 5234 2619 5279 Ibid.
2648 5234 2735 5279 Ἡ.

2102 5234 2215 5365 (59)
2257 5296 2323 5349 Ut
2351 5298 2605 5365 scriptum
2634 5310 2727 5349 est.
2764 5296 3062 5360 Quemnam
3094 5296 3386 5364 Scriptura:
3419 5297 3603 5352 locum

2039 5368 2310 5435 respiciat,
2354 5364 2538 5420 nescio
2568 5384 2581 5419 :
2615 5365 2716 5420 nisi
2766 5367 2900 5418 forte
2956 5369 3173 5435 respicit
3206 5368 3329 5419 illud
3353 5367 3598 5422 Christi.

469 5361 535 5415 ὅθ
599 5361 736 5417 Etsi
775 5379 885 5432 ego.
919 5364 1071 5419 Joan.
1104 5361 1221 5431 vin,
1256 5368 1340 5420 M.
1472 5361 1497 5368 ”

446 5361 558 5507 (55)
599 5431 665 5485 1η
707 5435 1162 5507 primonalo'rtp.
1214 5439 1269 5490 Si
1306 5452 1403 5491 vox
1449 5437 1649 5499 istltmc,
1678 5436 1839 5507 λόγῳ,
1875 5456 1891 5492 ε

2054 5361 2310 5431 'espiciat,
2354 5361 2538 5420 nescio
2568 5384 2581 5419 :
2615 5365 2716 5420 nisi
2766 5367 2900 5418 forte
2956 5369 3173 5435 respicit
3206 5361 3329 5419 illud
3353 5367 3486 5421 Chri:

2054 5450 2061 5482 ι
2100 5434 2475 5507 Verumtamen
2508 5451 2615 5507 non
2644 5451 2759 5488 mea
2793 5436 3056 5507 voluntas,
3088 5438 3181 5492 sed
3212 5448 3301 5491 tua
3332 5439 3439 5493 bat.
3462 5454 3486 5491 ι

2107 5502 2219 5574 (60)
2264 5504 2534 5574 Nunquid.
2577 5504 2713 5558 Gen.
2752 5522 2904 5565 xvm,
2940 5506 3029 5564 30.

2109 5572 2221 5637 (6H
2261 5572 2507 5629 Gracilis.
2562 5576 2729 5629 Exod.
2762 5591 2831 5640 tv,
2867 5574 2951 5627 10.
