  <div class='ocr_page' id='page_1' title='image "/cluster/home/n/w/nwhite01/storage/ocr_20150623/39/hvd.32044019207778/452.png"; bbox 0 0 3740 6304; ppageno 0'>
   <div class='ocr_carea' id='block_1_1' title="bbox 153 256 245 312">
    <p class='ocr_par' dir='ltr' id='par_1_1' title="bbox 153 256 245 312">
     <span class='ocr_line' id='line_1_1' title="bbox 153 256 245 312; baseline 0.011 -1"><span class='ocrx_word' id='word_1_1' title='bbox 153 256 245 312; x_wconf 83' lang='lat'><strong>839</strong></span> 
     </span>
    </p>
   </div>
   <div class='ocr_carea' id='block_1_2' title="bbox 1220 258 2313 321">
    <p class='ocr_par' dir='ltr' id='par_1_2' title="bbox 1220 258 2313 321">
     <span class='ocr_line' id='line_1_2' title="bbox 1220 258 2313 321; baseline 0.007 -9"><span class='ocrx_word' id='word_1_2' title='bbox 1220 258 1310 313; x_wconf 84' lang='lat' dir='ltr'><strong>DE</strong></span> <span class='ocrx_word' id='word_1_3' title='bbox 1343 258 1716 317; x_wconf 77' lang='lat' dir='ltr'><strong>TRINITATE</strong></span> <span class='ocrx_word' id='word_1_4' title='bbox 1754 262 1952 317; x_wconf 73' lang='lat' dir='ltr'><strong>LIBER</strong></span> <span class='ocrx_word' id='word_1_5' title='bbox 1992 262 2313 321; x_wconf 84' lang='lat' dir='ltr'><strong>TERTIUS.</strong></span> 
     </span>
    </p>
   </div>
   <div class='ocr_carea' id='block_1_3' title="bbox 3255 267 3359 324">
    <p class='ocr_par' dir='ltr' id='par_1_3' title="bbox 3255 267 3359 324">
     <span class='ocr_line' id='line_1_3' title="bbox 3255 267 3359 324; baseline 0.048 -4"><span class='ocrx_word' id='word_1_6' title='bbox 3255 267 3359 324; x_wconf 82' lang='lat'><strong>890</strong></span> 
     </span>
    </p>
   </div>
   <div class='ocr_carea' id='block_1_4' title="bbox 162 367 1686 452">
    <p class='ocr_par' dir='ltr' id='par_1_4' title="bbox 162 367 1686 448">
     <span class='ocr_line' id='line_1_4' title="bbox 162 367 1686 448; baseline 0.003 -22"><span class='ocrx_word' id='word_1_7' title='bbox 162 367 407 443; x_wconf 73' lang='grc' dir='ltr'><strong>Ἱερεμίας</strong></span> <span class='ocrx_word' id='word_1_8' title='bbox 439 368 517 433; x_wconf 81' lang='grc' dir='ltr'>δὲ,</span> <span class='ocrx_word' id='word_1_9' title='bbox 553 368 702 439; x_wconf 78' lang='grc' dir='ltr'>παρὰ</span> <span class='ocrx_word' id='word_1_10' title='bbox 744 369 947 423; x_wconf 79' lang='grc' dir='ltr'>σκοπὸν</span> <span class='ocrx_word' id='word_1_11' title='bbox 974 370 1069 424; x_wconf 87' lang='grc' dir='ltr'><strong>τοῦ</strong></span> <span class='ocrx_word' id='word_1_12' title='bbox 1099 370 1421 438; x_wconf 84' lang='grc' dir='ltr'>ἁνεξικάκου</span> <span class='ocrx_word' id='word_1_13' title='bbox 1456 376 1552 429; x_wconf 78' lang='grc' dir='ltr'>καὶ</span> <span class='ocrx_word' id='word_1_14' title='bbox 1586 378 1686 448; x_wconf 81' lang='grc' dir='ltr'>άμ-</span> 
     </span>
    </p>
   </div>
   <div class='ocr_carea' id='block_1_5' title="bbox 1859 367 3359 452">
    <p class='ocr_par' dir='ltr' id='par_1_5' title="bbox 1859 377 3359 452">
     <span class='ocr_line' id='line_1_5' title="bbox 1859 377 3359 452; baseline 0.006 -22"><span class='ocrx_word' id='word_1_15' title='bbox 1859 378 2014 432; x_wconf 82' lang='lat' dir='ltr'><strong>nnine</strong></span> <span class='ocrx_word' id='word_1_16' title='bbox 2041 377 2152 448; x_wconf 72' lang='lat'><strong>(69.)</strong></span> <span class='ocrx_word' id='word_1_17' title='bbox 2184 395 2198 431; x_wconf 90' lang='lat'><strong>:</strong></span> <span class='ocrx_word' id='word_1_18' title='bbox 2230 393 2334 432; x_wconf 93' lang='lat' dir='ltr'><strong>non</strong></span> <span class='ocrx_word' id='word_1_19' title='bbox 2386 392 2602 447; x_wconf 89' lang='lat' dir='ltr'><strong>possum</strong></span> <span class='ocrx_word' id='word_1_20' title='bbox 2623 378 2768 435; x_wconf 87' lang='lat' dir='ltr'><strong>solus</strong></span> <span class='ocrx_word' id='word_1_21' title='bbox 2795 378 2936 434; x_wconf 86' lang='lat' dir='ltr'><strong>ferre</strong></span> <span class='ocrx_word' id='word_1_22' title='bbox 2958 379 3163 451; x_wconf 87' lang='lat' dir='ltr'><strong>pondus</strong></span> <span class='ocrx_word' id='word_1_23' title='bbox 3182 382 3359 452; x_wconf 83' lang='lat' dir='ltr'><strong>populi</strong></span> 
     </span>
    </p>
   </div>
   <div class='ocr_carea' id='block_1_6' title="bbox 150 457 1691 535">
    <p class='ocr_par' dir='ltr' id='par_1_6' title="bbox 150 457 1691 535">
     <span class='ocr_line' id='line_1_6' title="bbox 150 457 1691 535; baseline 0.003 -21"><span class='ocrx_word' id='word_1_24' title='bbox 150 462 429 531; x_wconf 85' lang='grc' dir='ltr'>νησικάκου</span> <span class='ocrx_word' id='word_1_25' title='bbox 460 458 597 513; x_wconf 90' lang='grc' dir='ltr'>Θεοῦ</span> <span class='ocrx_word' id='word_1_26' title='bbox 625 457 795 512; x_wconf 80' lang='grc' dir='ltr'>εἰπών</span> <span class='ocrx_word' id='word_1_27' title='bbox 817 476 831 490; x_wconf 76' lang='grc' dir='ltr'><strong>ο</strong></span> <span class='ocrx_word' id='word_1_28' title='bbox 868 479 889 512; x_wconf 77' lang='grc' dir='ltr'><strong>ι</strong></span> <span class='ocrx_word' id='word_1_29' title='bbox 944 462 1227 534; x_wconf 82' lang='grc' dir='ltr'>Νεὼτερός</span> <span class='ocrx_word' id='word_1_30' title='bbox 1269 467 1387 535; x_wconf 77' lang='grc' dir='ltr'>ειμι</span> <span class='ocrx_word' id='word_1_31' title='bbox 1423 463 1553 534; x_wconf 84' lang='grc' dir='ltr'>ἐγὼ,</span> <span class='ocrx_word' id='word_1_32' title='bbox 1594 468 1691 520; x_wconf 78' lang='grc' dir='ltr'>καὶ</span> 
     </span>
    </p>
   </div>
   <div class='ocr_carea' id='block_1_7' title="bbox 150 548 1689 626">
    <p class='ocr_par' dir='ltr' id='par_1_7' title="bbox 150 548 1689 626">
     <span class='ocr_line' id='line_1_7' title="bbox 150 548 1689 626; baseline 0.002 -21"><span class='ocrx_word' id='word_1_33' title='bbox 150 552 205 605; x_wconf 75' lang='grc' dir='ltr'><strong>οὐ</strong></span> <span class='ocrx_word' id='word_1_34' title='bbox 231 549 456 619; x_wconf 78' lang='grc' dir='ltr'>δύναμαι</span> <span class='ocrx_word' id='word_1_35' title='bbox 498 548 880 620; x_wconf 75' lang='grc' dir='ltr'><strong>προφητεύειν,</strong></span> <span class='ocrx_word' id='word_1_36' title='bbox 914 568 933 601; x_wconf 72' lang='grc' dir='ltr'><strong>ι</strong></span> <span class='ocrx_word' id='word_1_37' title='bbox 976 551 1196 605; x_wconf 73' lang='grc' dir='ltr'>ἀκούειο</span> <span class='ocrx_word' id='word_1_38' title='bbox 1240 573 1258 605; x_wconf 79' lang='grc' dir='ltr'><strong>ι</strong></span> <span class='ocrx_word' id='word_1_39' title='bbox 1296 554 1389 626; x_wconf 81' lang='grc' dir='ltr'><strong>Μὴ</strong></span> <span class='ocrx_word' id='word_1_40' title='bbox 1416 554 1564 624; x_wconf 81' lang='grc' dir='ltr'>λέγε,</span> <span class='ocrx_word' id='word_1_41' title='bbox 1607 556 1689 608; x_wconf 84' lang='grc' dir='ltr'>ὅτι</span> 
     </span>
    </p>
   </div>
   <div class='ocr_carea' id='block_1_8' title="bbox 152 638 1688 712">
    <p class='ocr_par' dir='ltr' id='par_1_8' title="bbox 152 638 1688 712">
     <span class='ocr_line' id='line_1_8' title="bbox 152 638 1688 712; baseline 0.006 -20"><span class='ocrx_word' id='word_1_42' title='bbox 152 639 409 709; x_wconf 80' lang='grc' dir='ltr'>Νεώτερός</span> <span class='ocrx_word' id='word_1_43' title='bbox 436 640 556 709; x_wconf 82' lang='grc' dir='ltr'>εἰμι</span> <span class='ocrx_word' id='word_1_44' title='bbox 587 638 714 706; x_wconf 85' lang='grc' dir='ltr'>ἐγώ.</span> <span class='ocrx_word' id='word_1_45' title='bbox 754 660 773 690; x_wconf 74' lang='grc' dir='ltr'><strong>ι</strong></span> <span class='ocrx_word' id='word_1_46' title='bbox 808 642 917 694; x_wconf 72' lang='lat' dir='ltr'><strong>Kal</strong></span> <span class='ocrx_word' id='word_1_47' title='bbox 946 644 975 694; x_wconf 98' lang='lat'><strong>6</strong></span> <span class='ocrx_word' id='word_1_48' title='bbox 1009 643 1195 707; x_wconf 81' lang='grc' dir='ltr'>Ἰωνᾶς</span> <span class='ocrx_word' id='word_1_49' title='bbox 1217 644 1295 707; x_wconf 78' lang='grc' dir='ltr'><strong>δὲ,</strong></span> <span class='ocrx_word' id='word_1_50' title='bbox 1326 646 1474 712; x_wconf 71' lang='grc' dir='ltr'>ἴδιον,</span> <span class='ocrx_word' id='word_1_51' title='bbox 1505 647 1601 701; x_wconf 76' lang='grc' dir='ltr'>καὶ</span> <span class='ocrx_word' id='word_1_52' title='bbox 1628 648 1688 701; x_wconf 78' lang='grc' dir='ltr'><strong>οὐ</strong></span> 
     </span>
    </p>
   </div>
   <div class='ocr_carea' id='block_1_9' title="bbox 154 730 1692 807">
    <p class='ocr_par' dir='ltr' id='par_1_9' title="bbox 154 730 1692 807">
     <span class='ocr_line' id='line_1_9' title="bbox 154 730 1692 807; baseline 0.005 -22"><span class='ocrx_word' id='word_1_53' title='bbox 154 731 237 785; x_wconf 84' lang='grc' dir='ltr'><strong>τοῦ</strong></span> <span class='ocrx_word' id='word_1_54' title='bbox 264 731 393 783; x_wconf 87' lang='grc' dir='ltr'>Θεοῦ</span> <span class='ocrx_word' id='word_1_55' title='bbox 440 730 612 783; x_wconf 83' lang='grc' dir='ltr'>ποιῶν</span> <span class='ocrx_word' id='word_1_56' title='bbox 650 731 883 802; x_wconf 74' lang='grc' dir='ltr'>θέλημα,</span> <span class='ocrx_word' id='word_1_57' title='bbox 920 733 1088 805; x_wconf 84' lang='grc' dir='ltr'>πλοίῳ</span> <span class='ocrx_word' id='word_1_58' title='bbox 1118 737 1334 801; x_wconf 77' lang='grc' dir='ltr'>ἐπιϐὰς,</span> <span class='ocrx_word' id='word_1_59' title='bbox 1378 739 1568 807; x_wconf 83' lang='grc' dir='ltr'><strong>φεύγει</strong></span> <span class='ocrx_word' id='word_1_60' title='bbox 1611 741 1692 803; x_wconf 78' lang='grc' dir='ltr'>εἰς</span> 
     </span>
    </p>
   </div>
   <div class='ocr_carea' id='block_1_10' title="bbox 150 822 1687 902">
    <p class='ocr_par' dir='ltr' id='par_1_10' title="bbox 150 822 1687 902">
     <span class='ocr_line' id='line_1_10' title="bbox 150 822 1687 902; baseline 0.005 -25"><span class='ocrx_word' id='word_1_61' title='bbox 150 826 357 895; x_wconf 79' lang='grc' dir='ltr'><strong>Θαρσεῖς</strong></span> <span class='ocrx_word' id='word_1_62' title='bbox 389 825 453 876; x_wconf 84' lang='grc' dir='ltr'>ἐκ</span> <span class='ocrx_word' id='word_1_63' title='bbox 483 822 775 894; x_wconf 83' lang='grc' dir='ltr'><strong>προσώπου</strong></span> <span class='ocrx_word' id='word_1_64' title='bbox 811 825 906 877; x_wconf 84' lang='grc' dir='ltr'><strong>τοῦ</strong></span> <span class='ocrx_word' id='word_1_65' title='bbox 954 828 1233 898; x_wconf 81' lang='grc' dir='ltr'><strong>πανταχοῦ</strong></span> <span class='ocrx_word' id='word_1_66' title='bbox 1268 829 1420 893; x_wconf 69' lang='grc' dir='ltr'>ὄντος</span> <span class='ocrx_word' id='word_1_67' title='bbox 1461 831 1687 902; x_wconf 83' lang='grc' dir='ltr'>Κυρίου.</span> 
     </span>
    </p>
   </div>
   <div class='ocr_carea' id='block_1_11' title="bbox 151 911 1687 990">
    <p class='ocr_par' dir='ltr' id='par_1_11' title="bbox 151 911 1687 990">
     <span class='ocr_line' id='line_1_11' title="bbox 151 911 1687 990; baseline 0.006 -27"><span class='ocrx_word' id='word_1_68' title='bbox 151 914 245 964; x_wconf 75' lang='grc' dir='ltr'><strong>Καὶ</strong></span> <span class='ocrx_word' id='word_1_69' title='bbox 288 911 495 975; x_wconf 79' lang='grc' dir='ltr'>Παῦλος</span> <span class='ocrx_word' id='word_1_70' title='bbox 529 912 660 983; x_wconf 73' lang='grc' dir='ltr'>περὶ</span> <span class='ocrx_word' id='word_1_71' title='bbox 701 913 812 964; x_wconf 82' lang='grc' dir='ltr'>τῶν</span> <span class='ocrx_word' id='word_1_72' title='bbox 845 914 1161 969; x_wconf 82' lang='grc' dir='ltr'>ἀποστόλων</span> <span class='ocrx_word' id='word_1_73' title='bbox 1193 918 1463 982; x_wconf 85' lang='grc' dir='ltr'>Γαλάταις</span> <span class='ocrx_word' id='word_1_74' title='bbox 1495 921 1687 990; x_wconf 74' lang='grc' dir='ltr'>φησίψ</span> 
     </span>
    </p>
   </div>
   <div class='ocr_carea' id='block_1_12' title="bbox 156 1003 1690 1083">
    <p class='ocr_par' dir='ltr' id='par_1_12' title="bbox 156 1003 1690 1083">
     <span class='ocr_line' id='line_1_12' title="bbox 156 1003 1690 1083; baseline 0.007 -29"><span class='ocrx_word' id='word_1_75' title='bbox 156 1023 171 1054; x_wconf 85' lang='grc' dir='ltr'><strong>ι</strong></span> <span class='ocrx_word' id='word_1_76' title='bbox 212 1003 340 1056; x_wconf 76' lang='grc' dir='ltr'>Ἀλλ’</span> <span class='ocrx_word' id='word_1_77' title='bbox 385 1005 472 1057; x_wconf 83' lang='grc' dir='ltr'>ὅτε</span> <span class='ocrx_word' id='word_1_78' title='bbox 512 1003 646 1067; x_wconf 81' lang='grc' dir='ltr'>ἴδον,</span> <span class='ocrx_word' id='word_1_79' title='bbox 688 1005 770 1056; x_wconf 84' lang='grc' dir='ltr'><strong>ὅτι</strong></span> <span class='ocrx_word' id='word_1_80' title='bbox 827 1006 924 1059; x_wconf 74' lang='grc' dir='ltr'><strong>οὐκ</strong></span> <span class='ocrx_word' id='word_1_81' title='bbox 977 1006 1363 1077; x_wconf 80' lang='grc' dir='ltr'>ὀρθοποδοῦσιν</span> <span class='ocrx_word' id='word_1_82' title='bbox 1412 1012 1548 1083; x_wconf 86' lang='grc' dir='ltr'>πρὸς</span> <span class='ocrx_word' id='word_1_83' title='bbox 1592 1013 1690 1083; x_wconf 83' lang='grc' dir='ltr'><strong>τὴν</strong></span> 
     </span>
    </p>
   </div>
   <div class='ocr_carea' id='block_1_13' title="bbox 150 1094 1692 1173">
    <p class='ocr_par' dir='ltr' id='par_1_13' title="bbox 150 1094 1692 1173">
     <span class='ocr_line' id='line_1_13' title="bbox 150 1094 1692 1173; baseline 0.005 -24"><span class='ocrx_word' id='word_1_84' title='bbox 150 1096 377 1165; x_wconf 81' lang='grc' dir='ltr'>ἀλήθειαν</span> <span class='ocrx_word' id='word_1_85' title='bbox 397 1094 493 1148; x_wconf 86' lang='grc' dir='ltr'><strong>τοῦ</strong></span> <span class='ocrx_word' id='word_1_86' title='bbox 522 1097 881 1166; x_wconf 81' lang='grc' dir='ltr'>Εὐαγγελίου,</span> <span class='ocrx_word' id='word_1_87' title='bbox 909 1094 1063 1153; x_wconf 76' lang='grc' dir='ltr'>εἷπον</span> <span class='ocrx_word' id='word_1_88' title='bbox 1096 1100 1172 1170; x_wconf 81' lang='grc' dir='ltr'><strong>τῷ</strong></span> <span class='ocrx_word' id='word_1_89' title='bbox 1194 1103 1359 1172; x_wconf 78' lang='grc' dir='ltr'>Κηφᾷ</span> <span class='ocrx_word' id='word_1_90' title='bbox 1384 1101 1692 1173; x_wconf 77' lang='grc' dir='ltr'>ἔμπροσθεν</span> 
     </span>
    </p>
   </div>
   <div class='ocr_carea' id='block_1_14' title="bbox 151 1186 1687 1262">
    <p class='ocr_par' dir='ltr' id='par_1_14' title="bbox 151 1186 1687 1262">
     <span class='ocr_line' id='line_1_14' title="bbox 151 1186 1687 1262; baseline 0.005 -21"><span class='ocrx_word' id='word_1_91' title='bbox 151 1187 344 1241; x_wconf 83' lang='grc' dir='ltr'>πάντων</span> <span class='ocrx_word' id='word_1_92' title='bbox 378 1206 397 1238; x_wconf 79' lang='grc' dir='ltr'><strong>ι</strong></span> <span class='ocrx_word' id='word_1_93' title='bbox 428 1186 577 1241; x_wconf 82' lang='grc' dir='ltr'>τάδε.</span> <span class='ocrx_word' id='word_1_94' title='bbox 615 1189 733 1242; x_wconf 86' lang='grc' dir='ltr'>Ἵνα</span> <span class='ocrx_word' id='word_1_95' title='bbox 764 1188 821 1241; x_wconf 88' lang='grc' dir='ltr'>δὲ</span> <span class='ocrx_word' id='word_1_96' title='bbox 857 1190 1351 1262; x_wconf 84' lang='grc' dir='ltr'>πληροφορηθῶσιν</span> <span class='ocrx_word' id='word_1_97' title='bbox 1375 1194 1425 1247; x_wconf 81' lang='grc' dir='ltr'>οἱ</span> <span class='ocrx_word' id='word_1_98' title='bbox 1450 1196 1687 1260; x_wconf 75' lang='grc' dir='ltr'>ἄπιστοι,</span> 
     </span>
    </p>
   </div>
   <div class='ocr_carea' id='block_1_15' title="bbox 150 1278 1690 1357">
    <p class='ocr_par' dir='ltr' id='par_1_15' title="bbox 150 1278 1690 1357">
     <span class='ocr_line' id='line_1_15' title="bbox 150 1278 1690 1357; baseline 0.006 -27"><span class='ocrx_word' id='word_1_99' title='bbox 150 1278 246 1346; x_wconf 85' lang='grc' dir='ltr'>εῐγε</span> <span class='ocrx_word' id='word_1_100' title='bbox 279 1278 340 1348; x_wconf 82' lang='grc' dir='ltr'>δὴ</span> <span class='ocrx_word' id='word_1_101' title='bbox 363 1278 471 1349; x_wconf 82' lang='grc' dir='ltr'>ἄρα</span> <span class='ocrx_word' id='word_1_102' title='bbox 501 1278 597 1331; x_wconf 79' lang='grc' dir='ltr'><strong>καὶ</strong></span> <span class='ocrx_word' id='word_1_103' title='bbox 628 1279 1143 1352; x_wconf 85' lang='grc' dir='ltr'>πληροφορηθῶσιν,</span> <span class='ocrx_word' id='word_1_104' title='bbox 1172 1284 1392 1355; x_wconf 79' lang='grc' dir='ltr'>ἀνάγκη</span> <span class='ocrx_word' id='word_1_105' title='bbox 1415 1285 1690 1357; x_wconf 85' lang='grc' dir='ltr'>μακρῦναι</span> 
     </span>
    </p>
   </div>
   <div class='ocr_carea' id='block_1_16' title="bbox 148 1367 1690 1444">
    <p class='ocr_par' dir='ltr' id='par_1_16' title="bbox 148 1367 1690 1444">
     <span class='ocr_line' id='line_1_16' title="bbox 148 1367 1690 1444; baseline 0.007 -25"><span class='ocrx_word' id='word_1_106' title='bbox 148 1368 227 1420; x_wconf 83' lang='grc' dir='ltr'><strong>τὸν</strong></span> <span class='ocrx_word' id='word_1_107' title='bbox 263 1367 433 1436; x_wconf 87' lang='grc' dir='ltr'>λόγον.</span> <span class='ocrx_word' id='word_1_108' title='bbox 476 1367 594 1438; x_wconf 72' lang='grc' dir='ltr'><strong>Πρὸ</strong></span> <span class='ocrx_word' id='word_1_109' title='bbox 643 1370 741 1440; x_wconf 81' lang='grc' dir='ltr'>τῆς</span> <span class='ocrx_word' id='word_1_110' title='bbox 779 1372 837 1423; x_wconf 86' lang='grc' dir='ltr'><strong>ἐν</strong></span> <span class='ocrx_word' id='word_1_111' title='bbox 868 1372 1061 1442; x_wconf 84' lang='grc' dir='ltr'>κόσμῳ</span> <span class='ocrx_word' id='word_1_112' title='bbox 1106 1375 1407 1444; x_wconf 84' lang='grc' dir='ltr'>παρουσίας</span> <span class='ocrx_word' id='word_1_113' title='bbox 1436 1375 1527 1429; x_wconf 88' lang='grc' dir='ltr'><strong>τοῦ</strong></span> <span class='ocrx_word' id='word_1_114' title='bbox 1558 1376 1690 1430; x_wconf 81' lang='grc' dir='ltr'>Υἱοῦ</span> 
     </span>
    </p>
   </div>
   <div class='ocr_carea' id='block_1_17' title="bbox 148 1465 1690 1543">
    <p class='ocr_par' dir='ltr' id='par_1_17' title="bbox 148 1465 1690 1543">
     <span class='ocr_line' id='line_1_17' title="bbox 148 1465 1690 1543; baseline 0.004 -25"><span class='ocrx_word' id='word_1_115' title='bbox 148 1465 227 1518; x_wconf 83' lang='grc' dir='ltr'><strong>τοῦ</strong></span> <span class='ocrx_word' id='word_1_116' title='bbox 248 1465 398 1531; x_wconf 85' lang='grc' dir='ltr'>Θεοῦ,</span> <span class='ocrx_word' id='word_1_117' title='bbox 442 1465 725 1536; x_wconf 75' lang='grc' dir='ltr'>ἐφάνησαν</span> <span class='ocrx_word' id='word_1_118' title='bbox 760 1466 1142 1538; x_wconf 73' lang='grc' dir='ltr'>ψευδόχριστοι</span> <span class='ocrx_word' id='word_1_119' title='bbox 1176 1470 1273 1523; x_wconf 77' lang='grc' dir='ltr'>καὶ</span> <span class='ocrx_word' id='word_1_120' title='bbox 1309 1470 1690 1543; x_wconf 79' lang='grc' dir='ltr'>ψευδοπροφῆ-</span> 
     </span>
    </p>
   </div>
   <div class='ocr_carea' id='block_1_18' title="bbox 148 1556 1691 1633">
    <p class='ocr_par' dir='ltr' id='par_1_18' title="bbox 148 1556 1691 1633">
     <span class='ocr_line' id='line_1_18' title="bbox 148 1556 1691 1633; baseline 0.004 -23"><span class='ocrx_word' id='word_1_121' title='bbox 148 1576 242 1622; x_wconf 82' lang='grc' dir='ltr'>ται,</span> <span class='ocrx_word' id='word_1_122' title='bbox 270 1557 342 1622; x_wconf 83' lang='grc' dir='ltr'>ὡς</span> <span class='ocrx_word' id='word_1_123' title='bbox 382 1556 588 1621; x_wconf 79' lang='grc' dir='ltr'>Ἰούδας</span> <span class='ocrx_word' id='word_1_124' title='bbox 613 1558 643 1610; x_wconf 90' lang='lat'><strong>6</strong></span> <span class='ocrx_word' id='word_1_125' title='bbox 666 1557 972 1621; x_wconf 89' lang='grc' dir='ltr'>Γαλιλαῖος,</span> <span class='ocrx_word' id='word_1_126' title='bbox 1000 1558 1186 1624; x_wconf 84' lang='grc' dir='ltr'>καθὼς</span> <span class='ocrx_word' id='word_1_127' title='bbox 1219 1559 1433 1631; x_wconf 78' lang='grc' dir='ltr'>ἔχουσιν</span> <span class='ocrx_word' id='word_1_128' title='bbox 1459 1562 1516 1615; x_wconf 86' lang='lat' dir='ltr'><strong>ai</strong></span> <span class='ocrx_word' id='word_1_129' title='bbox 1545 1563 1691 1633; x_wconf 82' lang='grc' dir='ltr'>Πρά-</span> 
     </span>
    </p>
   </div>
   <div class='ocr_carea' id='block_1_19' title="bbox 1790 469 3358 541">
    <p class='ocr_par' dir='ltr' id='par_1_19' title="bbox 1790 469 3358 541">
     <span class='ocr_line' id='line_1_19' title="bbox 1790 469 3358 541; baseline 0.003 -18"><span class='ocrx_word' id='word_1_130' title='bbox 1790 470 1945 540; x_wconf 88' lang='lat' dir='ltr'><strong>hujus</strong></span> <span class='ocrx_word' id='word_1_131' title='bbox 1972 487 1987 524; x_wconf 93' lang='lat'><strong>:</strong></span> <span class='ocrx_word' id='word_1_132' title='bbox 2009 470 2146 541; x_wconf 85' lang='lat' dir='ltr'><strong>elige</strong></span> <span class='ocrx_word' id='word_1_133' title='bbox 2170 470 2265 524; x_wconf 93' lang='lat' dir='ltr'><strong>tibi</strong></span> <span class='ocrx_word' id='word_1_134' title='bbox 2282 469 2466 525; x_wconf 88' lang='lat' dir='ltr'><strong>alium.</strong></span> <span class='ocrx_word' id='word_1_135' title='bbox 2502 490 2531 522; x_wconf 72' lang='grc' dir='ltr'>ι.</span> <span class='ocrx_word' id='word_1_136' title='bbox 2547 472 2610 527; x_wconf 85' lang='grc' dir='ltr'>Ει</span> <span class='ocrx_word' id='word_1_137' title='bbox 2628 472 2805 525; x_wconf 84' lang='lat' dir='ltr'><strong>Aaron</strong></span> <span class='ocrx_word' id='word_1_138' title='bbox 2823 471 2957 541; x_wconf 77' lang='lat'><strong>(63),</strong></span> <span class='ocrx_word' id='word_1_139' title='bbox 2980 486 3043 526; x_wconf 90' lang='lat' dir='ltr'><strong>ac</strong></span> <span class='ocrx_word' id='word_1_140' title='bbox 3066 470 3226 526; x_wconf 78' lang='lat' dir='ltr'><strong>Maria</strong></span> <span class='ocrx_word' id='word_1_141' title='bbox 3244 489 3358 541; x_wconf 88' lang='lat' dir='ltr'><strong>pro-</strong></span> 
     </span>
    </p>
   </div>
   <div class='ocr_carea' id='block_1_20' title="bbox 1789 562 3358 634">
    <p class='ocr_par' dir='ltr' id='par_1_20' title="bbox 1789 562 3358 634">
     <span class='ocr_line' id='line_1_20' title="bbox 1789 562 3358 634; baseline 0.002 -22"><span class='ocrx_word' id='word_1_142' title='bbox 1789 563 1917 630; x_wconf 65' lang='lat' dir='ltr'><strong>prizn</strong></span> <span class='ocrx_word' id='word_1_143' title='bbox 1940 562 2232 618; x_wconf 72' lang='lat' dir='ltr'><strong>voluntatis</strong></span> <span class='ocrx_word' id='word_1_144' title='bbox 2252 563 2488 617; x_wconf 85' lang='lat' dir='ltr'><strong>motione</strong></span> <span class='ocrx_word' id='word_1_145' title='bbox 2506 572 2692 618; x_wconf 89' lang='lat' dir='ltr'><strong>contra</strong></span> <span class='ocrx_word' id='word_1_146' title='bbox 2716 562 2950 634; x_wconf 73' lang='lat' dir='ltr'><strong>Moyse-in</strong></span> <span class='ocrx_word' id='word_1_147' title='bbox 2983 565 3238 620; x_wconf 84' lang='lat' dir='ltr'><strong>audacter</strong></span> <span class='ocrx_word' id='word_1_148' title='bbox 3285 568 3358 620; x_wconf 90' lang='lat' dir='ltr'><strong>in.</strong></span> 
     </span>
    </p>
   </div>
   <div class='ocr_carea' id='block_1_21' title="bbox 1788 653 3359 724">
    <p class='ocr_par' dir='ltr' id='par_1_21' title="bbox 1788 653 3359 724">
     <span class='ocr_line' id='line_1_21' title="bbox 1788 653 3359 724; baseline 0.004 -18"><span class='ocrx_word' id='word_1_149' title='bbox 1788 653 2381 723; x_wconf 82' lang='lat' dir='ltr'><strong>surrexerunt,quando</strong></span> <span class='ocrx_word' id='word_1_150' title='bbox 2400 664 2455 709; x_wconf 88' lang='lat' dir='ltr'><strong>et</strong></span> <span class='ocrx_word' id='word_1_151' title='bbox 2468 654 2851 724; x_wconf 84' lang='lat' dir='ltr'><strong>Marialeprosa</strong></span> <span class='ocrx_word' id='word_1_152' title='bbox 2867 654 3003 710; x_wconf 84' lang='lat' dir='ltr'><strong>facta</strong></span> <span class='ocrx_word' id='word_1_153' title='bbox 3023 656 3138 719; x_wconf 85' lang='lat' dir='ltr'><strong>fuit,</strong></span> <span class='ocrx_word' id='word_1_154' title='bbox 3167 666 3221 711; x_wconf 92' lang='lat' dir='ltr'><strong>et</strong></span> <span class='ocrx_word' id='word_1_155' title='bbox 3259 656 3359 712; x_wconf 89' lang='lat' dir='ltr'><strong>Do-</strong></span> 
     </span>
    </p>
   </div>
   <div class='ocr_carea' id='block_1_22' title="bbox 1791 743 3359 812">
    <p class='ocr_par' dir='ltr' id='par_1_22' title="bbox 1791 743 3359 812">
     <span class='ocr_line' id='line_1_22' title="bbox 1791 743 3359 812; baseline 0.004 -16"><span class='ocrx_word' id='word_1_156' title='bbox 1791 743 1966 798; x_wconf 85' lang='lat' dir='ltr'><strong>minus</strong></span> <span class='ocrx_word' id='word_1_157' title='bbox 1987 744 2268 800; x_wconf 91' lang='lat' dir='ltr'><strong>iratusest.</strong></span> <span class='ocrx_word' id='word_1_158' title='bbox 2283 745 2420 812; x_wconf 87' lang='lat' dir='ltr'><strong>Quin</strong></span> <span class='ocrx_word' id='word_1_159' title='bbox 2437 747 2594 799; x_wconf 91' lang='lat' dir='ltr'><strong>etiam</strong></span> <span class='ocrx_word' id='word_1_160' title='bbox 2610 744 2771 800; x_wconf 85' lang='lat' dir='ltr'><strong>David</strong></span> <span class='ocrx_word' id='word_1_161' title='bbox 2787 761 2934 800; x_wconf 90' lang='lat' dir='ltr'><strong>suam</strong></span> <span class='ocrx_word' id='word_1_162' title='bbox 2950 748 3153 802; x_wconf 78' lang='lat' dir='ltr'><strong>faciens</strong></span> <span class='ocrx_word' id='word_1_163' title='bbox 3175 749 3359 802; x_wconf 90' lang='lat' dir='ltr'><strong>volun-</strong></span> 
     </span>
    </p>
   </div>
   <div class='ocr_carea' id='block_1_23' title="bbox 1792 834 3357 909">
    <p class='ocr_par' dir='ltr' id='par_1_23' title="bbox 1792 834 3357 909">
     <span class='ocr_line' id='line_1_23' title="bbox 1792 834 3357 909; baseline 0.006 -25"><span class='ocrx_word' id='word_1_164' title='bbox 1792 840 1975 899; x_wconf 87' lang='lat' dir='ltr'><strong>tatem,</strong></span> <span class='ocrx_word' id='word_1_165' title='bbox 1998 844 2056 887; x_wconf 90' lang='lat' dir='ltr'><strong>et</strong></span> <span class='ocrx_word' id='word_1_166' title='bbox 2081 834 2332 903; x_wconf 88' lang='lat' dir='ltr'><strong>populum</strong></span> <span class='ocrx_word' id='word_1_167' title='bbox 2360 850 2647 890; x_wconf 90' lang='lat' dir='ltr'><strong>numerans</strong></span> <span class='ocrx_word' id='word_1_168' title='bbox 2670 837 3074 904; x_wconf 84' lang='lat' dir='ltr'><strong>reprehenditur</strong></span> <span class='ocrx_word' id='word_1_169' title='bbox 3103 838 3236 909; x_wconf 77' lang='grc'>(64).</span> <span class='ocrx_word' id='word_1_170' title='bbox 3264 837 3357 894; x_wconf 82' lang='lat' dir='ltr'><strong>Je-</strong></span> 
     </span>
    </p>
   </div>
   <div class='ocr_carea' id='block_1_24' title="bbox 1791 926 3355 999">
    <p class='ocr_par' dir='ltr' id='par_1_24' title="bbox 1791 926 3355 999">
     <span class='ocr_line' id='line_1_24' title="bbox 1791 926 3355 999; baseline 0.006 -23"><span class='ocrx_word' id='word_1_171' title='bbox 1791 926 1986 978; x_wconf 90' lang='lat' dir='ltr'><strong>remias</strong></span> <span class='ocrx_word' id='word_1_172' title='bbox 2020 940 2168 992; x_wconf 89' lang='lat' dir='ltr'><strong>vero,</strong></span> <span class='ocrx_word' id='word_1_173' title='bbox 2193 942 2313 981; x_wconf 92' lang='lat' dir='ltr'><strong>cum</strong></span> <span class='ocrx_word' id='word_1_174' title='bbox 2343 935 2538 995; x_wconf 63' lang='lat' dir='ltr'><strong>praeter</strong></span> <span class='ocrx_word' id='word_1_175' title='bbox 2563 937 2792 982; x_wconf 86' lang='lat' dir='ltr'><strong>mentem</strong></span> <span class='ocrx_word' id='word_1_176' title='bbox 2822 931 3091 998; x_wconf 78' lang='lat' dir='ltr'><strong>patientis,</strong></span> <span class='ocrx_word' id='word_1_177' title='bbox 3127 941 3182 984; x_wconf 86' lang='lat' dir='ltr'><strong>et</strong></span> <span class='ocrx_word' id='word_1_178' title='bbox 3211 930 3355 999; x_wconf 86' lang='lat' dir='ltr'><strong>inju-</strong></span> 
     </span>
    </p>
   </div>
   <div class='ocr_carea' id='block_1_25' title="bbox 1792 1014 3349 1092">
    <p class='ocr_par' dir='ltr' id='par_1_25' title="bbox 1792 1014 3349 1092">
     <span class='ocr_line' id='line_1_25' title="bbox 1792 1014 3349 1092; baseline 0.006 -25"><span class='ocrx_word' id='word_1_179' title='bbox 1792 1014 1989 1069; x_wconf 89' lang='lat' dir='ltr'><strong>riarum</strong></span> <span class='ocrx_word' id='word_1_180' title='bbox 2014 1016 2378 1071; x_wconf 85' lang='lat' dir='ltr'><strong>obliviscentis</strong></span> <span class='ocrx_word' id='word_1_181' title='bbox 2410 1017 2504 1073; x_wconf 87' lang='lat' dir='ltr'><strong>Dei</strong></span> <span class='ocrx_word' id='word_1_182' title='bbox 2534 1016 2775 1084; x_wconf 82' lang='lat' dir='ltr'><strong>dixisset,</strong></span> <span class='ocrx_word' id='word_1_183' title='bbox 2809 1038 2827 1071; x_wconf 83' lang='grc' dir='ltr'><strong>ι</strong></span> <span class='ocrx_word' id='word_1_184' title='bbox 2861 1017 3051 1075; x_wconf 80' lang='lat' dir='ltr'><strong>Junior</strong></span> <span class='ocrx_word' id='word_1_185' title='bbox 3083 1021 3199 1092; x_wconf 87' lang='lat'><strong>(65)</strong></span> <span class='ocrx_word' id='word_1_186' title='bbox 3228 1038 3349 1077; x_wconf 89' lang='lat' dir='ltr'><strong>sum</strong></span> 
     </span>
    </p>
   </div>
   <div class='ocr_carea' id='block_1_26' title="bbox 1789 1111 3356 1183">
    <p class='ocr_par' dir='ltr' id='par_1_26' title="bbox 1789 1111 3356 1183">
     <span class='ocr_line' id='line_1_26' title="bbox 1789 1111 3356 1183; baseline 0.005 -21"><span class='ocrx_word' id='word_1_187' title='bbox 1789 1122 1909 1178; x_wconf 89' lang='lat' dir='ltr'><strong>ego,</strong></span> <span class='ocrx_word' id='word_1_188' title='bbox 1950 1119 2003 1163; x_wconf 92' lang='lat' dir='ltr'><strong>et</strong></span> <span class='ocrx_word' id='word_1_189' title='bbox 2025 1124 2131 1164; x_wconf 88' lang='lat' dir='ltr'><strong>non</strong></span> <span class='ocrx_word' id='word_1_190' title='bbox 2169 1125 2386 1181; x_wconf 85' lang='lat' dir='ltr'><strong>possum</strong></span> <span class='ocrx_word' id='word_1_191' title='bbox 2421 1112 2743 1181; x_wconf 87' lang='lat' dir='ltr'><strong>prophetare</strong></span> <span class='ocrx_word' id='word_1_192' title='bbox 2773 1111 2905 1183; x_wconf 80' lang='lat'><strong>(66),</strong></span> <span class='ocrx_word' id='word_1_193' title='bbox 2940 1133 2958 1165; x_wconf 72' lang='grc' dir='ltr'><strong>ι</strong></span> <span class='ocrx_word' id='word_1_194' title='bbox 2990 1115 3199 1169; x_wconf 86' lang='lat' dir='ltr'><strong>audiit:</strong></span> <span class='ocrx_word' id='word_1_195' title='bbox 3231 1133 3250 1166; x_wconf 78' lang='grc' dir='ltr'><strong>ι</strong></span> <span class='ocrx_word' id='word_1_196' title='bbox 3276 1114 3356 1170; x_wconf 87' lang='lat' dir='ltr'><strong>Ne</strong></span> 
     </span>
    </p>
   </div>
   <div class='ocr_carea' id='block_1_27' title="bbox 1790 1198 3354 1276">
    <p class='ocr_par' dir='ltr' id='par_1_27' title="bbox 1790 1198 3354 1276">
     <span class='ocr_line' id='line_1_27' title="bbox 1790 1198 3354 1276; baseline 0.005 -23"><span class='ocrx_word' id='word_1_197' title='bbox 1790 1201 1939 1254; x_wconf 89' lang='lat' dir='ltr'><strong>dicas</strong></span> <span class='ocrx_word' id='word_1_198' title='bbox 1965 1219 1979 1256; x_wconf 88' lang='lat'><strong>:</strong></span> <span class='ocrx_word' id='word_1_199' title='bbox 2002 1198 2191 1255; x_wconf 86' lang='lat' dir='ltr'><strong>Junior</strong></span> <span class='ocrx_word' id='word_1_200' title='bbox 2219 1218 2338 1256; x_wconf 88' lang='lat' dir='ltr'><strong>sum</strong></span> <span class='ocrx_word' id='word_1_201' title='bbox 2370 1216 2489 1270; x_wconf 83' lang='lat' dir='ltr'><strong>ego.</strong></span> <span class='ocrx_word' id='word_1_202' title='bbox 2525 1222 2543 1255; x_wconf 75' lang='grc' dir='ltr'><strong>ι</strong></span> <span class='ocrx_word' id='word_1_203' title='bbox 2567 1202 2728 1259; x_wconf 81' lang='lat' dir='ltr'><strong>Jonas</strong></span> <span class='ocrx_word' id='word_1_204' title='bbox 2758 1213 2937 1260; x_wconf 88' lang='lat' dir='ltr'><strong>autem</strong></span> <span class='ocrx_word' id='word_1_205' title='bbox 2962 1206 3230 1276; x_wconf 86' lang='lat' dir='ltr'><strong>propriam</strong></span> <span class='ocrx_word' id='word_1_206' title='bbox 3259 1223 3354 1262; x_wconf 87' lang='lat' dir='ltr'><strong>vo-</strong></span> 
     </span>
    </p>
   </div>
   <div class='ocr_carea' id='block_1_28' title="bbox 1789 1288 3357 1366">
    <p class='ocr_par' dir='ltr' id='par_1_28' title="bbox 1789 1288 3357 1366">
     <span class='ocr_line' id='line_1_28' title="bbox 1789 1288 3357 1366; baseline 0.006 -24"><span class='ocrx_word' id='word_1_207' title='bbox 1789 1288 2049 1344; x_wconf 88' lang='lat' dir='ltr'><strong>luntatem</strong></span> <span class='ocrx_word' id='word_1_208' title='bbox 2083 1291 2304 1357; x_wconf 80' lang='lat' dir='ltr'><strong>faciens,</strong></span> <span class='ocrx_word' id='word_1_209' title='bbox 2337 1308 2444 1347; x_wconf 92' lang='lat' dir='ltr'><strong>non</strong></span> <span class='ocrx_word' id='word_1_210' title='bbox 2474 1292 2592 1360; x_wconf 90' lang='lat' dir='ltr'><strong>Dei,</strong></span> <span class='ocrx_word' id='word_1_211' title='bbox 2635 1309 2758 1349; x_wconf 89' lang='lat' dir='ltr'><strong>cum</strong></span> <span class='ocrx_word' id='word_1_212' title='bbox 2790 1296 3061 1366; x_wconf 78' lang='lat' dir='ltr'><strong>navigium</strong></span> <span class='ocrx_word' id='word_1_213' title='bbox 3096 1311 3357 1353; x_wconf 83' lang='lat' dir='ltr'><strong>conscen-</strong></span> 
     </span>
    </p>
   </div>
   <div class='ocr_carea' id='block_1_29' title="bbox 1790 1381 3355 1456">
    <p class='ocr_par' dir='ltr' id='par_1_29' title="bbox 1790 1381 3355 1456">
     <span class='ocr_line' id='line_1_29' title="bbox 1790 1381 3355 1456; baseline 0.005 -21"><span class='ocrx_word' id='word_1_214' title='bbox 1790 1381 1973 1447; x_wconf 89' lang='lat' dir='ltr'><strong>disset,</strong></span> <span class='ocrx_word' id='word_1_215' title='bbox 1995 1398 2014 1432; x_wconf 76' lang='grc' dir='ltr'><strong>ι</strong></span> <span class='ocrx_word' id='word_1_216' title='bbox 2029 1381 2160 1451; x_wconf 85' lang='lat' dir='ltr'><strong>fugit</strong></span> <span class='ocrx_word' id='word_1_217' title='bbox 2176 1382 2287 1455; x_wconf 91' lang='lat'><strong>(67)</strong></span> <span class='ocrx_word' id='word_1_218' title='bbox 2305 1385 2356 1438; x_wconf 91' lang='lat' dir='ltr'><strong>in</strong></span> <span class='ocrx_word' id='word_1_219' title='bbox 2379 1384 2601 1439; x_wconf 86' lang='lat' dir='ltr'><strong>Tharsis</strong></span> <span class='ocrx_word' id='word_1_220' title='bbox 2615 1400 2680 1440; x_wconf 87' lang='lat' dir='ltr'><strong>ex</strong></span> <span class='ocrx_word' id='word_1_221' title='bbox 2697 1384 2831 1440; x_wconf 86' lang='lat' dir='ltr'><strong>facie</strong></span> <span class='ocrx_word' id='word_1_222' title='bbox 2847 1384 2938 1441; x_wconf 91' lang='lat' dir='ltr'><strong>Dei</strong></span> <span class='ocrx_word' id='word_1_223' title='bbox 2953 1406 2972 1439; x_wconf 74' lang='grc' dir='ltr'><strong>ι</strong></span> <span class='ocrx_word' id='word_1_224' title='bbox 2999 1387 3196 1456; x_wconf 90' lang='lat' dir='ltr'><strong>ubique</strong></span> <span class='ocrx_word' id='word_1_225' title='bbox 3213 1390 3355 1442; x_wconf 84' lang='lat' dir='ltr'><strong>exsi-</strong></span> 
     </span>
    </p>
   </div>
   <div class='ocr_carea' id='block_1_30' title="bbox 1790 1471 3353 1548">
    <p class='ocr_par' dir='ltr' id='par_1_30' title="bbox 1790 1471 3353 1548">
     <span class='ocr_line' id='line_1_30' title="bbox 1790 1471 3353 1548; baseline 0.006 -21"><span class='ocrx_word' id='word_1_226' title='bbox 1790 1474 2007 1527; x_wconf 87' lang='lat' dir='ltr'><strong>stentis.</strong></span> <span class='ocrx_word' id='word_1_227' title='bbox 2036 1471 2105 1526; x_wconf 85' lang='lat' dir='ltr'><strong>Et</strong></span> <span class='ocrx_word' id='word_1_228' title='bbox 2130 1472 2330 1530; x_wconf 85' lang='lat' dir='ltr'><strong>Paulus</strong></span> <span class='ocrx_word' id='word_1_229' title='bbox 2370 1476 2437 1529; x_wconf 90' lang='lat' dir='ltr'><strong>de</strong></span> <span class='ocrx_word' id='word_1_230' title='bbox 2466 1475 2723 1545; x_wconf 88' lang='lat' dir='ltr'><strong>apostolis</strong></span> <span class='ocrx_word' id='word_1_231' title='bbox 2776 1476 2999 1548; x_wconf 89' lang='lat' dir='ltr'><strong>loquens</strong></span> <span class='ocrx_word' id='word_1_232' title='bbox 3042 1477 3107 1532; x_wconf 86' lang='lat' dir='ltr'><strong>ad</strong></span> <span class='ocrx_word' id='word_1_233' title='bbox 3137 1477 3353 1536; x_wconf 84' lang='lat' dir='ltr'><strong>Galatas</strong></span> 
     </span>
    </p>
   </div>
   <div class='ocr_carea' id='block_1_31' title="bbox 1788 1564 3353 1639">
    <p class='ocr_par' dir='ltr' id='par_1_31' title="bbox 1788 1564 3353 1639">
     <span class='ocr_line' id='line_1_31' title="bbox 1788 1564 3353 1639; baseline 0.004 -20"><span class='ocrx_word' id='word_1_234' title='bbox 1788 1564 1905 1619; x_wconf 85' lang='lat' dir='ltr'><strong>haec</strong></span> <span class='ocrx_word' id='word_1_235' title='bbox 1930 1565 2186 1636; x_wconf 85' lang='lat' dir='ltr'><strong>scripsit:</strong></span> <span class='ocrx_word' id='word_1_236' title='bbox 2236 1583 2257 1618; x_wconf 76' lang='grc' dir='ltr'><strong>ι</strong></span> <span class='ocrx_word' id='word_1_237' title='bbox 2295 1567 2402 1622; x_wconf 83' lang='lat' dir='ltr'><strong>Sed</strong></span> <span class='ocrx_word' id='word_1_238' title='bbox 2428 1582 2551 1623; x_wconf 91' lang='lat' dir='ltr'><strong>cum</strong></span> <span class='ocrx_word' id='word_1_239' title='bbox 2592 1566 2704 1639; x_wconf 88' lang='lat'><strong>(68)</strong></span> <span class='ocrx_word' id='word_1_240' title='bbox 2735 1570 2840 1624; x_wconf 86' lang='lat' dir='ltr'><strong>vidi</strong></span> <span class='ocrx_word' id='word_1_241' title='bbox 2892 1569 3034 1639; x_wconf 88' lang='lat' dir='ltr'><strong>quod</strong></span> <span class='ocrx_word' id='word_1_242' title='bbox 3069 1586 3175 1624; x_wconf 92' lang='lat' dir='ltr'><strong>non</strong></span> <span class='ocrx_word' id='word_1_243' title='bbox 3210 1580 3353 1627; x_wconf 88' lang='lat' dir='ltr'><strong>recte</strong></span> 
     </span>
    </p>
   </div>
   <div class='ocr_carea' id='block_1_32' title="bbox 150 1648 1686 1732">
    <p class='ocr_par' dir='ltr' id='par_1_32' title="bbox 150 1648 1686 1714">
     <span class='ocr_line' id='line_1_32' title="bbox 150 1648 1686 1714; baseline 0.004 -13"><span class='ocrx_word' id='word_1_244' title='bbox 150 1648 244 1713; x_wconf 80' lang='grc' dir='ltr'>ξεις</span> <span class='ocrx_word' id='word_1_245' title='bbox 265 1649 368 1703; x_wconf 85' lang='grc' dir='ltr'>τῶν</span> <span class='ocrx_word' id='word_1_246' title='bbox 400 1649 744 1714; x_wconf 85' lang='grc' dir='ltr'>ἀποστόλων,</span> <span class='ocrx_word' id='word_1_247' title='bbox 768 1649 1100 1714; x_wconf 84' lang='grc' dir='ltr'>πλανῶντες.</span> <span class='ocrx_word' id='word_1_248' title='bbox 1125 1651 1219 1704; x_wconf 76' lang='grc' dir='ltr'><strong>καὶ</strong></span> <span class='ocrx_word' id='word_1_249' title='bbox 1245 1653 1306 1705; x_wconf 78' lang='grc' dir='ltr'><strong>οὐ</strong></span> <span class='ocrx_word' id='word_1_250' title='bbox 1329 1653 1396 1707; x_wconf 75' lang='grc' dir='ltr'>τὰ</span> <span class='ocrx_word' id='word_1_251' title='bbox 1424 1652 1516 1706; x_wconf 89' lang='grc' dir='ltr'><strong>τοῦ</strong></span> <span class='ocrx_word' id='word_1_252' title='bbox 1552 1653 1686 1707; x_wconf 84' lang='grc' dir='ltr'>Θεοῦ</span> 
     </span>
    </p>
   </div>
   <div class='ocr_carea' id='block_1_33' title="bbox 1859 1648 3353 1732">
    <p class='ocr_par' dir='ltr' id='par_1_33' title="bbox 1859 1655 3353 1732">
     <span class='ocr_line' id='line_1_33' title="bbox 1859 1655 3353 1732; baseline 0.004 -23"><span class='ocrx_word' id='word_1_253' title='bbox 1859 1655 2070 1710; x_wconf 78' lang='lat' dir='ltr'><strong>ibulant</strong></span> <span class='ocrx_word' id='word_1_254' title='bbox 2099 1658 2165 1710; x_wconf 92' lang='lat' dir='ltr'><strong>ad</strong></span> <span class='ocrx_word' id='word_1_255' title='bbox 2204 1657 2485 1712; x_wconf 88' lang='lat' dir='ltr'><strong>veritatem</strong></span> <span class='ocrx_word' id='word_1_256' title='bbox 2540 1658 2836 1729; x_wconf 78' lang='lat' dir='ltr'><strong>Evangelii,</strong></span> <span class='ocrx_word' id='word_1_257' title='bbox 2868 1659 2976 1714; x_wconf 84' lang='lat' dir='ltr'><strong>dixi</strong></span> <span class='ocrx_word' id='word_1_258' title='bbox 3009 1658 3201 1729; x_wconf 70' lang='lat' dir='ltr'><strong>Cepbre</strong></span> <span class='ocrx_word' id='word_1_259' title='bbox 3240 1660 3353 1732; x_wconf 86' lang='lat'><strong>(69)</strong></span> 
     </span>
    </p>
   </div>
   <div class='ocr_carea' id='block_1_34' title="bbox 152 1729 1686 1820">
    <p class='ocr_par' dir='ltr' id='par_1_34' title="bbox 152 1740 1686 1818">
     <span class='ocr_line' id='line_1_34' title="bbox 152 1740 1686 1818; baseline 0.004 -24"><span class='ocrx_word' id='word_1_260' title='bbox 152 1743 230 1794; x_wconf 72' lang='grc' dir='ltr'><strong>καὶ</strong></span> <span class='ocrx_word' id='word_1_261' title='bbox 242 1741 328 1794; x_wconf 84' lang='grc' dir='ltr'><strong>τοῦ</strong></span> <span class='ocrx_word' id='word_1_262' title='bbox 358 1740 484 1813; x_wconf 84' lang='grc'><strong>[185</strong></span> <span class='ocrx_word' id='word_1_263' title='bbox 510 1741 569 1814; x_wconf 83' lang='grc' dir='ltr'>α]</span> <span class='ocrx_word' id='word_1_264' title='bbox 592 1742 758 1812; x_wconf 85' lang='grc' dir='ltr'>νόμου</span> <span class='ocrx_word' id='word_1_265' title='bbox 779 1742 945 1796; x_wconf 83' lang='grc' dir='ltr'>αὑτοῦ</span> <span class='ocrx_word' id='word_1_266' title='bbox 962 1744 1304 1809; x_wconf 84' lang='grc' dir='ltr'>διδάσκοντες</span> <span class='ocrx_word' id='word_1_267' title='bbox 1323 1762 1336 1775; x_wconf 82' lang='grc'>⁶</span> <span class='ocrx_word' id='word_1_268' title='bbox 1361 1746 1489 1818; x_wconf 77' lang='grc' dir='ltr'>περὶ</span> <span class='ocrx_word' id='word_1_269' title='bbox 1504 1740 1579 1800; x_wconf 81' lang='grc' dir='ltr'>ὧν</span> <span class='ocrx_word' id='word_1_270' title='bbox 1596 1747 1686 1802; x_wconf 81' lang='grc' dir='ltr'>καὶ</span> 
     </span>
    </p>
   </div>
   <div class='ocr_carea' id='block_1_35' title="bbox 1859 1729 3352 1820">
    <p class='ocr_par' dir='ltr' id='par_1_35' title="bbox 1860 1729 3352 1820">
     <span class='ocr_line' id='line_1_35' title="bbox 1860 1729 3352 1820; baseline 0.003 -21"><span class='ocrx_word' id='word_1_271' title='bbox 1860 1761 1970 1799; x_wconf 90' lang='lat' dir='ltr'><strong>ram</strong></span> <span class='ocrx_word' id='word_1_272' title='bbox 2002 1747 2252 1801; x_wconf 84' lang='lat' dir='ltr'><strong>omnibus</strong></span> <span class='ocrx_word' id='word_1_273' title='bbox 2287 1766 2307 1798; x_wconf 70' lang='grc' dir='ltr'><strong>ι</strong></span> <span class='ocrx_word' id='word_1_274' title='bbox 2342 1748 2478 1804; x_wconf 69' lang='lat' dir='ltr'><strong>haec.</strong></span> <span class='ocrx_word' id='word_1_275' title='bbox 2515 1747 2710 1803; x_wconf 85' lang='lat' dir='ltr'><strong>Verum</strong></span> <span class='ocrx_word' id='word_1_276' title='bbox 2742 1757 2803 1803; x_wconf 89' lang='lat' dir='ltr'><strong>ut</strong></span> <span class='ocrx_word' id='word_1_277' title='bbox 2842 1749 2926 1815; x_wconf 91' lang='lat' dir='ltr'><strong>iis,</strong></span> <span class='ocrx_word' id='word_1_278' title='bbox 2975 1751 3064 1820; x_wconf 85' lang='lat' dir='ltr'><strong>qui</strong></span> <span class='ocrx_word' id='word_1_279' title='bbox 3097 1729 3352 1805; x_wconf 84' lang='lat' dir='ltr'><strong>increduli</strong></span> 
     </span>
    </p>
   </div>
   <div class='ocr_carea' id='block_1_36' title="bbox 158 1831 1686 1907">
    <p class='ocr_par' dir='ltr' id='par_1_36' title="bbox 158 1831 1686 1907">
     <span class='ocr_line' id='line_1_36' title="bbox 158 1831 1686 1907; baseline 0.004 -23"><span class='ocrx_word' id='word_1_280' title='bbox 158 1832 391 1902; x_wconf 79' lang='grc' dir='ltr'>Ἰεζεκιὴλ</span> <span class='ocrx_word' id='word_1_281' title='bbox 446 1831 824 1903; x_wconf 77' lang='grc' dir='ltr'>προφητεύει·</span> <span class='ocrx_word' id='word_1_282' title='bbox 876 1851 894 1884; x_wconf 79' lang='grc' dir='ltr'><strong>ι</strong></span> <span class='ocrx_word' id='word_1_283' title='bbox 926 1833 1012 1886; x_wconf 88' lang='grc' dir='ltr'><strong>Ζῶ</strong></span> <span class='ocrx_word' id='word_1_284' title='bbox 1072 1834 1212 1901; x_wconf 87' lang='grc' dir='ltr'>ἐγὼ,</span> <span class='ocrx_word' id='word_1_285' title='bbox 1267 1835 1415 1904; x_wconf 83' lang='grc' dir='ltr'>λέγει</span> <span class='ocrx_word' id='word_1_286' title='bbox 1452 1836 1686 1907; x_wconf 83' lang='grc' dir='ltr'>Κύριος’</span> 
     </span>
    </p>
   </div>
   <div class='ocr_carea' id='block_1_37' title="bbox 154 1921 1686 2000">
    <p class='ocr_par' dir='ltr' id='par_1_37' title="bbox 154 1921 1686 2000">
     <span class='ocr_line' id='line_1_37' title="bbox 154 1921 1686 2000; baseline 0.005 -25"><span class='ocrx_word' id='word_1_287' title='bbox 154 1921 233 1975; x_wconf 77' lang='grc' dir='ltr'><strong>ἐπὶ</strong></span> <span class='ocrx_word' id='word_1_288' title='bbox 277 1925 394 1986; x_wconf 76' lang='grc' dir='ltr'>τοὺς</span> <span class='ocrx_word' id='word_1_289' title='bbox 436 1924 749 1995; x_wconf 80' lang='grc' dir='ltr'>προφήτας,</span> <span class='ocrx_word' id='word_1_290' title='bbox 790 1925 917 1987; x_wconf 83' lang='grc' dir='ltr'>τοὺς</span> <span class='ocrx_word' id='word_1_291' title='bbox 939 1924 1259 1990; x_wconf 83' lang='grc' dir='ltr'>πλανῶντας</span> <span class='ocrx_word' id='word_1_292' title='bbox 1291 1927 1381 1980; x_wconf 84' lang='grc' dir='ltr'><strong>τὸν</strong></span> <span class='ocrx_word' id='word_1_293' title='bbox 1399 1927 1527 1982; x_wconf 89' lang='grc' dir='ltr'>λαόν</span> <span class='ocrx_word' id='word_1_294' title='bbox 1561 1946 1686 2000; x_wconf 87' lang='grc' dir='ltr'>μου,</span> 
     </span>
    </p>
   </div>
   <div class='ocr_carea' id='block_1_38' title="bbox 148 2012 1524 2087">
    <p class='ocr_par' dir='ltr' id='par_1_38' title="bbox 148 2012 1524 2087">
     <span class='ocr_line' id='line_1_38' title="bbox 148 2012 1524 2087; baseline 0.005 -25"><span class='ocrx_word' id='word_1_295' title='bbox 148 2012 231 2064; x_wconf 71' lang='grc' dir='ltr'><strong>οὐκ</strong></span> <span class='ocrx_word' id='word_1_296' title='bbox 253 2012 540 2066; x_wconf 78' lang='grc' dir='ltr'>ἀπέστειλα</span> <span class='ocrx_word' id='word_1_297' title='bbox 567 2012 796 2076; x_wconf 79' lang='grc' dir='ltr'>αὐτούς·</span> <span class='ocrx_word' id='word_1_298' title='bbox 826 2013 918 2083; x_wconf 84' lang='grc' dir='ltr'><strong>ἀφ’</strong></span> <span class='ocrx_word' id='word_1_299' title='bbox 950 2015 1157 2067; x_wconf 81' lang='grc' dir='ltr'>ἑαυτῶν</span> <span class='ocrx_word' id='word_1_300' title='bbox 1181 2015 1471 2087; x_wconf 83' lang='grc' dir='ltr'>ἐλάλησαν.</span> <span class='ocrx_word' id='word_1_301' title='bbox 1505 2037 1524 2069; x_wconf 76' lang='grc' dir='ltr'><strong>ι</strong></span> 
     </span>
    </p>
   </div>
   <div class='ocr_carea' id='block_1_39' title="bbox 1786 1835 3353 1909">
    <p class='ocr_par' dir='ltr' id='par_1_39' title="bbox 1786 1835 3353 1909">
     <span class='ocr_line' id='line_1_39' title="bbox 1786 1835 3353 1909; baseline 0.004 -21"><span class='ocrx_word' id='word_1_302' title='bbox 1786 1842 1932 1897; x_wconf 87' lang='lat' dir='ltr'><strong>sunt,</strong></span> <span class='ocrx_word' id='word_1_303' title='bbox 1959 1835 2135 1889; x_wconf 90' lang='lat' dir='ltr'><strong>omnis</strong></span> <span class='ocrx_word' id='word_1_304' title='bbox 2167 1835 2448 1891; x_wconf 88' lang='lat' dir='ltr'><strong>dubitandi</strong></span> <span class='ocrx_word' id='word_1_305' title='bbox 2487 1836 2638 1892; x_wconf 88' lang='lat' dir='ltr'><strong>locus</strong></span> <span class='ocrx_word' id='word_1_306' title='bbox 2674 1837 3031 1908; x_wconf 70' lang='lat' dir='ltr'><strong>praecludatur</strong></span> <span class='ocrx_word' id='word_1_307' title='bbox 3072 1839 3138 1909; x_wconf 90' lang='lat' dir='ltr'><strong>(si</strong></span> <span class='ocrx_word' id='word_1_308' title='bbox 3176 1849 3353 1893; x_wconf 89' lang='lat' dir='ltr'><strong>tamen</strong></span> 
     </span>
    </p>
   </div>
   <div class='ocr_carea' id='block_1_40' title="bbox 1784 1926 3355 2003">
    <p class='ocr_par' dir='ltr' id='par_1_40' title="bbox 1784 1926 3355 2003">
     <span class='ocr_line' id='line_1_40' title="bbox 1784 1926 3355 2003; baseline 0.003 -21"><span class='ocrx_word' id='word_1_309' title='bbox 1784 1928 1837 1982; x_wconf 90' lang='lat' dir='ltr'><strong>id</strong></span> <span class='ocrx_word' id='word_1_310' title='bbox 1884 1926 1998 1981; x_wconf 85' lang='lat' dir='ltr'><strong>lierl</strong></span> <span class='ocrx_word' id='word_1_311' title='bbox 2028 1928 2246 2000; x_wconf 86' lang='lat' dir='ltr'><strong>potest),</strong></span> <span class='ocrx_word' id='word_1_312' title='bbox 2307 1944 2610 1986; x_wconf 86' lang='lat' dir='ltr'><strong>sermonem</strong></span> <span class='ocrx_word' id='word_1_313' title='bbox 2657 1932 2710 1985; x_wconf 91' lang='lat' dir='ltr'><strong>in</strong></span> <span class='ocrx_word' id='word_1_314' title='bbox 2769 1931 2984 2001; x_wconf 90' lang='lat' dir='ltr'><strong>longum</strong></span> <span class='ocrx_word' id='word_1_315' title='bbox 3038 1933 3355 2003; x_wconf 85' lang='lat' dir='ltr'><strong>protrahere</strong></span> 
     </span>
    </p>
   </div>
   <div class='ocr_carea' id='block_1_41' title="bbox 1782 2022 3355 2092">
    <p class='ocr_par' dir='ltr' id='par_1_41' title="bbox 1782 2022 3355 2092">
     <span class='ocr_line' id='line_1_41' title="bbox 1782 2022 3355 2092; baseline 0.001 -17"><span class='ocrx_word' id='word_1_316' title='bbox 1782 2036 2004 2076; x_wconf 88' lang='lat' dir='ltr'><strong>necesse</strong></span> <span class='ocrx_word' id='word_1_317' title='bbox 2033 2030 2137 2077; x_wconf 90' lang='lat' dir='ltr'><strong>est.</strong></span> <span class='ocrx_word' id='word_1_318' title='bbox 2180 2022 2486 2092; x_wconf 86' lang='lat' dir='ltr'><strong>Antequam</strong></span> <span class='ocrx_word' id='word_1_319' title='bbox 2540 2024 2750 2078; x_wconf 90' lang='lat' dir='ltr'><strong>veniret</strong></span> <span class='ocrx_word' id='word_1_320' title='bbox 2798 2024 2853 2077; x_wconf 92' lang='lat' dir='ltr'><strong>in</strong></span> <span class='ocrx_word' id='word_1_321' title='bbox 2886 2023 3139 2077; x_wconf 89' lang='lat' dir='ltr'><strong>mundum</strong></span> <span class='ocrx_word' id='word_1_322' title='bbox 3188 2022 3355 2077; x_wconf 82' lang='lat' dir='ltr'><strong>Filius</strong></span> 
     </span>
    </p>
   </div>
   <div class='ocr_carea' id='block_1_42' title="bbox 148 2094 3355 2182">
    <p class='ocr_par' dir='ltr' id='par_1_42' title="bbox 148 2094 3355 2182">
     <span class='ocr_line' id='line_1_42' title="bbox 148 2094 3355 2182; baseline 0.004 -29"><span class='ocrx_word' id='word_1_323' title='bbox 148 2097 248 2165; x_wconf 84' lang='lat' dir='ltr'><strong>Dei,</strong></span> <span class='ocrx_word' id='word_1_324' title='bbox 282 2102 669 2170; x_wconf 89' lang='lat' dir='ltr'><strong>pseudochristi</strong></span> <span class='ocrx_word' id='word_1_325' title='bbox 736 2111 791 2156; x_wconf 89' lang='lat' dir='ltr'><strong>et</strong></span> <span class='ocrx_word' id='word_1_326' title='bbox 835 2094 1327 2173; x_wconf 72' lang='lat' dir='ltr'><strong>pseudopropbétm,</strong></span> <span class='ocrx_word' id='word_1_327' title='bbox 1377 2107 1681 2177; x_wconf 86' lang='lat' dir='ltr'><strong>cujusmodi</strong></span> <span class='ocrx_word' id='word_1_328' title='bbox 1724 2109 1824 2165; x_wconf 84' lang='lat' dir='ltr'><strong>fuit</strong></span> <span class='ocrx_word' id='word_1_329' title='bbox 1852 2110 2016 2166; x_wconf 75' lang='lat' dir='ltr'><strong>ludas</strong></span> <span class='ocrx_word' id='word_1_330' title='bbox 2046 2110 2315 2178; x_wconf 71' lang='lat' dir='ltr'><strong>Galilmus,</strong></span> <span class='ocrx_word' id='word_1_331' title='bbox 2343 2123 2723 2182; x_wconf 83' lang='lat' dir='ltr'><strong>apparuerant,</strong></span> <span class='ocrx_word' id='word_1_332' title='bbox 2750 2113 2891 2169; x_wconf 86' lang='lat' dir='ltr'><strong>sicut</strong></span> <span class='ocrx_word' id='word_1_333' title='bbox 2952 2115 3085 2168; x_wconf 82' lang='lat' dir='ltr'><strong>Acta</strong></span> <span class='ocrx_word' id='word_1_334' title='bbox 3146 2121 3355 2182; x_wconf 89' lang='lat' dir='ltr'><strong>aposto-</strong></span> 
     </span>
    </p>
   </div>
   <div class='ocr_carea' id='block_1_43' title="bbox 148 2194 3353 2276">
    <p class='ocr_par' dir='ltr' id='par_1_43' title="bbox 148 2194 3353 2276">
     <span class='ocr_line' id='line_1_43' title="bbox 148 2194 3353 2276; baseline 0.004 -32"><span class='ocrx_word' id='word_1_335' title='bbox 148 2194 295 2248; x_wconf 88' lang='lat' dir='ltr'><strong>lorum</strong></span> <span class='ocrx_word' id='word_1_336' title='bbox 323 2205 588 2250; x_wconf 88' lang='lat' dir='ltr'><strong>testantur</strong></span> <span class='ocrx_word' id='word_1_337' title='bbox 621 2214 635 2249; x_wconf 87' lang='lat'><strong>:</strong></span> <span class='ocrx_word' id='word_1_338' title='bbox 674 2196 709 2250; x_wconf 88' lang='lat' dir='ltr'><strong>ii</strong></span> <span class='ocrx_word' id='word_1_339' title='bbox 740 2212 866 2251; x_wconf 91' lang='lat' dir='ltr'><strong>vero</strong></span> <span class='ocrx_word' id='word_1_340' title='bbox 900 2197 1216 2268; x_wconf 87' lang='lat' dir='ltr'><strong>deceptores</strong></span> <span class='ocrx_word' id='word_1_341' title='bbox 1242 2208 1416 2264; x_wconf 89' lang='lat' dir='ltr'><strong>erant,</strong></span> <span class='ocrx_word' id='word_1_342' title='bbox 1471 2217 1571 2256; x_wconf 87' lang='lat' dir='ltr'><strong>nec</strong></span> <span class='ocrx_word' id='word_1_343' title='bbox 1620 2218 1683 2257; x_wconf 90' lang='lat' dir='ltr'><strong>ea</strong></span> <span class='ocrx_word' id='word_1_344' title='bbox 1753 2203 2035 2268; x_wconf 88' lang='lat' dir='ltr'><strong>docebant,</strong></span> <span class='ocrx_word' id='word_1_345' title='bbox 2072 2219 2193 2273; x_wconf 69' lang='lat' dir='ltr'><strong>qua:</strong></span> <span class='ocrx_word' id='word_1_346' title='bbox 2252 2213 2379 2259; x_wconf 90' lang='lat' dir='ltr'><strong>sunt</strong></span> <span class='ocrx_word' id='word_1_347' title='bbox 2450 2204 2545 2259; x_wconf 92' lang='lat' dir='ltr'><strong>Dei</strong></span> <span class='ocrx_word' id='word_1_348' title='bbox 2596 2217 2651 2259; x_wconf 92' lang='lat' dir='ltr'><strong>et</strong></span> <span class='ocrx_word' id='word_1_349' title='bbox 2703 2206 2835 2276; x_wconf 80' lang='lat' dir='ltr'><strong>legis</strong></span> <span class='ocrx_word' id='word_1_350' title='bbox 2885 2205 3071 2275; x_wconf 84' lang='lat' dir='ltr'><strong>ipsius.</strong></span> <span class='ocrx_word' id='word_1_351' title='bbox 3130 2205 3201 2259; x_wconf 89' lang='lat' dir='ltr'><strong>De</strong></span> <span class='ocrx_word' id='word_1_352' title='bbox 3251 2203 3353 2258; x_wconf 88' lang='lat' dir='ltr'><strong>illis</strong></span> 
     </span>
    </p>
   </div>
   <div class='ocr_carea' id='block_1_44' title="bbox 149 2284 3353 2367">
    <p class='ocr_par' dir='ltr' id='par_1_44' title="bbox 149 2284 3353 2367">
     <span class='ocr_line' id='line_1_44' title="bbox 149 2284 3353 2367; baseline 0.004 -29"><span class='ocrx_word' id='word_1_353' title='bbox 149 2284 398 2353; x_wconf 85' lang='lat' dir='ltr'><strong>prophetat</strong></span> <span class='ocrx_word' id='word_1_354' title='bbox 422 2287 588 2342; x_wconf 85' lang='lat' dir='ltr'><strong>etiam</strong></span> <span class='ocrx_word' id='word_1_355' title='bbox 626 2285 920 2340; x_wconf 86' lang='lat' dir='ltr'><strong>Ezechiel:</strong></span> <span class='ocrx_word' id='word_1_356' title='bbox 961 2306 979 2338; x_wconf 78' lang='grc' dir='ltr'><strong>ι</strong></span> <span class='ocrx_word' id='word_1_357' title='bbox 1045 2287 1174 2343; x_wconf 86' lang='lat' dir='ltr'><strong>Vivo</strong></span> <span class='ocrx_word' id='word_1_358' title='bbox 1233 2289 1345 2359; x_wconf 85' lang='lat'><strong>(70)</strong></span> <span class='ocrx_word' id='word_1_359' title='bbox 1393 2290 1561 2362; x_wconf 75' lang='lat'><strong>388</strong></span> <span class='ocrx_word' id='word_1_360' title='bbox 1617 2308 1737 2363; x_wconf 82' lang='lat' dir='ltr'><strong>ego,</strong></span> <span class='ocrx_word' id='word_1_361' title='bbox 1777 2295 1910 2350; x_wconf 90' lang='lat' dir='ltr'><strong>dicit</strong></span> <span class='ocrx_word' id='word_1_362' title='bbox 1967 2294 2280 2349; x_wconf 88' lang='lat' dir='ltr'><strong>Dominus:</strong></span> <span class='ocrx_word' id='word_1_363' title='bbox 2336 2295 2403 2349; x_wconf 89' lang='lat' dir='ltr'><strong>ad</strong></span> <span class='ocrx_word' id='word_1_364' title='bbox 2456 2297 2745 2366; x_wconf 82' lang='lat' dir='ltr'><strong>prephetas</strong></span> <span class='ocrx_word' id='word_1_365' title='bbox 2800 2297 2892 2366; x_wconf 87' lang='lat' dir='ltr'><strong>qui</strong></span> <span class='ocrx_word' id='word_1_366' title='bbox 2945 2296 3209 2351; x_wconf 87' lang='lat' dir='ltr'><strong>seducunt</strong></span> <span class='ocrx_word' id='word_1_367' title='bbox 3266 2304 3353 2367; x_wconf 86' lang='lat' dir='ltr'><strong>po&#39;</strong></span> 
     </span>
    </p>
   </div>
   <div class='ocr_carea' id='block_1_45' title="bbox 149 2377 1930 2452">
    <p class='ocr_par' dir='ltr' id='par_1_45' title="bbox 149 2377 1930 2452">
     <span class='ocr_line' id='line_1_45' title="bbox 149 2377 1930 2452; baseline 0.007 -25"><span class='ocrx_word' id='word_1_368' title='bbox 149 2377 301 2446; x_wconf 86' lang='lat' dir='ltr'><strong>pulum</strong></span> <span class='ocrx_word' id='word_1_369' title='bbox 343 2394 539 2443; x_wconf 88' lang='lat' dir='ltr'><strong>meum,</strong></span> <span class='ocrx_word' id='word_1_370' title='bbox 588 2398 697 2435; x_wconf 86' lang='lat' dir='ltr'><strong>non</strong></span> <span class='ocrx_word' id='word_1_371' title='bbox 756 2377 879 2436; x_wconf 68' lang='lat' dir='ltr'><strong>misi</strong></span> <span class='ocrx_word' id='word_1_372' title='bbox 933 2396 1027 2436; x_wconf 88' lang='lat' dir='ltr'><strong>eos</strong></span> <span class='ocrx_word' id='word_1_373' title='bbox 1071 2400 1085 2436; x_wconf 91' lang='lat'><strong>:</strong></span> <span class='ocrx_word' id='word_1_374' title='bbox 1129 2397 1157 2433; x_wconf 91' lang='lat' dir='ltr'><strong>a</strong></span> <span class='ocrx_word' id='word_1_375' title='bbox 1217 2397 1274 2436; x_wconf 85' lang='lat' dir='ltr'><strong>se</strong></span> <span class='ocrx_word' id='word_1_376' title='bbox 1328 2383 1458 2452; x_wconf 87' lang='lat' dir='ltr'><strong>ipsis</strong></span> <span class='ocrx_word' id='word_1_377' title='bbox 1523 2386 1685 2439; x_wconf 89' lang='lat' dir='ltr'><strong>locuti</strong></span> <span class='ocrx_word' id='word_1_378' title='bbox 1726 2396 1869 2441; x_wconf 92' lang='lat' dir='ltr'><strong>sunt.</strong></span> <span class='ocrx_word' id='word_1_379' title='bbox 1911 2405 1930 2439; x_wconf 74' lang='grc' dir='ltr'><strong>ι</strong></span> 
     </span>
    </p>
   </div>
   <div class='ocr_carea' id='block_1_46' title="bbox 216 2470 1680 2546">
    <p class='ocr_par' dir='ltr' id='par_1_46' title="bbox 216 2470 1680 2546">
     <span class='ocr_line' id='line_1_46' title="bbox 216 2470 1680 2546; baseline 0.003 -25"><span class='ocrx_word' id='word_1_380' title='bbox 216 2470 398 2524; x_wconf 85' lang='grc' dir='ltr'>Ἐλθὼν</span> <span class='ocrx_word' id='word_1_381' title='bbox 450 2472 636 2525; x_wconf 80' lang='grc' dir='ltr'>τοίνυν</span> <span class='ocrx_word' id='word_1_382' title='bbox 689 2474 717 2525; x_wconf 88' lang='grc' dir='ltr'>ὁ</span> <span class='ocrx_word' id='word_1_383' title='bbox 766 2472 1019 2543; x_wconf 84' lang='grc' dir='ltr'>ἀληθινὸς</span> <span class='ocrx_word' id='word_1_384' title='bbox 1077 2473 1351 2544; x_wconf 81' lang='grc' dir='ltr'>Χριστὸς,</span> <span class='ocrx_word' id='word_1_385' title='bbox 1407 2474 1680 2546; x_wconf 81' lang='grc' dir='ltr'>ὑπενοήθη</span> 
     </span>
    </p>
   </div>
   <div class='ocr_carea' id='block_1_47' title="bbox 1862 2475 3354 2551">
    <p class='ocr_par' dir='ltr' id='par_1_47' title="bbox 1862 2475 3354 2551">
     <span class='ocr_line' id='line_1_47' title="bbox 1862 2475 3354 2551; baseline 0.006 -21"><span class='ocrx_word' id='word_1_386' title='bbox 1862 2475 1995 2530; x_wconf 88' lang='lat' dir='ltr'><strong>Cum</strong></span> <span class='ocrx_word' id='word_1_387' title='bbox 2051 2476 2228 2541; x_wconf 83' lang='lat' dir='ltr'><strong>itaque</strong></span> <span class='ocrx_word' id='word_1_388' title='bbox 2252 2476 2491 2531; x_wconf 87' lang='lat' dir='ltr'><strong>venisset</strong></span> <span class='ocrx_word' id='word_1_389' title='bbox 2540 2492 2705 2533; x_wconf 89' lang='lat' dir='ltr'><strong>verus</strong></span> <span class='ocrx_word' id='word_1_390' title='bbox 2753 2478 3025 2547; x_wconf 87' lang='lat' dir='ltr'><strong>Christus,</strong></span> <span class='ocrx_word' id='word_1_391' title='bbox 3075 2492 3354 2551; x_wconf 87' lang='lat' dir='ltr'><strong>suspectus</strong></span> 
     </span>
    </p>
   </div>
   <div class='ocr_carea' id='block_1_48' title="bbox 149 2562 1686 2640">
    <p class='ocr_par' dir='ltr' id='par_1_48' title="bbox 149 2562 1681 2639">
     <span class='ocr_line' id='line_1_48' title="bbox 149 2562 1681 2639; baseline 0.004 -26"><span class='ocrx_word' id='word_1_392' title='bbox 149 2562 338 2626; x_wconf 79' lang='grc' dir='ltr'>πλάνος.</span> <span class='ocrx_word' id='word_1_393' title='bbox 376 2565 529 2634; x_wconf 87' lang='grc' dir='ltr'>Ἔχει</span> <span class='ocrx_word' id='word_1_394' title='bbox 573 2564 687 2635; x_wconf 80' lang='grc' dir='ltr'>γὰρ</span> <span class='ocrx_word' id='word_1_395' title='bbox 728 2565 789 2617; x_wconf 79' lang='grc' dir='ltr'>τὸ</span> <span class='ocrx_word' id='word_1_396' title='bbox 827 2565 1183 2633; x_wconf 83' lang='grc' dir='ltr'>Εὑαγγέλιον,</span> <span class='ocrx_word' id='word_1_397' title='bbox 1217 2565 1291 2628; x_wconf 77' lang='grc' dir='ltr'>ὡς</span> <span class='ocrx_word' id='word_1_398' title='bbox 1318 2567 1377 2617; x_wconf 76' lang='grc' dir='ltr'><strong>ἐν</strong></span> <span class='ocrx_word' id='word_1_399' title='bbox 1415 2570 1479 2637; x_wconf 82' lang='grc' dir='ltr'>τῇ</span> <span class='ocrx_word' id='word_1_400' title='bbox 1521 2568 1681 2639; x_wconf 80' lang='grc' dir='ltr'>ἑορτῇ</span> 
     </span>
    </p>
   </div>
   <div class='ocr_carea' id='block_1_49' title="bbox 1859 2562 3354 2640">
    <p class='ocr_par' dir='ltr' id='par_1_49' title="bbox 1865 2567 3354 2640">
     <span class='ocr_line' id='line_1_49' title="bbox 1865 2567 3354 2640; baseline 0.005 -21"><span class='ocrx_word' id='word_1_401' title='bbox 1865 2567 2059 2637; x_wconf 88' lang='lat' dir='ltr'><strong>tquasi</strong></span> <span class='ocrx_word' id='word_1_402' title='bbox 2092 2567 2347 2621; x_wconf 86' lang='lat' dir='ltr'><strong>seductor</strong></span> <span class='ocrx_word' id='word_1_403' title='bbox 2382 2582 2397 2631; x_wconf 87' lang='lat'><strong>;</strong></span> <span class='ocrx_word' id='word_1_404' title='bbox 2432 2576 2665 2622; x_wconf 85' lang='lat' dir='ltr'><strong>testatur</strong></span> <span class='ocrx_word' id='word_1_405' title='bbox 2688 2570 2829 2623; x_wconf 89' lang='lat' dir='ltr'><strong>enim</strong></span> <span class='ocrx_word' id='word_1_406' title='bbox 2861 2569 3206 2640; x_wconf 86' lang='lat' dir='ltr'><strong>Evangelium</strong></span> <span class='ocrx_word' id='word_1_407' title='bbox 3237 2582 3354 2626; x_wconf 81' lang='lat' dir='ltr'><strong>tur-</strong></span> 
     </span>
    </p>
   </div>
   <div class='ocr_carea' id='block_1_50' title="bbox 147 2654 1685 2728">
    <p class='ocr_par' dir='ltr' id='par_1_50' title="bbox 147 2654 1685 2728">
     <span class='ocr_line' id='line_1_50' title="bbox 147 2654 1685 2728; baseline 0.004 -22"><span class='ocrx_word' id='word_1_408' title='bbox 147 2654 239 2707; x_wconf 82' lang='grc' dir='ltr'>τῶν</span> <span class='ocrx_word' id='word_1_409' title='bbox 275 2656 665 2726; x_wconf 71' lang='grc' dir='ltr'>Σκηνοπηγίων</span> <span class='ocrx_word' id='word_1_410' title='bbox 703 2656 927 2726; x_wconf 77' lang='grc' dir='ltr'>ἐζήτουν</span> <span class='ocrx_word' id='word_1_411' title='bbox 952 2656 1042 2708; x_wconf 80' lang='grc' dir='ltr'><strong>τὸν</strong></span> <span class='ocrx_word' id='word_1_412' title='bbox 1081 2656 1287 2725; x_wconf 83' lang='grc' dir='ltr'>Ἰησοῦν</span> <span class='ocrx_word' id='word_1_413' title='bbox 1314 2659 1362 2710; x_wconf 88' lang='grc' dir='ltr'>οἱ</span> <span class='ocrx_word' id='word_1_414' title='bbox 1390 2657 1558 2728; x_wconf 63' lang='grc' dir='ltr'>ὄχλοι,</span> <span class='ocrx_word' id='word_1_415' title='bbox 1594 2659 1685 2712; x_wconf 83' lang='grc' dir='ltr'><strong>λέ-</strong></span> 
     </span>
    </p>
   </div>
   <div class='ocr_carea' id='block_1_51' title="bbox 148 2743 1686 2819">
    <p class='ocr_par' dir='ltr' id='par_1_51' title="bbox 148 2743 1686 2819">
     <span class='ocr_line' id='line_1_51' title="bbox 148 2743 1686 2819; baseline 0.005 -21"><span class='ocrx_word' id='word_1_416' title='bbox 148 2763 335 2814; x_wconf 76' lang='grc' dir='ltr'>γοντεςο</span> <span class='ocrx_word' id='word_1_417' title='bbox 371 2767 388 2799; x_wconf 87' lang='grc'><strong><em>‹</em></strong></span> <span class='ocrx_word' id='word_1_418' title='bbox 425 2748 539 2802; x_wconf 86' lang='grc' dir='ltr'>Ποῦ</span> <span class='ocrx_word' id='word_1_419' title='bbox 580 2747 766 2813; x_wconf 77' lang='grc' dir='ltr'>ἕστιν;</span> <span class='ocrx_word' id='word_1_420' title='bbox 825 2747 937 2802; x_wconf 77' lang='grc' dir='ltr'>Καὶ</span> <span class='ocrx_word' id='word_1_421' title='bbox 993 2743 1062 2818; x_wconf 79' lang='grc' dir='ltr'>ἦν</span> <span class='ocrx_word' id='word_1_422' title='bbox 1095 2750 1225 2819; x_wconf 72' lang='grc' dir='ltr'>περὶ</span> <span class='ocrx_word' id='word_1_423' title='bbox 1259 2749 1424 2801; x_wconf 77' lang='grc' dir='ltr'>αὑτοῦ</span> <span class='ocrx_word' id='word_1_424' title='bbox 1466 2751 1686 2819; x_wconf 80' lang='grc' dir='ltr'>διαφω-</span> 
     </span>
    </p>
   </div>
   <div class='ocr_carea' id='block_1_52' title="bbox 1781 2656 3355 2731">
    <p class='ocr_par' dir='ltr' id='par_1_52' title="bbox 1781 2656 3355 2731">
     <span class='ocr_line' id='line_1_52' title="bbox 1781 2656 3355 2731; baseline 0.006 -22"><span class='ocrx_word' id='word_1_425' title='bbox 1781 2656 1878 2710; x_wconf 89' lang='lat' dir='ltr'><strong>bas</strong></span> <span class='ocrx_word' id='word_1_426' title='bbox 1933 2656 1987 2709; x_wconf 91' lang='lat' dir='ltr'><strong>in</strong></span> <span class='ocrx_word' id='word_1_427' title='bbox 2034 2656 2324 2711; x_wconf 84' lang='lat' dir='ltr'><strong>festivitate</strong></span> <span class='ocrx_word' id='word_1_428' title='bbox 2374 2656 2487 2727; x_wconf 85' lang='grc'>(71)</span> <span class='ocrx_word' id='word_1_429' title='bbox 2536 2657 2989 2728; x_wconf 81' lang='lat' dir='ltr'><strong>Scenopegiorum</strong></span> <span class='ocrx_word' id='word_1_430' title='bbox 3039 2662 3355 2731; x_wconf 69' lang='lat' dir='ltr'><strong>quaesivisse</strong></span> 
     </span>
    </p>
   </div>
   <div class='ocr_carea' id='block_1_53' title="bbox 1781 2745 3357 2820">
    <p class='ocr_par' dir='ltr' id='par_1_53' title="bbox 1781 2745 3357 2820">
     <span class='ocr_line' id='line_1_53' title="bbox 1781 2745 3357 2820; baseline 0.004 -19"><span class='ocrx_word' id='word_1_431' title='bbox 1781 2745 1964 2801; x_wconf 83' lang='lat' dir='ltr'><strong>Jesum</strong></span> <span class='ocrx_word' id='word_1_432' title='bbox 2004 2746 2244 2800; x_wconf 89' lang='lat' dir='ltr'><strong>dicentes</strong></span> <span class='ocrx_word' id='word_1_433' title='bbox 2283 2764 2296 2800; x_wconf 93' lang='lat'><strong>:</strong></span> <span class='ocrx_word' id='word_1_434' title='bbox 2336 2766 2355 2798; x_wconf 78' lang='grc' dir='ltr'><strong>ι</strong></span> <span class='ocrx_word' id='word_1_435' title='bbox 2390 2746 2488 2801; x_wconf 89' lang='lat' dir='ltr'><strong>Ubi</strong></span> <span class='ocrx_word' id='word_1_436' title='bbox 2524 2749 2647 2802; x_wconf 79' lang='lat' dir='ltr'><strong>est?</strong></span> <span class='ocrx_word' id='word_1_437' title='bbox 2680 2749 2745 2803; x_wconf 89' lang='lat' dir='ltr'><strong>Et</strong></span> <span class='ocrx_word' id='word_1_438' title='bbox 2775 2759 2891 2803; x_wconf 87' lang='lat' dir='ltr'><strong>erat</strong></span> <span class='ocrx_word' id='word_1_439' title='bbox 2920 2751 2987 2805; x_wconf 92' lang='lat' dir='ltr'><strong>de</strong></span> <span class='ocrx_word' id='word_1_440' title='bbox 3016 2751 3130 2820; x_wconf 91' lang='lat' dir='ltr'><strong>ipso</strong></span> <span class='ocrx_word' id='word_1_441' title='bbox 3153 2752 3357 2808; x_wconf 88' lang='lat' dir='ltr'><strong>discor-</strong></span> 
     </span>
    </p>
   </div>
   <div class='ocr_carea' id='block_1_54' title="bbox 148 2838 1686 2911">
    <p class='ocr_par' dir='ltr' id='par_1_54' title="bbox 148 2838 1683 2911">
     <span class='ocr_line' id='line_1_54' title="bbox 148 2838 1683 2911; baseline 0.004 -21"><span class='ocrx_word' id='word_1_442' title='bbox 148 2838 244 2891; x_wconf 74' lang='grc' dir='ltr'>νίαο</span> <span class='ocrx_word' id='word_1_443' title='bbox 284 2842 327 2892; x_wconf 80' lang='grc' dir='ltr'>οἱ</span> <span class='ocrx_word' id='word_1_444' title='bbox 374 2840 468 2911; x_wconf 78' lang='grc' dir='ltr'><strong>μὲν</strong></span> <span class='ocrx_word' id='word_1_445' title='bbox 515 2839 739 2907; x_wconf 73' lang='grc' dir='ltr'>ἔλεγον·</span> <span class='ocrx_word' id='word_1_446' title='bbox 797 2840 1023 2907; x_wconf 82' lang='grc' dir='ltr'>Ἀγαθός</span> <span class='ocrx_word' id='word_1_447' title='bbox 1061 2841 1243 2893; x_wconf 84' lang='grc' dir='ltr'><strong>ἐστιν⁹</strong></span> <span class='ocrx_word' id='word_1_448' title='bbox 1290 2841 1439 2895; x_wconf 84' lang='grc' dir='ltr'>ἄλλοι</span> <span class='ocrx_word' id='word_1_449' title='bbox 1464 2841 1683 2911; x_wconf 81' lang='grc' dir='ltr'>ἔλεγον·</span> 
     </span>
    </p>
   </div>
   <div class='ocr_carea' id='block_1_55' title="bbox 1859 2838 3355 2911">
    <p class='ocr_par' dir='ltr' id='par_1_55' title="bbox 1859 2839 3355 2910">
     <span class='ocr_line' id='line_1_55' title="bbox 1859 2839 3355 2910; baseline 0.003 -17"><span class='ocrx_word' id='word_1_450' title='bbox 1859 2856 1875 2893; x_wconf 81' lang='grc' dir='ltr'><strong>ι</strong></span> <span class='ocrx_word' id='word_1_451' title='bbox 1908 2854 1924 2892; x_wconf 92' lang='lat'><strong>:</strong></span> <span class='ocrx_word' id='word_1_452' title='bbox 1958 2839 2047 2892; x_wconf 88' lang='lat' dir='ltr'><strong>alii</strong></span> <span class='ocrx_word' id='word_1_453' title='bbox 2085 2840 2300 2907; x_wconf 89' lang='lat' dir='ltr'><strong>quidem</strong></span> <span class='ocrx_word' id='word_1_454' title='bbox 2357 2840 2608 2895; x_wconf 90' lang='lat' dir='ltr'><strong>dicebant</strong></span> <span class='ocrx_word' id='word_1_455' title='bbox 2640 2859 2653 2895; x_wconf 90' lang='lat'><strong>:</strong></span> <span class='ocrx_word' id='word_1_456' title='bbox 2693 2841 2872 2896; x_wconf 89' lang='lat' dir='ltr'><strong>Bonus</strong></span> <span class='ocrx_word' id='word_1_457' title='bbox 2934 2851 3045 2910; x_wconf 88' lang='lat' dir='ltr'><strong>est;</strong></span> <span class='ocrx_word' id='word_1_458' title='bbox 3087 2844 3173 2897; x_wconf 84' lang='lat' dir='ltr'><strong>alii</strong></span> <span class='ocrx_word' id='word_1_459' title='bbox 3209 2844 3355 2898; x_wconf 88' lang='lat' dir='ltr'><strong>dice-</strong></span> 
     </span>
    </p>
   </div>
   <div class='ocr_carea' id='block_1_56' title="bbox 148 2930 1682 3004">
    <p class='ocr_par' dir='ltr' id='par_1_56' title="bbox 148 2930 1682 3004">
     <span class='ocr_line' id='line_1_56' title="bbox 148 2930 1682 3004; baseline 0.004 -23"><span class='ocrx_word' id='word_1_460' title='bbox 148 2930 284 2999; x_wconf 79' lang='grc' dir='ltr'>Οὑχί·</span> <span class='ocrx_word' id='word_1_461' title='bbox 316 2930 487 3001; x_wconf 78' lang='grc' dir='ltr'>πλανᾷ</span> <span class='ocrx_word' id='word_1_462' title='bbox 514 2931 613 2984; x_wconf 78' lang='grc' dir='ltr'><strong>τὸν</strong></span> <span class='ocrx_word' id='word_1_463' title='bbox 640 2930 815 3000; x_wconf 76' lang='grc' dir='ltr'>ὄχλον.</span> <span class='ocrx_word' id='word_1_464' title='bbox 851 2951 868 2981; x_wconf 77' lang='grc' dir='ltr'><strong>ι</strong></span> <span class='ocrx_word' id='word_1_465' title='bbox 896 2931 1005 2983; x_wconf 79' lang='grc' dir='ltr'>Καὶ</span> <span class='ocrx_word' id='word_1_466' title='bbox 1030 2931 1190 2985; x_wconf 88' lang='grc' dir='ltr'>πάλιν</span> <span class='ocrx_word' id='word_1_467' title='bbox 1217 2933 1266 2984; x_wconf 82' lang='grc' dir='ltr'><strong>οἱ</strong></span> <span class='ocrx_word' id='word_1_468' title='bbox 1295 2934 1569 3004; x_wconf 75' lang='grc' dir='ltr'>ἀρχιερεῖς</span> <span class='ocrx_word' id='word_1_469' title='bbox 1599 2934 1682 2987; x_wconf 82' lang='grc' dir='ltr'>λέ-</span> 
     </span>
    </p>
   </div>
   <div class='ocr_carea' id='block_1_57' title="bbox 148 3018 1686 3093">
    <p class='ocr_par' dir='ltr' id='par_1_57' title="bbox 148 3018 1686 3093">
     <span class='ocr_line' id='line_1_57' title="bbox 148 3018 1686 3093; baseline 0.003 -20"><span class='ocrx_word' id='word_1_470' title='bbox 148 3038 279 3088; x_wconf 84' lang='grc' dir='ltr'>γουσι</span> <span class='ocrx_word' id='word_1_471' title='bbox 342 3022 417 3093; x_wconf 83' lang='grc' dir='ltr'>τῷ</span> <span class='ocrx_word' id='word_1_472' title='bbox 456 3022 715 3092; x_wconf 76' lang='grc' dir='ltr'>Πιλάτῳο</span> <span class='ocrx_word' id='word_1_473' title='bbox 752 3039 769 3071; x_wconf 84' lang='grc' dir='ltr'><strong>ι</strong></span> <span class='ocrx_word' id='word_1_474' title='bbox 802 3021 1074 3091; x_wconf 81' lang='grc' dir='ltr'>Οἴδαμεν,</span> <span class='ocrx_word' id='word_1_475' title='bbox 1124 3022 1317 3093; x_wconf 81' lang='grc' dir='ltr'>Κύριε,</span> <span class='ocrx_word' id='word_1_476' title='bbox 1353 3024 1435 3076; x_wconf 88' lang='grc' dir='ltr'>ὃτι</span> <span class='ocrx_word' id='word_1_477' title='bbox 1474 3018 1627 3077; x_wconf 75' lang='grc' dir='ltr'>εἶπεν</span> <span class='ocrx_word' id='word_1_478' title='bbox 1657 3026 1686 3078; x_wconf 93' lang='lat'><strong>6</strong></span> 
     </span>
    </p>
   </div>
   <div class='ocr_carea' id='block_1_58' title="bbox 148 3111 1685 3185">
    <p class='ocr_par' dir='ltr' id='par_1_58' title="bbox 148 3111 1685 3185">
     <span class='ocr_line' id='line_1_58' title="bbox 148 3111 1685 3185; baseline 0.003 -22"><span class='ocrx_word' id='word_1_479' title='bbox 148 3113 319 3175; x_wconf 76' lang='grc' dir='ltr'>πλάνος</span> <span class='ocrx_word' id='word_1_480' title='bbox 341 3115 543 3178; x_wconf 81' lang='grc' dir='ltr'>ἐκεῖνος</span> <span class='ocrx_word' id='word_1_481' title='bbox 579 3114 661 3165; x_wconf 79' lang='grc' dir='ltr'><strong>ἔτι</strong></span> <span class='ocrx_word' id='word_1_482' title='bbox 688 3111 796 3177; x_wconf 83' lang='grc' dir='ltr'><strong>ζῶν</strong></span> <span class='ocrx_word' id='word_1_483' title='bbox 818 3129 831 3142; x_wconf 87' lang='grc'><strong>·</strong></span> <span class='ocrx_word' id='word_1_484' title='bbox 863 3113 1018 3168; x_wconf 83' lang='grc' dir='ltr'>Μετὰ</span> <span class='ocrx_word' id='word_1_485' title='bbox 1050 3117 1195 3183; x_wconf 84' lang='grc' dir='ltr'>τρεῖς</span> <span class='ocrx_word' id='word_1_486' title='bbox 1221 3114 1429 3185; x_wconf 75' lang='grc' dir='ltr'>ἡμέρας</span> <span class='ocrx_word' id='word_1_487' title='bbox 1472 3115 1685 3185; x_wconf 84' lang='grc' dir='ltr'>ἐγείρο-</span> 
     </span>
    </p>
   </div>
   <div class='ocr_carea' id='block_1_59' title="bbox 151 3200 1684 3274">
    <p class='ocr_par' dir='ltr' id='par_1_59' title="bbox 151 3200 1684 3274">
     <span class='ocr_line' id='line_1_59' title="bbox 151 3200 1684 3274; baseline 0.003 -20"><span class='ocrx_word' id='word_1_488' title='bbox 151 3218 250 3271; x_wconf 85' lang='grc' dir='ltr'>μαι.</span> <span class='ocrx_word' id='word_1_489' title='bbox 286 3223 302 3254; x_wconf 79' lang='grc' dir='ltr'><strong>ι</strong></span> <span class='ocrx_word' id='word_1_490' title='bbox 332 3203 497 3257; x_wconf 77' lang='grc' dir='ltr'>Εἶπεν</span> <span class='ocrx_word' id='word_1_491' title='bbox 524 3200 623 3257; x_wconf 82' lang='grc' dir='ltr'><strong>οῦν</strong></span> <span class='ocrx_word' id='word_1_492' title='bbox 648 3205 676 3255; x_wconf 90' lang='lat'><strong>6</strong></span> <span class='ocrx_word' id='word_1_493' title='bbox 698 3201 907 3273; x_wconf 81' lang='grc' dir='ltr'>Σωτὴρ,</span> <span class='ocrx_word' id='word_1_494' title='bbox 936 3203 1066 3271; x_wconf 77' lang='grc' dir='ltr'>περὶ</span> <span class='ocrx_word' id='word_1_495' title='bbox 1090 3204 1185 3274; x_wconf 83' lang='grc' dir='ltr'>μὲν</span> <span class='ocrx_word' id='word_1_496' title='bbox 1221 3205 1444 3257; x_wconf 80' lang='grc' dir='ltr'>ἐκείνων</span> <span class='ocrx_word' id='word_1_497' title='bbox 1478 3204 1684 3273; x_wconf 53' lang='grc' dir='ltr'>οῦτωςς</span> 
     </span>
    </p>
   </div>
   <div class='ocr_carea' id='block_1_60' title="bbox 154 3291 1683 3367">
    <p class='ocr_par' dir='ltr' id='par_1_60' title="bbox 154 3291 1683 3367">
     <span class='ocr_line' id='line_1_60' title="bbox 154 3291 1683 3367; baseline 0.005 -25"><span class='ocrx_word' id='word_1_498' title='bbox 154 3312 168 3342; x_wconf 79' lang='grc' dir='ltr'><strong>ι</strong></span> <span class='ocrx_word' id='word_1_499' title='bbox 204 3295 340 3348; x_wconf 86' lang='grc' dir='ltr'>Ὅσοι</span> <span class='ocrx_word' id='word_1_500' title='bbox 364 3292 525 3366; x_wconf 81' lang='grc' dir='ltr'>ἦλθον</span> <span class='ocrx_word' id='word_1_501' title='bbox 562 3294 676 3366; x_wconf 85' lang='grc' dir='ltr'><strong>πρὸ</strong></span> <span class='ocrx_word' id='word_1_502' title='bbox 705 3293 861 3364; x_wconf 83' lang='grc' dir='ltr'>ἐμοῦ,</span> <span class='ocrx_word' id='word_1_503' title='bbox 895 3294 1126 3347; x_wconf 84' lang='grc' dir='ltr'>κλέπται</span> <span class='ocrx_word' id='word_1_504' title='bbox 1154 3291 1292 3365; x_wconf 79' lang='grc' dir='ltr'>ἦσαν</span> <span class='ocrx_word' id='word_1_505' title='bbox 1324 3297 1417 3348; x_wconf 79' lang='grc' dir='ltr'>καὶ</span> <span class='ocrx_word' id='word_1_506' title='bbox 1461 3296 1683 3367; x_wconf 76' lang='grc' dir='ltr'>λῃσταίο</span> 
     </span>
    </p>
   </div>
   <div class='ocr_carea' id='block_1_61' title="bbox 150 3384 1687 3458">
    <p class='ocr_par' dir='ltr' id='par_1_61' title="bbox 150 3384 1687 3458">
     <span class='ocr_line' id='line_1_61' title="bbox 150 3384 1687 3458; baseline 0.003 -21"><span class='ocrx_word' id='word_1_507' title='bbox 150 3384 244 3438; x_wconf 77' lang='grc' dir='ltr'>ἀλλ’</span> <span class='ocrx_word' id='word_1_508' title='bbox 273 3388 365 3439; x_wconf 77' lang='grc' dir='ltr'><strong>οὐκ</strong></span> <span class='ocrx_word' id='word_1_509' title='bbox 407 3390 646 3458; x_wconf 68' lang='grc' dir='ltr'>ἤκουσεν</span> <span class='ocrx_word' id='word_1_510' title='bbox 681 3386 861 3440; x_wconf 84' lang='grc' dir='ltr'>αὐτῶν</span> <span class='ocrx_word' id='word_1_511' title='bbox 889 3385 959 3439; x_wconf 82' lang='grc' dir='ltr'>τὰ</span> <span class='ocrx_word' id='word_1_512' title='bbox 988 3387 1256 3456; x_wconf 80' lang='grc' dir='ltr'>πρόϐατα.</span> <span class='ocrx_word' id='word_1_513' title='bbox 1288 3389 1331 3439; x_wconf 92' lang='grc' dir='ltr'>Τ</span> <span class='ocrx_word' id='word_1_514' title='bbox 1335 3386 1369 3440; x_wconf 85' lang='grc' dir='ltr'>ὰ</span> <span class='ocrx_word' id='word_1_515' title='bbox 1409 3388 1518 3458; x_wconf 81' lang='grc' dir='ltr'><strong>ἐμά</strong></span> <span class='ocrx_word' id='word_1_516' title='bbox 1556 3387 1687 3458; x_wconf 88' lang='grc' dir='ltr'>πρό-</span> 
     </span>
    </p>
   </div>
   <div class='ocr_carea' id='block_1_62' title="bbox 149 3474 1687 3549">
    <p class='ocr_par' dir='ltr' id='par_1_62' title="bbox 149 3474 1687 3549">
     <span class='ocr_line' id='line_1_62' title="bbox 149 3474 1687 3549; baseline 0.003 -24"><span class='ocrx_word' id='word_1_517' title='bbox 149 3474 264 3528; x_wconf 76' lang='grc' dir='ltr'>ϐατα</span> <span class='ocrx_word' id='word_1_518' title='bbox 305 3478 401 3548; x_wconf 78' lang='grc' dir='ltr'>τῆς</span> <span class='ocrx_word' id='word_1_519' title='bbox 429 3480 571 3549; x_wconf 80' lang='grc' dir='ltr'>ἐμῆς</span> <span class='ocrx_word' id='word_1_520' title='bbox 614 3477 801 3547; x_wconf 83' lang='grc' dir='ltr'>φωνῆς</span> <span class='ocrx_word' id='word_1_521' title='bbox 835 3476 1145 3540; x_wconf 86' lang='grc' dir='ltr'>ἀκούουσιν,</span> <span class='ocrx_word' id='word_1_522' title='bbox 1192 3476 1286 3529; x_wconf 74' lang='grc' dir='ltr'>καὶ</span> <span class='ocrx_word' id='word_1_523' title='bbox 1311 3476 1565 3547; x_wconf 78' lang='grc' dir='ltr'>γνωρίζει</span> <span class='ocrx_word' id='word_1_524' title='bbox 1589 3476 1687 3547; x_wconf 83' lang='grc' dir='ltr'>τὴν</span> 
     </span>
    </p>
   </div>
   <div class='ocr_carea' id='block_1_63' title="bbox 150 3567 1683 3644">
    <p class='ocr_par' dir='ltr' id='par_1_63' title="bbox 150 3567 1683 3644">
     <span class='ocr_line' id='line_1_63' title="bbox 150 3567 1683 3644; baseline 0.001 -25"><span class='ocrx_word' id='word_1_525' title='bbox 150 3570 305 3639; x_wconf 74' lang='grc' dir='ltr'>φωνήν</span> <span class='ocrx_word' id='word_1_526' title='bbox 354 3588 476 3644; x_wconf 80' lang='grc' dir='ltr'>μου,</span> <span class='ocrx_word' id='word_1_527' title='bbox 522 3568 625 3623; x_wconf 80' lang='grc' dir='ltr'><strong>καὶ</strong></span> <span class='ocrx_word' id='word_1_528' title='bbox 659 3568 942 3623; x_wconf 81' lang='grc' dir='ltr'>ἀκολουθεῖ</span> <span class='ocrx_word' id='word_1_529' title='bbox 983 3583 1109 3638; x_wconf 85' lang='grc' dir='ltr'>μοι·</span> <span class='ocrx_word' id='word_1_530' title='bbox 1146 3587 1164 3619; x_wconf 87' lang='grc'>›</span> <span class='ocrx_word' id='word_1_531' title='bbox 1208 3568 1337 3638; x_wconf 79' lang='grc' dir='ltr'>περὶ</span> <span class='ocrx_word' id='word_1_532' title='bbox 1374 3568 1429 3620; x_wconf 84' lang='grc' dir='ltr'>δὲ</span> <span class='ocrx_word' id='word_1_533' title='bbox 1457 3567 1683 3621; x_wconf 77' lang='grc' dir='ltr'>ἑαυτοῦ’</span> 
     </span>
    </p>
   </div>
   <div class='ocr_carea' id='block_1_64' title="bbox 153 3658 1686 3732">
    <p class='ocr_par' dir='ltr' id='par_1_64' title="bbox 153 3658 1686 3732">
     <span class='ocr_line' id='line_1_64' title="bbox 153 3658 1686 3732; baseline -0.001 -17"><span class='ocrx_word' id='word_1_534' title='bbox 153 3678 167 3708; x_wconf 77' lang='grc' dir='ltr'><strong>ι</strong></span> <span class='ocrx_word' id='word_1_535' title='bbox 207 3660 331 3729; x_wconf 78' lang='grc' dir='ltr'>Ἐγὼ</span> <span class='ocrx_word' id='word_1_536' title='bbox 367 3663 460 3715; x_wconf 80' lang='grc' dir='ltr'><strong>ἀπ’</strong></span> <span class='ocrx_word' id='word_1_537' title='bbox 503 3659 752 3732; x_wconf 85' lang='grc' dir='ltr'>ἐμαυτοῦ</span> <span class='ocrx_word' id='word_1_538' title='bbox 793 3661 855 3713; x_wconf 78' lang='grc' dir='ltr'><strong>οὐ</strong></span> <span class='ocrx_word' id='word_1_539' title='bbox 902 3658 1078 3712; x_wconf 83' lang='grc' dir='ltr'>λαλῶ’</span> <span class='ocrx_word' id='word_1_540' title='bbox 1134 3679 1151 3712; x_wconf 78' lang='grc' dir='ltr'><strong>ι</strong></span> <span class='ocrx_word' id='word_1_541' title='bbox 1195 3659 1269 3723; x_wconf 82' lang='grc' dir='ltr'>ὡς</span> <span class='ocrx_word' id='word_1_542' title='bbox 1301 3662 1498 3713; x_wconf 89' lang='grc' dir='ltr'>ἐκεῖνοι</span> <span class='ocrx_word' id='word_1_543' title='bbox 1529 3660 1686 3731; x_wconf 85' lang='grc' dir='ltr'>δῆλον</span> 
     </span>
    </p>
   </div>
   <div class='ocr_carea' id='block_1_65' title="bbox 150 3748 1687 3823">
    <p class='ocr_par' dir='ltr' id='par_1_65' title="bbox 150 3748 1687 3823">
     <span class='ocr_line' id='line_1_65' title="bbox 150 3748 1687 3823; baseline 0.001 -22"><span class='ocrx_word' id='word_1_544' title='bbox 150 3748 235 3801; x_wconf 79' lang='grc' dir='ltr'>ὅτι.</span> <span class='ocrx_word' id='word_1_545' title='bbox 273 3752 533 3823; x_wconf 88' lang='grc' dir='ltr'>Προειδὼς</span> <span class='ocrx_word' id='word_1_546' title='bbox 574 3751 635 3804; x_wconf 81' lang='grc' dir='ltr'>δὲ</span> <span class='ocrx_word' id='word_1_547' title='bbox 663 3751 759 3805; x_wconf 78' lang='grc' dir='ltr'><strong>καὶ</strong></span> <span class='ocrx_word' id='word_1_548' title='bbox 791 3750 861 3803; x_wconf 83' lang='grc' dir='ltr'>τὰ</span> <span class='ocrx_word' id='word_1_549' title='bbox 891 3750 1174 3821; x_wconf 82' lang='grc' dir='ltr'>μέλλοντα,</span> <span class='ocrx_word' id='word_1_550' title='bbox 1205 3749 1280 3814; x_wconf 82' lang='grc' dir='ltr'>ὡς</span> <span class='ocrx_word' id='word_1_551' title='bbox 1308 3749 1460 3813; x_wconf 76' lang='grc' dir='ltr'>Θεὸς,</span> <span class='ocrx_word' id='word_1_552' title='bbox 1490 3750 1584 3803; x_wconf 78' lang='grc' dir='ltr'><strong>καὶ</strong></span> <span class='ocrx_word' id='word_1_553' title='bbox 1605 3751 1687 3803; x_wconf 85' lang='grc' dir='ltr'>ὅτι</span> 
     </span>
    </p>
   </div>
   <div class='ocr_carea' id='block_1_66' title="bbox 153 3841 1686 3916">
    <p class='ocr_par' dir='ltr' id='par_1_66' title="bbox 153 3841 1686 3916">
     <span class='ocr_line' id='line_1_66' title="bbox 153 3841 1686 3916; baseline 0 -21"><span class='ocrx_word' id='word_1_554' title='bbox 153 3842 268 3911; x_wconf 83' lang='grc' dir='ltr'>μετὰ</span> <span class='ocrx_word' id='word_1_555' title='bbox 309 3844 402 3916; x_wconf 73' lang='grc' dir='ltr'><strong>τὴν</strong></span> <span class='ocrx_word' id='word_1_556' title='bbox 446 3846 504 3898; x_wconf 81' lang='grc' dir='ltr'><strong>ἐν</strong></span> <span class='ocrx_word' id='word_1_557' title='bbox 550 3844 806 3915; x_wconf 78' lang='grc' dir='ltr'>οὐρανοῖς</span> <span class='ocrx_word' id='word_1_558' title='bbox 846 3842 1031 3898; x_wconf 81' lang='grc' dir='ltr'>ἄνοδον</span> <span class='ocrx_word' id='word_1_559' title='bbox 1075 3842 1274 3908; x_wconf 82' lang='grc' dir='ltr'>αὑτοῦ,</span> <span class='ocrx_word' id='word_1_560' title='bbox 1314 3843 1408 3895; x_wconf 76' lang='grc' dir='ltr'>καὶ</span> <span class='ocrx_word' id='word_1_561' title='bbox 1452 3842 1549 3913; x_wconf 82' lang='grc' dir='ltr'><strong>τὴν</strong></span> <span class='ocrx_word' id='word_1_562' title='bbox 1592 3841 1686 3895; x_wconf 88' lang='grc' dir='ltr'><strong>τοῦ</strong></span> 
     </span>
    </p>
   </div>
   <div class='ocr_carea' id='block_1_67' title="bbox 153 3934 1686 4007">
    <p class='ocr_par' dir='ltr' id='par_1_67' title="bbox 153 3934 1686 4007">
     <span class='ocr_line' id='line_1_67' title="bbox 153 3934 1686 4007; baseline 0.001 -21"><span class='ocrx_word' id='word_1_563' title='bbox 153 3934 285 4002; x_wconf 80' lang='grc' dir='ltr'>ἁγίου</span> <span class='ocrx_word' id='word_1_564' title='bbox 308 3936 631 4007; x_wconf 80' lang='grc' dir='ltr'>Πνεύματος</span> <span class='ocrx_word' id='word_1_565' title='bbox 667 3935 983 4006; x_wconf 87' lang='grc' dir='ltr'>ἐπιδημίαν,</span> <span class='ocrx_word' id='word_1_566' title='bbox 1022 3934 1237 3989; x_wconf 79' lang='grc' dir='ltr'>ἔσονται</span> <span class='ocrx_word' id='word_1_567' title='bbox 1277 3934 1438 3987; x_wconf 88' lang='grc' dir='ltr'>πάλιν</span> <span class='ocrx_word' id='word_1_568' title='bbox 1476 3934 1686 3999; x_wconf 85' lang='grc' dir='ltr'>πλάνοι,</span> 
     </span>
    </p>
   </div>
   <div class='ocr_carea' id='block_1_68' title="bbox 152 4022 1691 4095">
    <p class='ocr_par' dir='ltr' id='par_1_68' title="bbox 152 4022 1691 4095">
     <span class='ocr_line' id='line_1_68' title="bbox 152 4022 1691 4095; baseline 0.001 -19"><span class='ocrx_word' id='word_1_569' title='bbox 152 4022 213 4086; x_wconf 82' lang='grc' dir='ltr'><strong>ὡς</strong></span> <span class='ocrx_word' id='word_1_570' title='bbox 242 4024 429 4095; x_wconf 88' lang='grc' dir='ltr'>Σίμων,</span> <span class='ocrx_word' id='word_1_571' title='bbox 471 4027 546 4089; x_wconf 85' lang='grc' dir='ltr'>ὡς</span> <span class='ocrx_word' id='word_1_572' title='bbox 588 4024 889 4089; x_wconf 81' lang='grc' dir='ltr'>Μοντανὸς,</span> <span class='ocrx_word' id='word_1_573' title='bbox 927 4023 1004 4087; x_wconf 79' lang='grc' dir='ltr'>ὡς</span> <span class='ocrx_word' id='word_1_574' title='bbox 1044 4025 1362 4095; x_wconf 88' lang='grc' dir='ltr'>Μανιχαῖος,</span> <span class='ocrx_word' id='word_1_575' title='bbox 1406 4040 1691 4095; x_wconf 84' lang='grc' dir='ltr'>προησφα-</span> 
     </span>
    </p>
   </div>
   <div class='ocr_carea' id='block_1_69' title="bbox 152 4114 1691 4186">
    <p class='ocr_par' dir='ltr' id='par_1_69' title="bbox 152 4114 1691 4186">
     <span class='ocr_line' id='line_1_69' title="bbox 152 4114 1691 4186; baseline 0.001 -20"><span class='ocrx_word' id='word_1_576' title='bbox 152 4114 311 4170; x_wconf 83' lang='grc' dir='ltr'>λίσατο</span> <span class='ocrx_word' id='word_1_577' title='bbox 361 4116 567 4172; x_wconf 76' lang='grc' dir='ltr'>εἰπών’</span> <span class='ocrx_word' id='word_1_578' title='bbox 627 4135 646 4169; x_wconf 82' lang='lat' dir='ltr'><strong>t</strong></span> <span class='ocrx_word' id='word_1_579' title='bbox 702 4117 870 4170; x_wconf 86' lang='grc' dir='ltr'>Ὅταν</span> <span class='ocrx_word' id='word_1_580' title='bbox 927 4114 1055 4186; x_wconf 80' lang='grc' dir='ltr'>ἐλοῃ</span> <span class='ocrx_word' id='word_1_581' title='bbox 1107 4117 1136 4168; x_wconf 93' lang='lat'><strong>6</strong></span> <span class='ocrx_word' id='word_1_582' title='bbox 1188 4114 1576 4186; x_wconf 84' lang='grc' dir='ltr'>Παράκλητος,</span> <span class='ocrx_word' id='word_1_583' title='bbox 1628 4114 1691 4168; x_wconf 79' lang='grc' dir='ltr'><strong>τὸ</strong></span> 
     </span>
    </p>
   </div>
   <div class='ocr_carea' id='block_1_70' title="bbox 1791 2928 3356 3002">
    <p class='ocr_par' dir='ltr' id='par_1_70' title="bbox 1791 2928 3356 3002">
     <span class='ocr_line' id='line_1_70' title="bbox 1791 2928 3356 3002; baseline 0.002 -17"><span class='ocrx_word' id='word_1_584' title='bbox 1791 2931 1920 2985; x_wconf 89' lang='lat' dir='ltr'><strong>bant</strong></span> <span class='ocrx_word' id='word_1_585' title='bbox 1951 2948 1965 2985; x_wconf 91' lang='lat'><strong>:</strong></span> <span class='ocrx_word' id='word_1_586' title='bbox 2002 2928 2152 2997; x_wconf 86' lang='lat' dir='ltr'><strong>Non;</strong></span> <span class='ocrx_word' id='word_1_587' title='bbox 2214 2931 2422 2986; x_wconf 90' lang='lat' dir='ltr'><strong>seducit</strong></span> <span class='ocrx_word' id='word_1_588' title='bbox 2455 2933 2721 2987; x_wconf 63' lang='lat' dir='ltr'><strong>turbam.»</strong></span> <span class='ocrx_word' id='word_1_589' title='bbox 2774 2933 2840 2986; x_wconf 86' lang='lat' dir='ltr'><strong>Et</strong></span> <span class='ocrx_word' id='word_1_590' title='bbox 2872 2949 3058 2987; x_wconf 88' lang='lat' dir='ltr'><strong>rursus</strong></span> <span class='ocrx_word' id='word_1_591' title='bbox 3087 2935 3356 3002; x_wconf 90' lang='lat' dir='ltr'><strong>principes</strong></span> 
     </span>
    </p>
   </div>
   <div class='ocr_carea' id='block_1_71' title="bbox 1791 3022 3353 3094">
    <p class='ocr_par' dir='ltr' id='par_1_71' title="bbox 1791 3022 3353 3094">
     <span class='ocr_line' id='line_1_71' title="bbox 1791 3022 3353 3094; baseline 0.001 -20"><span class='ocrx_word' id='word_1_592' title='bbox 1791 3022 2134 3077; x_wconf 83' lang='lat' dir='ltr'><strong>sacerdOtum</strong></span> <span class='ocrx_word' id='word_1_593' title='bbox 2186 3023 2338 3077; x_wconf 91' lang='lat' dir='ltr'><strong>aiunt</strong></span> <span class='ocrx_word' id='word_1_594' title='bbox 2390 3022 2561 3077; x_wconf 88' lang='lat' dir='ltr'><strong>Pilato</strong></span> <span class='ocrx_word' id='word_1_595' title='bbox 2604 3037 2619 3077; x_wconf 91' lang='lat'><strong>:</strong></span> <span class='ocrx_word' id='word_1_596' title='bbox 2656 3042 2675 3074; x_wconf 76' lang='grc' dir='ltr'><strong>ι</strong></span> <span class='ocrx_word' id='word_1_597' title='bbox 2705 3022 2936 3087; x_wconf 89' lang='lat' dir='ltr'><strong>Scimus,</strong></span> <span class='ocrx_word' id='word_1_598' title='bbox 2965 3024 3180 3079; x_wconf 90' lang='lat' dir='ltr'><strong>domine</strong></span> <span class='ocrx_word' id='word_1_599' title='bbox 3218 3025 3353 3094; x_wconf 72' lang='lat'><strong>(72),</strong></span> 
     </span>
    </p>
   </div>
   <div class='ocr_carea' id='block_1_72' title="bbox 1793 3114 3357 3183">
    <p class='ocr_par' dir='ltr' id='par_1_72' title="bbox 1793 3114 3357 3183">
     <span class='ocr_line' id='line_1_72' title="bbox 1793 3114 3357 3183; baseline 0.003 -16"><span class='ocrx_word' id='word_1_600' title='bbox 1793 3115 1937 3183; x_wconf 90' lang='lat' dir='ltr'><strong>quod</strong></span> <span class='ocrx_word' id='word_1_601' title='bbox 1963 3114 2102 3169; x_wconf 82' lang='lat' dir='ltr'><strong>dixit</strong></span> <span class='ocrx_word' id='word_1_602' title='bbox 2150 3115 2403 3169; x_wconf 89' lang='lat' dir='ltr'><strong>seductor</strong></span> <span class='ocrx_word' id='word_1_603' title='bbox 2434 3115 2522 3171; x_wconf 90' lang='lat' dir='ltr'><strong>ille</strong></span> <span class='ocrx_word' id='word_1_604' title='bbox 2572 3116 2746 3170; x_wconf 88' lang='lat' dir='ltr'><strong>adhuc</strong></span> <span class='ocrx_word' id='word_1_605' title='bbox 2806 3116 3034 3171; x_wconf 89' lang='lat' dir='ltr'><strong>vivens:</strong></span> <span class='ocrx_word' id='word_1_606' title='bbox 3072 3115 3197 3171; x_wconf 83' lang='lat' dir='ltr'><strong>Post</strong></span> <span class='ocrx_word' id='word_1_607' title='bbox 3247 3126 3357 3171; x_wconf 89' lang='lat' dir='ltr'><strong>tres</strong></span> 
     </span>
    </p>
   </div>
   <div class='ocr_carea' id='block_1_73' title="bbox 1793 3203 3357 3278">
    <p class='ocr_par' dir='ltr' id='par_1_73' title="bbox 1793 3203 3357 3278">
     <span class='ocr_line' id='line_1_73' title="bbox 1793 3203 3357 3278; baseline 0.003 -21"><span class='ocrx_word' id='word_1_608' title='bbox 1793 3204 1906 3259; x_wconf 91' lang='lat' dir='ltr'><strong>dies</strong></span> <span class='ocrx_word' id='word_1_609' title='bbox 1936 3218 2180 3273; x_wconf 77' lang='lat' dir='ltr'><strong>resurgo.</strong></span> <span class='ocrx_word' id='word_1_610' title='bbox 2219 3221 2238 3255; x_wconf 76' lang='grc' dir='ltr'><strong>ι</strong></span> <span class='ocrx_word' id='word_1_611' title='bbox 2280 3203 2355 3258; x_wconf 91' lang='lat' dir='ltr'><strong>De</strong></span> <span class='ocrx_word' id='word_1_612' title='bbox 2389 3204 2493 3261; x_wconf 91' lang='lat' dir='ltr'><strong>illis</strong></span> <span class='ocrx_word' id='word_1_613' title='bbox 2531 3205 2644 3278; x_wconf 77' lang='lat'><strong>(75)</strong></span> <span class='ocrx_word' id='word_1_614' title='bbox 2679 3220 2808 3276; x_wconf 88' lang='lat' dir='ltr'><strong>ergo</strong></span> <span class='ocrx_word' id='word_1_615' title='bbox 2839 3205 3088 3261; x_wconf 80' lang='lat' dir='ltr'><strong>Salvator</strong></span> <span class='ocrx_word' id='word_1_616' title='bbox 3121 3206 3234 3261; x_wconf 60' lang='lat' dir='ltr'><strong>haec</strong></span> <span class='ocrx_word' id='word_1_617' title='bbox 3278 3208 3357 3261; x_wconf 83' lang='lat' dir='ltr'><strong>di-</strong></span> 
     </span>
    </p>
   </div>
   <div class='ocr_carea' id='block_1_74' title="bbox 1791 3294 3357 3367">
    <p class='ocr_par' dir='ltr' id='par_1_74' title="bbox 1791 3294 3357 3367">
     <span class='ocr_line' id='line_1_74' title="bbox 1791 3294 3357 3367; baseline 0.004 -20"><span class='ocrx_word' id='word_1_618' title='bbox 1791 3294 1910 3348; x_wconf 89' lang='lat' dir='ltr'><strong>xit:</strong></span> <span class='ocrx_word' id='word_1_619' title='bbox 1952 3312 1971 3347; x_wconf 80' lang='grc' dir='ltr'><strong>ι</strong></span> <span class='ocrx_word' id='word_1_620' title='bbox 2021 3294 2337 3364; x_wconf 87' lang='lat' dir='ltr'><strong>Quicunque</strong></span> <span class='ocrx_word' id='word_1_621' title='bbox 2392 3294 2502 3367; x_wconf 72' lang='lat'><strong>(74)</strong></span> <span class='ocrx_word' id='word_1_622' title='bbox 2549 3306 2814 3351; x_wconf 89' lang='lat' dir='ltr'><strong>venerunt</strong></span> <span class='ocrx_word' id='word_1_623' title='bbox 2872 3307 2996 3353; x_wconf 85' lang='lat' dir='ltr'><strong>ante</strong></span> <span class='ocrx_word' id='word_1_624' title='bbox 3044 3312 3148 3363; x_wconf 91' lang='lat' dir='ltr'><strong>me,</strong></span> <span class='ocrx_word' id='word_1_625' title='bbox 3208 3298 3357 3354; x_wconf 83' lang='lat' dir='ltr'><strong>fures</strong></span> 
     </span>
    </p>
   </div>
   <div class='ocr_carea' id='block_1_75' title="bbox 1791 3386 3358 3461">
    <p class='ocr_par' dir='ltr' id='par_1_75' title="bbox 1791 3386 3358 3461">
     <span class='ocr_line' id='line_1_75' title="bbox 1791 3386 3358 3461; baseline 0.005 -24"><span class='ocrx_word' id='word_1_626' title='bbox 1791 3394 1945 3438; x_wconf 91' lang='lat' dir='ltr'><strong>erant</strong></span> <span class='ocrx_word' id='word_1_627' title='bbox 1974 3386 2087 3455; x_wconf 86' lang='lat'><strong>(75)</strong></span> <span class='ocrx_word' id='word_1_628' title='bbox 2131 3397 2186 3440; x_wconf 92' lang='lat' dir='ltr'><strong>et</strong></span> <span class='ocrx_word' id='word_1_629' title='bbox 2227 3388 2460 3442; x_wconf 88' lang='lat' dir='ltr'><strong>latrones</strong></span> <span class='ocrx_word' id='word_1_630' title='bbox 2493 3409 2505 3443; x_wconf 91' lang='lat'><strong>:</strong></span> <span class='ocrx_word' id='word_1_631' title='bbox 2542 3392 2633 3443; x_wconf 90' lang='lat' dir='ltr'><strong>sed</strong></span> <span class='ocrx_word' id='word_1_632' title='bbox 2663 3402 2770 3443; x_wconf 90' lang='lat' dir='ltr'><strong>non</strong></span> <span class='ocrx_word' id='word_1_633' title='bbox 2802 3389 3086 3443; x_wconf 88' lang='lat' dir='ltr'><strong>audierunt</strong></span> <span class='ocrx_word' id='word_1_634' title='bbox 3119 3390 3231 3461; x_wconf 85' lang='lat'><strong>(76)</strong></span> <span class='ocrx_word' id='word_1_635' title='bbox 3266 3405 3358 3445; x_wconf 81' lang='lat' dir='ltr'><strong>eos</strong></span> 
     </span>
    </p>
   </div>
   <div class='ocr_carea' id='block_1_76' title="bbox 1790 3477 3359 3549">
    <p class='ocr_par' dir='ltr' id='par_1_76' title="bbox 1790 3477 3359 3549">
     <span class='ocr_line' id='line_1_76' title="bbox 1790 3477 3359 3549; baseline 0.003 -18"><span class='ocrx_word' id='word_1_636' title='bbox 1790 3491 1938 3531; x_wconf 83' lang='lat' dir='ltr'><strong>oves.</strong></span> <span class='ocrx_word' id='word_1_637' title='bbox 1971 3477 2113 3532; x_wconf 88' lang='lat' dir='ltr'><strong>Oves</strong></span> <span class='ocrx_word' id='word_1_638' title='bbox 2149 3493 2283 3533; x_wconf 69' lang='lat' dir='ltr'><strong>mea:</strong></span> <span class='ocrx_word' id='word_1_639' title='bbox 2312 3477 2422 3549; x_wconf 88' lang='lat'><strong>(77)</strong></span> <span class='ocrx_word' id='word_1_640' title='bbox 2460 3494 2634 3534; x_wconf 90' lang='lat' dir='ltr'><strong>meam</strong></span> <span class='ocrx_word' id='word_1_641' title='bbox 2668 3494 2855 3535; x_wconf 88' lang='lat' dir='ltr'><strong>vocem</strong></span> <span class='ocrx_word' id='word_1_642' title='bbox 2898 3481 3139 3546; x_wconf 90' lang='lat' dir='ltr'><strong>audiunt,</strong></span> <span class='ocrx_word' id='word_1_643' title='bbox 3172 3491 3227 3536; x_wconf 91' lang='lat' dir='ltr'><strong>et</strong></span> <span class='ocrx_word' id='word_1_644' title='bbox 3268 3497 3359 3536; x_wconf 86' lang='lat' dir='ltr'><strong>co-</strong></span> 
     </span>
    </p>
   </div>
   <div class='ocr_carea' id='block_1_77' title="bbox 1793 3574 3359 3641">
    <p class='ocr_par' dir='ltr' id='par_1_77' title="bbox 1793 3574 3359 3641">
     <span class='ocr_line' id='line_1_77' title="bbox 1793 3574 3359 3641; baseline 0.004 -22"><span class='ocrx_word' id='word_1_645' title='bbox 1793 3578 2057 3636; x_wconf 89' lang='lat' dir='ltr'><strong>gnoscunt</strong></span> <span class='ocrx_word' id='word_1_646' title='bbox 2087 3584 2272 3624; x_wconf 87' lang='lat' dir='ltr'><strong>vocem</strong></span> <span class='ocrx_word' id='word_1_647' title='bbox 2320 3585 2515 3637; x_wconf 88' lang='lat' dir='ltr'><strong>meam,</strong></span> <span class='ocrx_word' id='word_1_648' title='bbox 2548 3580 2603 3625; x_wconf 91' lang='lat' dir='ltr'><strong>et</strong></span> <span class='ocrx_word' id='word_1_649' title='bbox 2644 3580 2941 3641; x_wconf 89' lang='lat' dir='ltr'><strong>sequuntur</strong></span> <span class='ocrx_word' id='word_1_650' title='bbox 2976 3586 3080 3626; x_wconf 93' lang='lat' dir='ltr'><strong>me.</strong></span> <span class='ocrx_word' id='word_1_651' title='bbox 3117 3590 3135 3623; x_wconf 82' lang='grc' dir='ltr'><strong>ι</strong></span> <span class='ocrx_word' id='word_1_652' title='bbox 3176 3574 3250 3625; x_wconf 91' lang='lat' dir='ltr'><strong>De</strong></span> <span class='ocrx_word' id='word_1_653' title='bbox 3300 3587 3359 3626; x_wconf 88' lang='lat' dir='ltr'><strong>se</strong></span> 
     </span>
    </p>
   </div>
   <div class='ocr_carea' id='block_1_78' title="bbox 1793 3659 3358 3733">
    <p class='ocr_par' dir='ltr' id='par_1_78' title="bbox 1793 3659 3358 3733">
     <span class='ocr_line' id='line_1_78' title="bbox 1793 3659 3358 3733; baseline 0.002 -21"><span class='ocrx_word' id='word_1_654' title='bbox 1793 3659 1909 3727; x_wconf 90' lang='lat' dir='ltr'><strong>ipso</strong></span> <span class='ocrx_word' id='word_1_655' title='bbox 1949 3670 2129 3713; x_wconf 91' lang='lat' dir='ltr'><strong>autem</strong></span> <span class='ocrx_word' id='word_1_656' title='bbox 2177 3662 2300 3716; x_wconf 87' lang='lat' dir='ltr'><strong>ait:</strong></span> <span class='ocrx_word' id='word_1_657' title='bbox 2341 3678 2360 3712; x_wconf 83' lang='grc' dir='ltr'><strong>ι</strong></span> <span class='ocrx_word' id='word_1_658' title='bbox 2404 3661 2512 3730; x_wconf 81' lang='lat' dir='ltr'><strong>Ego</strong></span> <span class='ocrx_word' id='word_1_659' title='bbox 2549 3676 2579 3715; x_wconf 88' lang='lat' dir='ltr'><strong>a</strong></span> <span class='ocrx_word' id='word_1_660' title='bbox 2640 3677 2724 3716; x_wconf 88' lang='lat' dir='ltr'><strong>me</strong></span> <span class='ocrx_word' id='word_1_661' title='bbox 2784 3664 2899 3733; x_wconf 92' lang='lat' dir='ltr'><strong>ipso</strong></span> <span class='ocrx_word' id='word_1_662' title='bbox 2945 3663 3057 3733; x_wconf 87' lang='lat'><strong>(78)</strong></span> <span class='ocrx_word' id='word_1_663' title='bbox 3116 3678 3221 3717; x_wconf 91' lang='lat' dir='ltr'><strong>non</strong></span> <span class='ocrx_word' id='word_1_664' title='bbox 3284 3663 3358 3716; x_wconf 86' lang='lat' dir='ltr'><strong>lo-</strong></span> 
     </span>
    </p>
   </div>
   <div class='ocr_carea' id='block_1_79' title="bbox 1792 3756 3359 3823">
    <p class='ocr_par' dir='ltr' id='par_1_79' title="bbox 1792 3756 3359 3823">
     <span class='ocr_line' id='line_1_79' title="bbox 1792 3756 3359 3823; baseline 0.004 -18"><span class='ocrx_word' id='word_1_665' title='bbox 1792 3768 1974 3823; x_wconf 90' lang='lat' dir='ltr'><strong>quor:</strong></span> <span class='ocrx_word' id='word_1_666' title='bbox 2016 3773 2035 3807; x_wconf 74' lang='grc' dir='ltr'><strong>ι</strong></span> <span class='ocrx_word' id='word_1_667' title='bbox 2087 3769 2282 3823; x_wconf 89' lang='lat' dir='ltr'><strong>nempe</strong></span> <span class='ocrx_word' id='word_1_668' title='bbox 2337 3773 2351 3810; x_wconf 90' lang='lat'><strong>:</strong></span> <span class='ocrx_word' id='word_1_669' title='bbox 2407 3756 2548 3811; x_wconf 89' lang='lat' dir='ltr'><strong>sicut</strong></span> <span class='ocrx_word' id='word_1_670' title='bbox 2598 3757 2670 3811; x_wconf 92' lang='lat' dir='ltr'><strong>illi</strong></span> <span class='ocrx_word' id='word_1_671' title='bbox 2729 3757 3018 3812; x_wconf 87' lang='lat' dir='ltr'><strong>faciebant.</strong></span> <span class='ocrx_word' id='word_1_672' title='bbox 3068 3757 3200 3814; x_wconf 91' lang='lat' dir='ltr'><strong>Cum</strong></span> <span class='ocrx_word' id='word_1_673' title='bbox 3233 3772 3359 3811; x_wconf 89' lang='lat' dir='ltr'><strong>vero</strong></span> 
     </span>
    </p>
   </div>
   <div class='ocr_carea' id='block_1_80' title="bbox 1793 3846 3357 3918">
    <p class='ocr_par' dir='ltr' id='par_1_80' title="bbox 1793 3846 3357 3918">
     <span class='ocr_line' id='line_1_80' title="bbox 1793 3846 3357 3918; baseline 0.002 -18"><span class='ocrx_word' id='word_1_674' title='bbox 1793 3847 1971 3914; x_wconf 46' lang='lat' dir='ltr'><strong>etiam,</strong></span> <span class='ocrx_word' id='word_1_675' title='bbox 2000 3846 2181 3900; x_wconf 83' lang='lat' dir='ltr'><strong>futura</strong></span> <span class='ocrx_word' id='word_1_676' title='bbox 2214 3847 2494 3917; x_wconf 66' lang='lat' dir='ltr'><strong>prmsciret</strong></span> <span class='ocrx_word' id='word_1_677' title='bbox 2542 3857 2600 3901; x_wconf 91' lang='lat' dir='ltr'><strong>ut</strong></span> <span class='ocrx_word' id='word_1_678' title='bbox 2634 3849 2789 3913; x_wconf 90' lang='lat' dir='ltr'><strong>Deus,</strong></span> <span class='ocrx_word' id='word_1_679' title='bbox 2841 3860 2890 3902; x_wconf 89' lang='lat' dir='ltr'><strong>et</strong></span> <span class='ocrx_word' id='word_1_680' title='bbox 2950 3858 3072 3918; x_wconf 90' lang='lat' dir='ltr'><strong>post</strong></span> <span class='ocrx_word' id='word_1_681' title='bbox 3115 3864 3267 3903; x_wconf 87' lang='lat' dir='ltr'><strong>suam</strong></span> <span class='ocrx_word' id='word_1_682' title='bbox 3305 3850 3357 3903; x_wconf 93' lang='lat' dir='ltr'><strong>in</strong></span> 
     </span>
    </p>
   </div>
   <div class='ocr_carea' id='block_1_81' title="bbox 1793 3936 3357 4007">
    <p class='ocr_par' dir='ltr' id='par_1_81' title="bbox 1793 3936 3357 4007">
     <span class='ocr_line' id='line_1_81' title="bbox 1793 3936 3357 4007; baseline 0.002 -17"><span class='ocrx_word' id='word_1_683' title='bbox 1793 3936 1988 3990; x_wconf 68' lang='lat' dir='ltr'><strong>cadum</strong></span> <span class='ocrx_word' id='word_1_684' title='bbox 2028 3936 2423 4001; x_wconf 87' lang='lat' dir='ltr'><strong>ascensionem,</strong></span> <span class='ocrx_word' id='word_1_685' title='bbox 2455 3937 2736 4007; x_wconf 83' lang='lat' dir='ltr'><strong>sanctique</strong></span> <span class='ocrx_word' id='word_1_686' title='bbox 2785 3936 3019 4007; x_wconf 90' lang='lat' dir='ltr'><strong>Spiritus</strong></span> <span class='ocrx_word' id='word_1_687' title='bbox 3070 3940 3357 3993; x_wconf 84' lang='lat' dir='ltr'><strong>adventum</strong></span> 
     </span>
    </p>
   </div>
   <div class='ocr_carea' id='block_1_82' title="bbox 1794 4028 3355 4095">
    <p class='ocr_par' dir='ltr' id='par_1_82' title="bbox 1794 4028 3355 4095">
     <span class='ocr_line' id='line_1_82' title="bbox 1794 4028 3355 4095; baseline 0.001 -13"><span class='ocrx_word' id='word_1_688' title='bbox 1794 4041 1985 4082; x_wconf 88' lang='lat' dir='ltr'><strong>rursus</strong></span> <span class='ocrx_word' id='word_1_689' title='bbox 2019 4028 2135 4081; x_wconf 84' lang='lat' dir='ltr'><strong>fore</strong></span> <span class='ocrx_word' id='word_1_690' title='bbox 2184 4036 2369 4082; x_wconf 73' lang='lat' dir='ltr'><strong>no:set</strong></span> <span class='ocrx_word' id='word_1_691' title='bbox 2399 4028 2734 4093; x_wconf 87' lang='lat' dir='ltr'><strong>seductores,</strong></span> <span class='ocrx_word' id='word_1_692' title='bbox 2785 4040 2843 4083; x_wconf 92' lang='lat' dir='ltr'><strong>ut</strong></span> <span class='ocrx_word' id='word_1_693' title='bbox 2874 4029 3078 4095; x_wconf 85' lang='lat' dir='ltr'><strong>Simon,</strong></span> <span class='ocrx_word' id='word_1_694' title='bbox 3122 4038 3179 4083; x_wconf 93' lang='lat' dir='ltr'><strong>ut</strong></span> <span class='ocrx_word' id='word_1_695' title='bbox 3218 4028 3355 4084; x_wconf 78' lang='lat' dir='ltr'><strong>Mon-</strong></span> 
     </span>
    </p>
   </div>
   <div class='ocr_carea' id='block_1_83' title="bbox 1797 4118 3357 4192">
    <p class='ocr_par' dir='ltr' id='par_1_83' title="bbox 1797 4118 3357 4192">
     <span class='ocr_line' id='line_1_83' title="bbox 1797 4118 3357 4192; baseline 0.003 -21"><span class='ocrx_word' id='word_1_696' title='bbox 1797 4127 1979 4186; x_wconf 88' lang='lat' dir='ltr'><strong>tanus,</strong></span> <span class='ocrx_word' id='word_1_697' title='bbox 2012 4128 2067 4174; x_wconf 91' lang='lat' dir='ltr'><strong>ut</strong></span> <span class='ocrx_word' id='word_1_698' title='bbox 2099 4118 2424 4175; x_wconf 75' lang='lat' dir='ltr'><strong>Manichacus</strong></span> <span class='ocrx_word' id='word_1_699' title='bbox 2478 4120 2714 4187; x_wconf 82' lang='lat' dir='ltr'><strong>luerunt,</strong></span> <span class='ocrx_word' id='word_1_700' title='bbox 2756 4136 2853 4176; x_wconf 91' lang='lat' dir='ltr'><strong>nos</strong></span> <span class='ocrx_word' id='word_1_701' title='bbox 2900 4120 3239 4192; x_wconf 63' lang='lat' dir='ltr'><strong>praemunivit</strong></span> <span class='ocrx_word' id='word_1_702' title='bbox 3284 4121 3357 4176; x_wconf 76' lang='lat' dir='ltr'><strong>in~</strong></span> 
     </span>
    </p>
   </div>
   <div class='ocr_carea' id='block_1_84' title="bbox 210 4226 3357 4304">
    <p class='ocr_par' dir='ltr' id='par_1_84' title="bbox 210 4226 3357 4304">
     <span class='ocr_line' id='line_1_84' title="bbox 210 4226 3357 4304; baseline 0.002 -24"><span class='ocrx_word' id='word_1_703' title='bbox 210 4226 594 4304; x_wconf 68' lang='lat' dir='ltr'><strong>(62)_0lueero,</strong></span> <span class='ocrx_word' id='word_1_704' title='bbox 625 4228 862 4304; x_wconf 73' lang='lat' dir='ltr'><strong>Domine.</strong></span> <span class='ocrx_word' id='word_1_705' title='bbox 885 4227 962 4282; x_wconf 80' lang='lat' dir='ltr'><strong>Ex</strong></span> <span class='ocrx_word' id='word_1_706' title='bbox 986 4228 1190 4304; x_wconf 69' lang='lat' dir='ltr'><strong>duobus</strong></span> <span class='ocrx_word' id='word_1_707' title='bbox 1217 4226 1518 4304; x_wconf 69' lang='lat' dir='ltr'><strong>Scriptura:</strong></span> <span class='ocrx_word' id='word_1_708' title='bbox 1536 4227 1681 4304; x_wconf 74' lang='lat' dir='ltr'><strong>_Iocis</strong></span> <span class='ocrx_word' id='word_1_709' title='bbox 1716 4236 1760 4292; x_wconf 82' lang='grc' dir='ltr'>ι)</span> <span class='ocrx_word' id='word_1_710' title='bbox 1788 4231 1915 4304; x_wconf 83' lang='lat' dir='ltr'><strong>dicit</strong></span> <span class='ocrx_word' id='word_1_711' title='bbox 1946 4233 2201 4287; x_wconf 86' lang='lat' dir='ltr'><strong>Dominus</strong></span> <span class='ocrx_word' id='word_1_712' title='bbox 2229 4248 2407 4304; x_wconf 89' lang='lat' dir='ltr'><strong>_super</strong></span> <span class='ocrx_word' id='word_1_713' title='bbox 2449 4234 2735 4302; x_wconf 89' lang='lat' dir='ltr'><strong>prophetas</strong></span> <span class='ocrx_word' id='word_1_714' title='bbox 2779 4235 2869 4304; x_wconf 88' lang='lat' dir='ltr'><strong>qui</strong></span> <span class='ocrx_word' id='word_1_715' title='bbox 2897 4235 3156 4289; x_wconf 85' lang='lat' dir='ltr'><strong>seducunt</strong></span> <span class='ocrx_word' id='word_1_716' title='bbox 3184 4249 3357 4303; x_wconf 84' lang='lat' dir='ltr'><strong>pepu-</strong></span> 
     </span>
    </p>
   </div>
   <div class='ocr_carea' id='block_1_85' title="bbox 153 4297 1685 4360">
    <p class='ocr_par' dir='ltr' id='par_1_85' title="bbox 153 4297 1685 4360">
     <span class='ocr_line' id='line_1_85' title="bbox 153 4297 1685 4360; baseline 0.007 -17"><span class='ocrx_word' id='word_1_717' title='bbox 153 4310 292 4350; x_wconf 87' lang='lat' dir='ltr'><strong>unum</strong></span> <span class='ocrx_word' id='word_1_718' title='bbox 313 4298 454 4352; x_wconf 83' lang='lat' dir='ltr'><strong>facit.</strong></span> <span class='ocrx_word' id='word_1_719' title='bbox 478 4300 691 4352; x_wconf 86' lang='lat' dir='ltr'><strong>Primus</strong></span> <span class='ocrx_word' id='word_1_720' title='bbox 712 4299 859 4352; x_wconf 92' lang='lat' dir='ltr'><strong>locus</strong></span> <span class='ocrx_word' id='word_1_721' title='bbox 887 4308 1061 4351; x_wconf 82' lang='lat' dir='ltr'><strong>exstat</strong></span> <span class='ocrx_word' id='word_1_722' title='bbox 1082 4298 1252 4351; x_wconf 87' lang='lat' dir='ltr'><strong>Exod.</strong></span> <span class='ocrx_word' id='word_1_723' title='bbox 1278 4312 1352 4359; x_wconf 87' lang='lat' dir='ltr'><strong>tv,</strong></span> <span class='ocrx_word' id='word_1_724' title='bbox 1379 4298 1462 4360; x_wconf 75' lang='lat' dir='ltr'><strong>l5,</strong></span> <span class='ocrx_word' id='word_1_725' title='bbox 1499 4297 1585 4351; x_wconf 91' lang='lat' dir='ltr'><strong>ubi</strong></span> <span class='ocrx_word' id='word_1_726' title='bbox 1618 4300 1685 4353; x_wconf 83' lang='lat' dir='ltr'><strong>le-</strong></span> 
     </span>
    </p>
   </div>
   <div class='ocr_carea' id='block_1_86' title="bbox 154 4367 1681 4440">
    <p class='ocr_par' dir='ltr' id='par_1_86' title="bbox 154 4367 1681 4440">
     <span class='ocr_line' id='line_1_86' title="bbox 154 4367 1681 4440; baseline 0.004 -25"><span class='ocrx_word' id='word_1_727' title='bbox 154 4367 273 4430; x_wconf 82' lang='lat' dir='ltr'><strong>gitur</strong></span> <span class='ocrx_word' id='word_1_728' title='bbox 289 4367 531 4440; x_wconf 58' lang='grc' dir='ltr'>εᾼέομαι,</span> <span class='ocrx_word' id='word_1_729' title='bbox 549 4368 745 4440; x_wconf 68' lang='grc' dir='ltr'>Κύριε,</span> <span class='ocrx_word' id='word_1_730' title='bbox 765 4368 1108 4440; x_wconf 83' lang='grc' dir='ltr'>προχείρισαι</span> <span class='ocrx_word' id='word_1_731' title='bbox 1124 4367 1279 4440; x_wconf 82' lang='grc' dir='ltr'>ἄλλον</span> <span class='ocrx_word' id='word_1_732' title='bbox 1295 4367 1611 4440; x_wconf 85' lang='grc' dir='ltr'>δυνάμενον,</span> <span class='ocrx_word' id='word_1_733' title='bbox 1633 4369 1681 4421; x_wconf 88' lang='lat' dir='ltr'><strong>id</strong></span> 
     </span>
    </p>
   </div>
   <div class='ocr_carea' id='block_1_87' title="bbox 155 4436 1682 4507">
    <p class='ocr_par' dir='ltr' id='par_1_87' title="bbox 155 4436 1682 4507">
     <span class='ocr_line' id='line_1_87' title="bbox 155 4436 1682 4507; baseline -0.001 -15"><span class='ocrx_word' id='word_1_734' title='bbox 155 4444 240 4499; x_wconf 74' lang='lat' dir='ltr'><strong>est,</strong></span> <span class='ocrx_word' id='word_1_735' title='bbox 257 4454 274 4486; x_wconf 73' lang='grc' dir='ltr'><strong>ε</strong></span> <span class='ocrx_word' id='word_1_736' title='bbox 300 4436 549 4502; x_wconf 84' lang='lat' dir='ltr'><strong>Obsecro,</strong></span> <span class='ocrx_word' id='word_1_737' title='bbox 575 4436 820 4502; x_wconf 78' lang='lat' dir='ltr'><strong>Domine,</strong></span> <span class='ocrx_word' id='word_1_738' title='bbox 838 4436 975 4507; x_wconf 84' lang='lat' dir='ltr'><strong>elige</strong></span> <span class='ocrx_word' id='word_1_739' title='bbox 990 4437 1150 4491; x_wconf 89' lang='lat' dir='ltr'><strong>alium</strong></span> <span class='ocrx_word' id='word_1_740' title='bbox 1168 4439 1257 4506; x_wconf 92' lang='lat' dir='ltr'><strong>qui</strong></span> <span class='ocrx_word' id='word_1_741' title='bbox 1282 4436 1463 4504; x_wconf 85' lang='lat' dir='ltr'><strong>possit.</strong></span> <span class='ocrx_word' id='word_1_742' title='bbox 1492 4456 1510 4487; x_wconf 80' lang='grc' dir='ltr'><strong>ι</strong></span> <span class='ocrx_word' id='word_1_743' title='bbox 1532 4438 1682 4490; x_wconf 85' lang='lat' dir='ltr'><strong>Alter</strong></span> 
     </span>
    </p>
   </div>
   <div class='ocr_carea' id='block_1_88' title="bbox 1792 4300 3353 4373">
    <p class='ocr_par' dir='ltr' id='par_1_88' title="bbox 1792 4300 3353 4373">
     <span class='ocr_line' id='line_1_88' title="bbox 1792 4300 3353 4373; baseline 0.003 -19"><span class='ocrx_word' id='word_1_744' title='bbox 1792 4301 2135 4373; x_wconf 79' lang='lat' dir='ltr'><strong>lum_tnemn.</strong></span> <span class='ocrx_word' id='word_1_745' title='bbox 2173 4321 2201 4373; x_wconf 15' lang='grc' dir='ltr'><strong>»ν</strong></span> <span class='ocrx_word' id='word_1_746' title='bbox 2227 4300 2283 4354; x_wconf 86' lang='grc' dir='ltr'><strong>1η</strong></span> <span class='ocrx_word' id='word_1_747' title='bbox 2313 4300 2598 4357; x_wconf 73' lang='lat' dir='ltr'><strong>Ezechiele</strong></span> <span class='ocrx_word' id='word_1_748' title='bbox 2626 4300 2809 4359; x_wconf 79' lang='lat' dir='ltr'><strong>autem</strong></span> <span class='ocrx_word' id='word_1_749' title='bbox 2832 4321 2952 4373; x_wconf 86' lang='lat' dir='ltr'><strong>cap.</strong></span> <span class='ocrx_word' id='word_1_750' title='bbox 2985 4320 3105 4369; x_wconf 87' lang='lat' dir='ltr'><strong>xm,</strong></span> <span class='ocrx_word' id='word_1_751' title='bbox 3136 4300 3315 4358; x_wconf 50' lang='lat' dir='ltr'><strong>vers&#39;6</strong></span> <span class='ocrx_word' id='word_1_752' title='bbox 3340 4321 3353 4359; x_wconf 89' lang='lat'><strong>:</strong></span> 
     </span>
    </p>
   </div>
   <div class='ocr_carea' id='block_1_89' title="bbox 1804 4369 3357 4445">
    <p class='ocr_par' dir='ltr' id='par_1_89' title="bbox 1804 4369 3357 4445">
     <span class='ocr_line' id='line_1_89' title="bbox 1804 4369 3357 4445; baseline 0.005 -23"><span class='ocrx_word' id='word_1_753' title='bbox 1804 4369 1946 4445; x_wconf 53' lang='lat' dir='ltr'><strong>&quot;li-rd)</strong></span> <span class='ocrx_word' id='word_1_754' title='bbox 1976 4373 2075 4445; x_wconf 57' lang='lat' dir='ltr'><strong>ob}:</strong></span> <span class='ocrx_word' id='word_1_755' title='bbox 2100 4372 2416 4427; x_wconf 80' lang='grc' dir='ltr'>ἀπέσταλκα</span> <span class='ocrx_word' id='word_1_756' title='bbox 2446 4374 2660 4437; x_wconf 80' lang='grc' dir='ltr'>αὐτούς.</span> <span class='ocrx_word' id='word_1_757' title='bbox 2707 4377 2757 4429; x_wconf 88' lang='lat' dir='ltr'><strong>id</strong></span> <span class='ocrx_word' id='word_1_758' title='bbox 2791 4386 2871 4428; x_wconf 92' lang='lat' dir='ltr'><strong>est</strong></span> <span class='ocrx_word' id='word_1_759' title='bbox 2901 4369 2920 4426; x_wconf 63' lang='grc' dir='ltr'>ξ</span> <span class='ocrx_word' id='word_1_760' title='bbox 2959 4391 3058 4445; x_wconf 90' lang='lat' dir='ltr'><strong>ego</strong></span> <span class='ocrx_word' id='word_1_761' title='bbox 3095 4391 3199 4429; x_wconf 90' lang='lat' dir='ltr'><strong>non</strong></span> <span class='ocrx_word' id='word_1_762' title='bbox 3232 4375 3357 4445; x_wconf 90' lang='lat' dir='ltr'><strong>misi</strong></span> 
     </span>
    </p>
   </div>
   <div class='ocr_carea' id='block_1_90' title="bbox 1791 4440 3355 4515">
    <p class='ocr_par' dir='ltr' id='par_1_90' title="bbox 1791 4440 3355 4515">
     <span class='ocr_line' id='line_1_90' title="bbox 1791 4440 3355 4515; baseline 0.003 -23"><span class='ocrx_word' id='word_1_763' title='bbox 1791 4440 1928 4493; x_wconf 83' lang='lat' dir='ltr'><strong>illus.</strong></span> <span class='ocrx_word' id='word_1_764' title='bbox 1952 4460 1993 4515; x_wconf 70' lang='lat' dir='ltr'><strong>_D_</strong></span> <span class='ocrx_word' id='word_1_765' title='bbox 2016 4443 2078 4515; x_wconf 72' lang='lat' dir='ltr'><strong>Et</strong></span> <span class='ocrx_word' id='word_1_766' title='bbox 2106 4458 2275 4515; x_wconf 72' lang='lat' dir='ltr'><strong>_ve_rs._</strong></span> <span class='ocrx_word' id='word_1_767' title='bbox 2308 4446 2548 4515; x_wconf 75' lang='lat' dir='ltr'><strong>sequenti</strong></span> <span class='ocrx_word' id='word_1_768' title='bbox 2583 4463 2595 4498; x_wconf 94' lang='lat'><strong>:</strong></span> <span class='ocrx_word' id='word_1_769' title='bbox 2644 4446 2753 4497; x_wconf 77' lang='lat' dir='ltr'><strong>Kal.</strong></span> <span class='ocrx_word' id='word_1_770' title='bbox 2781 4440 3036 4512; x_wconf 68' lang='grc' dir='ltr'>ἐλέγετέ,</span> <span class='ocrx_word' id='word_1_771' title='bbox 3065 4446 3205 4515; x_wconf 77' lang='grc' dir='ltr'>Φησὶ</span> <span class='ocrx_word' id='word_1_772' title='bbox 3237 4443 3355 4497; x_wconf 81' lang='grc' dir='ltr'><strong>Κύ-</strong></span> 
     </span>
    </p>
   </div>
   <div class='ocr_carea' id='block_1_91' title="bbox 156 4506 1686 4583">
    <p class='ocr_par' dir='ltr' id='par_1_91' title="bbox 156 4506 1683 4583">
     <span class='ocr_line' id='line_1_91' title="bbox 156 4506 1683 4583; baseline 0.002 -27"><span class='ocrx_word' id='word_1_773' title='bbox 156 4509 526 4583; x_wconf 27' lang='lat' dir='ltr'><strong>vero_ex_stat‘in</strong></span> <span class='ocrx_word' id='word_1_774' title='bbox 552 4507 803 4583; x_wconf 78' lang='lat' dir='ltr'><strong>Numeris</strong></span> <span class='ocrx_word' id='word_1_775' title='bbox 831 4506 950 4583; x_wconf 63' lang='lat' dir='ltr'><strong>cap.</strong></span> <span class='ocrx_word' id='word_1_776' title='bbox 980 4524 1031 4583; x_wconf 74' lang='lat' dir='ltr'><strong>xi</strong></span> <span class='ocrx_word' id='word_1_777' title='bbox 1061 4523 1203 4583; x_wconf 64' lang='lat' dir='ltr'><strong>vers.</strong></span> <span class='ocrx_word' id='word_1_778' title='bbox 1228 4507 1293 4560; x_wconf 70' lang='grc'><strong>14</strong></span> <span class='ocrx_word' id='word_1_779' title='bbox 1320 4523 1332 4583; x_wconf 68' lang='grc' dir='ltr'><strong><em>ς</em></strong></span> <span class='ocrx_word' id='word_1_780' title='bbox 1359 4507 1438 4583; x_wconf 74' lang='grc' dir='ltr'>ρὺ</span> <span class='ocrx_word' id='word_1_781' title='bbox 1460 4506 1683 4577; x_wconf 86' lang='grc' dir='ltr'>δυνήσο-</span> 
     </span>
    </p>
   </div>
   <div class='ocr_carea' id='block_1_92' title="bbox 1859 4506 3354 4583">
    <p class='ocr_par' dir='ltr' id='par_1_92' title="bbox 1859 4506 3354 4583">
     <span class='ocr_line' id='line_1_92' title="bbox 1859 4506 3354 4583; baseline 0.005 -21"><span class='ocrx_word' id='word_1_782' title='bbox 1859 4528 1933 4583; x_wconf 45' lang='grc' dir='ltr'>ιςξ</span> <span class='ocrx_word' id='word_1_783' title='bbox 1952 4512 2061 4565; x_wconf 75' lang='grc' dir='ltr'>Καὶ</span> <span class='ocrx_word' id='word_1_784' title='bbox 2101 4510 2211 4579; x_wconf 85' lang='grc' dir='ltr'><strong>ἐγὼ</strong></span> <span class='ocrx_word' id='word_1_785' title='bbox 2227 4513 2326 4565; x_wconf 74' lang='grc' dir='ltr'><strong>οὐκ</strong></span> <span class='ocrx_word' id='word_1_786' title='bbox 2371 4506 2629 4583; x_wconf 80' lang='grc' dir='ltr'>ἐλάλησα,</span> <span class='ocrx_word' id='word_1_787' title='bbox 2667 4516 2716 4566; x_wconf 90' lang='lat' dir='ltr'><strong>id</strong></span> <span class='ocrx_word' id='word_1_788' title='bbox 2746 4526 2826 4567; x_wconf 90' lang='lat' dir='ltr'><strong>est</strong></span> <span class='ocrx_word' id='word_1_789' title='bbox 2852 4506 2919 4565; x_wconf 73' lang='grc' dir='ltr'><strong>εἰ</strong></span> <span class='ocrx_word' id='word_1_790' title='bbox 2958 4506 3031 4567; x_wconf 74' lang='lat' dir='ltr'><strong>Et</strong></span> <span class='ocrx_word' id='word_1_791' title='bbox 3049 4506 3308 4569; x_wconf 74' lang='lat' dir='ltr'><strong>dicebatis</strong></span> <span class='ocrx_word' id='word_1_792' title='bbox 3337 4531 3354 4570; x_wconf 89' lang='lat'><strong>:</strong></span> 
     </span>
    </p>
   </div>
   <div class='ocr_carea' id='block_1_93' title="bbox 158 4576 1686 4651">
    <p class='ocr_par' dir='ltr' id='par_1_93' title="bbox 158 4576 1678 4651">
     <span class='ocr_line' id='line_1_93' title="bbox 158 4576 1678 4651; baseline 0.003 -25"><span class='ocrx_word' id='word_1_793' title='bbox 158 4590 240 4640; x_wconf 85' lang='grc' dir='ltr'><strong>μαι</strong></span> <span class='ocrx_word' id='word_1_794' title='bbox 260 4576 360 4645; x_wconf 80' lang='grc' dir='ltr'><strong>ἐγὼ</strong></span> <span class='ocrx_word' id='word_1_795' title='bbox 394 4579 552 4651; x_wconf 85' lang='grc' dir='ltr'>μόνος</span> <span class='ocrx_word' id='word_1_796' title='bbox 590 4578 778 4651; x_wconf 79' lang='grc' dir='ltr'>φέρειν</span> <span class='ocrx_word' id='word_1_797' title='bbox 802 4579 891 4651; x_wconf 81' lang='grc' dir='ltr'><strong>τὸν</strong></span> <span class='ocrx_word' id='word_1_798' title='bbox 918 4577 1044 4631; x_wconf 84' lang='grc' dir='ltr'>λαὸν</span> <span class='ocrx_word' id='word_1_799' title='bbox 1068 4576 1275 4651; x_wconf 88' lang='grc' dir='ltr'>τοῦτον,</span> <span class='ocrx_word' id='word_1_800' title='bbox 1321 4577 1371 4629; x_wconf 87' lang='lat' dir='ltr'><strong>id</strong></span> <span class='ocrx_word' id='word_1_801' title='bbox 1401 4588 1483 4632; x_wconf 86' lang='lat' dir='ltr'><strong>est</strong></span> <span class='ocrx_word' id='word_1_802' title='bbox 1526 4596 1545 4627; x_wconf 77' lang='grc' dir='ltr'><strong>ι</strong></span> <span class='ocrx_word' id='word_1_803' title='bbox 1574 4576 1678 4631; x_wconf 90' lang='lat' dir='ltr'><strong>non</strong></span> 
     </span>
    </p>
   </div>
   <div class='ocr_carea' id='block_1_94' title="bbox 1859 4576 2999 4651">
    <p class='ocr_par' dir='ltr' id='par_1_94' title="bbox 1859 4576 2999 4651">
     <span class='ocr_line' id='line_1_94' title="bbox 1859 4576 2999 4651; baseline 0.002 -19"><span class='ocrx_word' id='word_1_804' title='bbox 1859 4576 2164 4651; x_wconf 9' lang='lat' dir='ltr'><strong>LVDominus</strong></span> <span class='ocrx_word' id='word_1_805' title='bbox 2193 4598 2207 4634; x_wconf 91' lang='lat'><strong>:</strong></span> <span class='ocrx_word' id='word_1_806' title='bbox 2238 4594 2291 4636; x_wconf 92' lang='lat' dir='ltr'><strong>et</strong></span> <span class='ocrx_word' id='word_1_807' title='bbox 2328 4599 2428 4651; x_wconf 90' lang='lat' dir='ltr'><strong>ego</strong></span> <span class='ocrx_word' id='word_1_808' title='bbox 2463 4576 2674 4637; x_wconf 78' lang='lat' dir='ltr'><strong>loeutus</strong></span> <span class='ocrx_word' id='word_1_809' title='bbox 2704 4598 2809 4636; x_wconf 91' lang='lat' dir='ltr'><strong>non</strong></span> <span class='ocrx_word' id='word_1_810' title='bbox 2845 4583 2943 4636; x_wconf 85' lang='lat' dir='ltr'><strong>fui.</strong></span> <span class='ocrx_word' id='word_1_811' title='bbox 2980 4602 2999 4634; x_wconf 75' lang='grc' dir='ltr'><strong>ι</strong></span> 
     </span>
    </p>
   </div>
   <div class='ocr_carea' id='block_1_95' title="bbox 157 4648 1325 4717">
    <p class='ocr_par' dir='ltr' id='par_1_95' title="bbox 157 4648 1325 4717">
     <span class='ocr_line' id='line_1_95' title="bbox 157 4648 1325 4717; baseline 0.002 -20"><span class='ocrx_word' id='word_1_812' title='bbox 157 4654 314 4717; x_wconf 76' lang='lat' dir='ltr'><strong>potero</strong></span> <span class='ocrx_word' id='word_1_813' title='bbox 344 4648 437 4717; x_wconf 89' lang='lat' dir='ltr'><strong>ego</strong></span> <span class='ocrx_word' id='word_1_814' title='bbox 470 4648 617 4703; x_wconf 83' lang='lat' dir='ltr'><strong>solus</strong></span> <span class='ocrx_word' id='word_1_815' title='bbox 652 4648 792 4703; x_wconf 80' lang='lat' dir='ltr'><strong>ferre</strong></span> <span class='ocrx_word' id='word_1_816' title='bbox 822 4649 964 4701; x_wconf 90' lang='lat' dir='ltr'><strong>hunc</strong></span> <span class='ocrx_word' id='word_1_817' title='bbox 999 4648 1271 4717; x_wconf 86' lang='lat' dir='ltr'><strong>populum.</strong></span> <span class='ocrx_word' id='word_1_818' title='bbox 1308 4664 1325 4717; x_wconf 61' lang='grc' dir='ltr'><em>ρ</em></span> 
     </span>
    </p>
   </div>
   <div class='ocr_carea' id='block_1_96' title="bbox 235 4714 1385 4788">
    <p class='ocr_par' dir='ltr' id='par_1_96' title="bbox 235 4714 1385 4788">
     <span class='ocr_line' id='line_1_96' title="bbox 235 4714 1385 4788; baseline -0.008 -14"><span class='ocrx_word' id='word_1_819' title='bbox 235 4716 313 4788; x_wconf 57' lang='grc' dir='ltr'>βξ)</span> <span class='ocrx_word' id='word_1_820' title='bbox 350 4714 541 4788; x_wconf 46' lang='lat' dir='ltr'><strong>Aaron.</strong></span> <span class='ocrx_word' id='word_1_821' title='bbox 582 4718 723 4788; x_wconf 81' lang='lat' dir='ltr'><strong>Lege</strong></span> <span class='ocrx_word' id='word_1_822' title='bbox 753 4714 1097 4788; x_wconf 28' lang='lat' dir='ltr'><strong>Numeraxtt,</strong></span> <span class='ocrx_word' id='word_1_823' title='bbox 1131 4718 1181 4781; x_wconf 83' lang='grc'><strong>1,</strong></span> <span class='ocrx_word' id='word_1_824' title='bbox 1212 4716 1265 4781; x_wconf 86' lang='grc'>9,</span> <span class='ocrx_word' id='word_1_825' title='bbox 1303 4714 1385 4767; x_wconf 84' lang='grc'><strong>10.</strong></span> 
     </span>
    </p>
   </div>
   <div class='ocr_carea' id='block_1_97' title="bbox 234 4722 1461 4858">
    <p class='ocr_par' dir='ltr' id='par_1_97' title="bbox 234 4722 1461 4858">
     <span class='ocr_line' id='line_1_97' title="bbox 235 4722 1385 4788; baseline 0 -23"><span class='ocrx_word' id='word_1_826' title='bbox 235 4722 293 4767; x_wconf 68' lang='grc'>65</span> <span class='ocrx_word' id='word_1_827' title='bbox 350 4722 541 4772; x_wconf 80' lang='lat' dir='ltr'><strong>Aaron.</strong></span> <span class='ocrx_word' id='word_1_828' title='bbox 582 4722 723 4788; x_wconf 82' lang='lat' dir='ltr'><strong>Lege</strong></span> <span class='ocrx_word' id='word_1_829' title='bbox 753 4722 972 4771; x_wconf 83' lang='lat' dir='ltr'><strong>Numer.</strong></span> <span class='ocrx_word' id='word_1_830' title='bbox 1001 4732 1097 4781; x_wconf 82' lang='lat' dir='ltr'><strong>xu,</strong></span> <span class='ocrx_word' id='word_1_831' title='bbox 1131 4722 1181 4781; x_wconf 84' lang='grc'><strong>1,</strong></span> <span class='ocrx_word' id='word_1_832' title='bbox 1212 4722 1265 4781; x_wconf 77' lang='lat'><strong>9,</strong></span> <span class='ocrx_word' id='word_1_833' title='bbox 1303 4722 1385 4767; x_wconf 83' lang='lat' dir='ltr'><strong>lu.</strong></span> 
     </span>
     <span class='ocr_line' id='line_1_98' title="bbox 234 4722 1461 4858; baseline 0 -19"><span class='ocrx_word' id='word_1_834' title='bbox 347 4786 777 4858; x_wconf 58' lang='lat' dir='ltr'><strong>Reprehenditur.</strong></span> <span class='ocrx_word' id='word_1_835' title='bbox 808 4787 929 4858; x_wconf 67' lang='lat' dir='ltr'><strong>Lib.</strong></span> <span class='ocrx_word' id='word_1_836' title='bbox 958 4786 997 4839; x_wconf 93' lang='lat' dir='ltr'><strong>ll</strong></span> <span class='ocrx_word' id='word_1_837' title='bbox 1030 4786 1159 4858; x_wconf 76' lang='lat' dir='ltr'><strong>Reg.</strong></span> <span class='ocrx_word' id='word_1_838' title='bbox 1195 4800 1342 4850; x_wconf 76' lang='lat' dir='ltr'><strong>xuv,</strong></span> <span class='ocrx_word' id='word_1_839' title='bbox 1378 4784 1461 4839; x_wconf 74' lang='grc'><strong>12.</strong></span> 
     </span>
    </p>
   </div>
   <div class='ocr_carea' id='block_1_98' title="bbox 216 4853 1045 4921">
    <p class='ocr_par' dir='ltr' id='par_1_98' title="bbox 216 4853 1045 4921">
     <span class='ocr_line' id='line_1_99' title="bbox 216 4853 1045 4921; baseline 0.006 -14"><span class='ocrx_word' id='word_1_840' title='bbox 216 4853 312 4919; x_wconf 83' lang='grc'>(65)</span> <span class='ocrx_word' id='word_1_841' title='bbox 346 4853 554 4911; x_wconf 75' lang='lat' dir='ltr'><strong>Iunior.</strong></span> <span class='ocrx_word' id='word_1_842' title='bbox 595 4858 791 4913; x_wconf 85' lang='lat' dir='ltr'><strong>Jerem.</strong></span> <span class='ocrx_word' id='word_1_843' title='bbox 830 4873 868 4919; x_wconf 89' lang='grc' dir='ltr'><strong>ι,</strong></span> <span class='ocrx_word' id='word_1_844' title='bbox 903 4855 956 4921; x_wconf 91' lang='grc'>6,</span> <span class='ocrx_word' id='word_1_845' title='bbox 994 4858 1045 4912; x_wconf 90' lang='lat'><strong>7.</strong></span> 
     </span>
    </p>
   </div>
   <div class='ocr_carea' id='block_1_99' title="bbox 198 4924 1679 4996">
    <p class='ocr_par' dir='ltr' id='par_1_99' title="bbox 198 4924 1679 4996">
     <span class='ocr_line' id='line_1_100' title="bbox 198 4924 1679 4996; baseline 0 -19"><span class='ocrx_word' id='word_1_846' title='bbox 198 4924 315 4996; x_wconf 85' lang='grc'>’(66)</span> <span class='ocrx_word' id='word_1_847' title='bbox 355 4926 416 4979; x_wconf 76' lang='lat' dir='ltr'><strong>Et</strong></span> <span class='ocrx_word' id='word_1_848' title='bbox 468 4944 573 4980; x_wconf 85' lang='lat' dir='ltr'><strong>non</strong></span> <span class='ocrx_word' id='word_1_849' title='bbox 614 4943 822 4996; x_wconf 79' lang='lat' dir='ltr'><strong>possunt</strong></span> <span class='ocrx_word' id='word_1_850' title='bbox 858 4930 1184 4995; x_wconf 77' lang='lat' dir='ltr'><strong>prophetare.</strong></span> <span class='ocrx_word' id='word_1_851' title='bbox 1236 4925 1461 4980; x_wconf 86' lang='lat' dir='ltr'><strong>Sensum</strong></span> <span class='ocrx_word' id='word_1_852' title='bbox 1501 4925 1633 4996; x_wconf 88' lang='lat' dir='ltr'><strong>citat</strong></span> <span class='ocrx_word' id='word_1_853' title='bbox 1666 4941 1679 4990; x_wconf 93' lang='lat'><strong>;</strong></span> 
     </span>
    </p>
   </div>
   <div class='ocr_carea' id='block_1_100' title="bbox 159 4995 1682 5069">
    <p class='ocr_par' dir='ltr' id='par_1_100' title="bbox 159 4995 1682 5069">
     <span class='ocr_line' id='line_1_101' title="bbox 159 4995 1682 5069; baseline 0.004 -26"><span class='ocrx_word' id='word_1_854' title='bbox 159 5004 264 5069; x_wconf 69' lang='lat' dir='ltr'><strong>nam</strong></span> <span class='ocrx_word' id='word_1_855' title='bbox 290 4995 448 5069; x_wconf 62' lang='lat' dir='ltr'><strong>Biblia</strong></span> <span class='ocrx_word' id='word_1_856' title='bbox 485 5000 565 5050; x_wconf 89' lang='lat' dir='ltr'><strong>sic</strong></span> <span class='ocrx_word' id='word_1_857' title='bbox 596 4995 830 5069; x_wconf 80' lang='lat' dir='ltr'><strong>habent:</strong></span> <span class='ocrx_word' id='word_1_858' title='bbox 877 4996 1008 5069; x_wconf 84' lang='grc' dir='ltr'>Ἰδοὺ</span> <span class='ocrx_word' id='word_1_859' title='bbox 1042 4997 1142 5049; x_wconf 83' lang='grc' dir='ltr'><strong>οὐκ</strong></span> <span class='ocrx_word' id='word_1_860' title='bbox 1162 4997 1461 5067; x_wconf 84' lang='grc' dir='ltr'>ἐπίσταμαι</span> <span class='ocrx_word' id='word_1_861' title='bbox 1484 4995 1682 5060; x_wconf 89' lang='grc' dir='ltr'>λαλεῖν,</span> 
     </span>
    </p>
   </div>
   <div class='ocr_carea' id='block_1_101' title="bbox 160 5061 1013 5134">
    <p class='ocr_par' dir='ltr' id='par_1_101' title="bbox 160 5061 1013 5134">
     <span class='ocr_line' id='line_1_102' title="bbox 160 5061 1013 5134; baseline 0.006 -21"><span class='ocrx_word' id='word_1_862' title='bbox 160 5061 319 5134; x_wconf 84' lang='lat' dir='ltr'><strong>idest,</strong></span> <span class='ocrx_word' id='word_1_863' title='bbox 355 5084 372 5116; x_wconf 83' lang='grc' dir='ltr'><strong>ι</strong></span> <span class='ocrx_word' id='word_1_864' title='bbox 409 5066 546 5122; x_wconf 87' lang='lat' dir='ltr'><strong>Ecce</strong></span> <span class='ocrx_word' id='word_1_865' title='bbox 575 5069 755 5121; x_wconf 86' lang='lat' dir='ltr'><strong>nescio</strong></span> <span class='ocrx_word' id='word_1_866' title='bbox 789 5068 954 5134; x_wconf 91' lang='lat' dir='ltr'><strong>loqui.</strong></span> <span class='ocrx_word' id='word_1_867' title='bbox 994 5085 1013 5118; x_wconf 77' lang='grc' dir='ltr'><strong>ι</strong></span> 
     </span>
    </p>
   </div>
   <div class='ocr_carea' id='block_1_102' title="bbox 216 5132 869 5205">
    <p class='ocr_par' dir='ltr' id='par_1_102' title="bbox 216 5132 869 5205">
     <span class='ocr_line' id='line_1_103' title="bbox 216 5132 869 5205; baseline 0.011 -21"><span class='ocrx_word' id='word_1_868' title='bbox 216 5132 313 5205; x_wconf 82' lang='grc'>(67)</span> <span class='ocrx_word' id='word_1_869' title='bbox 344 5134 519 5205; x_wconf 80' lang='lat' dir='ltr'><strong>Fugit.</strong></span> <span class='ocrx_word' id='word_1_870' title='bbox 554 5136 709 5189; x_wconf 81' lang='lat' dir='ltr'><strong>Joan.</strong></span> <span class='ocrx_word' id='word_1_871' title='bbox 746 5154 784 5199; x_wconf 89' lang='grc' dir='ltr'><strong>ι,</strong></span> <span class='ocrx_word' id='word_1_872' title='bbox 816 5132 869 5191; x_wconf 69' lang='grc'><strong>5.</strong></span> 
     </span>
    </p>
   </div>
   <div class='ocr_carea' id='block_1_103' title="bbox 220 5204 1086 5275">
    <p class='ocr_par' dir='ltr' id='par_1_103' title="bbox 220 5204 1086 5275">
     <span class='ocr_line' id='line_1_104' title="bbox 220 5204 1086 5275; baseline 0.003 -19"><span class='ocrx_word' id='word_1_873' title='bbox 220 5204 318 5275; x_wconf 81' lang='grc'>(68)</span> <span class='ocrx_word' id='word_1_874' title='bbox 364 5204 463 5259; x_wconf 81' lang='lat' dir='ltr'><strong>Sed</strong></span> <span class='ocrx_word' id='word_1_875' title='bbox 491 5223 609 5259; x_wconf 85' lang='lat' dir='ltr'><strong>cum</strong></span> <span class='ocrx_word' id='word_1_876' title='bbox 637 5245 652 5259; x_wconf 90' lang='lat'><strong>.</strong></span> <span class='ocrx_word' id='word_1_877' title='bbox 688 5206 863 5262; x_wconf 86' lang='lat' dir='ltr'><strong>Galat.</strong></span> <span class='ocrx_word' id='word_1_878' title='bbox 906 5220 967 5269; x_wconf 92' lang='lat' dir='ltr'><strong>ll,</strong></span> <span class='ocrx_word' id='word_1_879' title='bbox 998 5205 1086 5259; x_wconf 73' lang='grc'><strong>14.</strong></span> 
     </span>
    </p>
   </div>
   <div class='ocr_carea' id='block_1_104' title="bbox 220 5273 1689 5346">
    <p class='ocr_par' dir='ltr' id='par_1_104' title="bbox 220 5273 1689 5346">
     <span class='ocr_line' id='line_1_105' title="bbox 220 5273 1689 5346; baseline 0.002 -21"><span class='ocrx_word' id='word_1_880' title='bbox 220 5273 319 5343; x_wconf 82' lang='lat'><strong>(69)</strong></span> <span class='ocrx_word' id='word_1_881' title='bbox 353 5275 556 5340; x_wconf 72' lang='lat' dir='ltr'><strong>Cepltw.</strong></span> <span class='ocrx_word' id='word_1_882' title='bbox 586 5276 770 5330; x_wconf 65' lang='lat' dir='ltr'><strong>Graeca</strong></span> <span class='ocrx_word' id='word_1_883' title='bbox 802 5276 1010 5330; x_wconf 89' lang='lat' dir='ltr'><strong>editio:</strong></span> <span class='ocrx_word' id='word_1_884' title='bbox 1048 5274 1273 5346; x_wconf 81' lang='grc' dir='ltr'>Πέτρῳ,</span> <span class='ocrx_word' id='word_1_885' title='bbox 1310 5273 1362 5328; x_wconf 92' lang='lat' dir='ltr'><strong>id</strong></span> <span class='ocrx_word' id='word_1_886' title='bbox 1412 5284 1492 5329; x_wconf 88' lang='lat' dir='ltr'><strong>est</strong></span> <span class='ocrx_word' id='word_1_887' title='bbox 1529 5292 1547 5325; x_wconf 82' lang='grc' dir='ltr'><strong>ι</strong></span> <span class='ocrx_word' id='word_1_888' title='bbox 1587 5273 1689 5328; x_wconf 86' lang='lat' dir='ltr'><strong>Pe-</strong></span> 
     </span>
    </p>
   </div>
   <div class='ocr_carea' id='block_1_105' title="bbox 165 5345 1686 5414">
    <p class='ocr_par' dir='ltr' id='par_1_105' title="bbox 165 5345 1686 5414">
     <span class='ocr_line' id='line_1_106' title="bbox 165 5345 1686 5414; baseline 0.002 -20"><span class='ocrx_word' id='word_1_889' title='bbox 165 5348 296 5414; x_wconf 68' lang='lat' dir='ltr'><strong>tro.»</strong></span> <span class='ocrx_word' id='word_1_890' title='bbox 326 5345 439 5414; x_wconf 76' lang='lat' dir='ltr'><strong>Sed</strong></span> <span class='ocrx_word' id='word_1_891' title='bbox 490 5346 749 5414; x_wconf 73' lang='lat' dir='ltr'><strong>Vulgatus</strong></span> <span class='ocrx_word' id='word_1_892' title='bbox 802 5346 1068 5413; x_wconf 88' lang='lat' dir='ltr'><strong>interpres</strong></span> <span class='ocrx_word' id='word_1_893' title='bbox 1120 5345 1247 5413; x_wconf 81' lang='lat' dir='ltr'><strong>legit</strong></span> <span class='ocrx_word' id='word_1_894' title='bbox 1299 5353 1356 5397; x_wconf 92' lang='lat' dir='ltr'><strong>ut</strong></span> <span class='ocrx_word' id='word_1_895' title='bbox 1412 5346 1686 5414; x_wconf 81' lang='lat' dir='ltr'><strong>Didymus,</strong></span> 
     </span>
    </p>
   </div>
   <div class='ocr_carea' id='block_1_106' title="bbox 164 5411 1684 5473">
    <p class='ocr_par' dir='ltr' id='par_1_106' title="bbox 164 5411 1684 5473">
     <span class='ocr_line' id='line_1_107' title="bbox 164 5411 1684 5473; baseline 0.006 -14"><span class='ocrx_word' id='word_1_896' title='bbox 164 5411 296 5473; x_wconf 82' lang='lat' dir='ltr'><strong>cujus</strong></span> <span class='ocrx_word' id='word_1_897' title='bbox 322 5411 847 5471; x_wconf 54' lang='lat' dir='ltr'><strong>lectionem&#39;exhibet</strong></span> <span class='ocrx_word' id='word_1_898' title='bbox 876 5411 1034 5468; x_wconf 83' lang='lat' dir='ltr'><strong>etiam</strong></span> <span class='ocrx_word' id='word_1_899' title='bbox 1065 5411 1232 5469; x_wconf 74' lang='lat' dir='ltr'><strong>codex</strong></span> <span class='ocrx_word' id='word_1_900' title='bbox 1271 5411 1684 5469; x_wconf 78' lang='lat' dir='ltr'><strong>Alexandrinus.</strong></span> 
     </span>
    </p>
   </div>
   <div class='ocr_carea' id='block_1_107' title="bbox 225 5481 1688 5553">
    <p class='ocr_par' dir='ltr' id='par_1_107' title="bbox 225 5481 1688 5553">
     <span class='ocr_line' id='line_1_108' title="bbox 225 5481 1688 5553; baseline 0.002 -21"><span class='ocrx_word' id='word_1_901' title='bbox 225 5481 323 5553; x_wconf 83' lang='lat'><strong>(70)</strong></span> <span class='ocrx_word' id='word_1_902' title='bbox 368 5483 504 5538; x_wconf 82' lang='lat' dir='ltr'><strong>Vivo.</strong></span> <span class='ocrx_word' id='word_1_903' title='bbox 539 5484 763 5539; x_wconf 87' lang='lat' dir='ltr'><strong>Sensum</strong></span> <span class='ocrx_word' id='word_1_904' title='bbox 790 5487 942 5547; x_wconf 83' lang='lat' dir='ltr'><strong>citat,</strong></span> <span class='ocrx_word' id='word_1_905' title='bbox 969 5499 1031 5537; x_wconf 88' lang='lat' dir='ltr'><strong>ac</strong></span> <span class='ocrx_word' id='word_1_906' title='bbox 1062 5486 1286 5538; x_wconf 89' lang='lat' dir='ltr'><strong>duorum</strong></span> <span class='ocrx_word' id='word_1_907' title='bbox 1314 5486 1688 5553; x_wconf 82' lang='lat' dir='ltr'><strong>prophetarum</strong></span> 
     </span>
    </p>
   </div>
   <div class='ocr_carea' id='block_1_108' title="bbox 168 5545 1688 5623">
    <p class='ocr_par' dir='ltr' id='par_1_108' title="bbox 168 5545 1688 5623">
     <span class='ocr_line' id='line_1_109' title="bbox 168 5545 1688 5623; baseline 0.003 -21"><span class='ocrx_word' id='word_1_908' title='bbox 168 5545 265 5602; x_wconf 80' lang='lat' dir='ltr'><strong>loca</strong></span> <span class='ocrx_word' id='word_1_909' title='bbox 297 5545 429 5623; x_wconf 84' lang='lat' dir='ltr'><strong>inter</strong></span> <span class='ocrx_word' id='word_1_910' title='bbox 465 5570 523 5610; x_wconf 89' lang='lat' dir='ltr'><strong>se</strong></span> <span class='ocrx_word' id='word_1_911' title='bbox 556 5554 853 5609; x_wconf 90' lang='lat' dir='ltr'><strong>confundit.</strong></span> <span class='ocrx_word' id='word_1_912' title='bbox 898 5545 1095 5620; x_wconf 84' lang='lat' dir='ltr'><strong>Nempe</strong></span> <span class='ocrx_word' id='word_1_913' title='bbox 1126 5556 1176 5608; x_wconf 95' lang='lat' dir='ltr'><strong>in</strong></span> <span class='ocrx_word' id='word_1_914' title='bbox 1206 5545 1425 5608; x_wconf 68' lang='lat' dir='ltr'><strong>Miciiaaa</strong></span> <span class='ocrx_word' id='word_1_915' title='bbox 1454 5570 1573 5623; x_wconf 90' lang='lat' dir='ltr'><strong>cap.</strong></span> <span class='ocrx_word' id='word_1_916' title='bbox 1605 5567 1688 5614; x_wconf 87' lang='grc' dir='ltr'>ιιι,</span> 
     </span>
    </p>
   </div>
   <div class='ocr_carea' id='block_1_109' title="bbox 167 5622 1694 5695">
    <p class='ocr_par' dir='ltr' id='par_1_109' title="bbox 167 5622 1694 5695">
     <span class='ocr_line' id='line_1_110' title="bbox 167 5622 1694 5695; baseline 0.002 -24"><span class='ocrx_word' id='word_1_917' title='bbox 167 5629 289 5695; x_wconf 66' lang='lat' dir='ltr'><strong>vers.</strong></span> <span class='ocrx_word' id='word_1_918' title='bbox 319 5622 366 5680; x_wconf 87' lang='lat'><strong>5.</strong></span> <span class='ocrx_word' id='word_1_919' title='bbox 394 5624 589 5695; x_wconf 82' lang='lat' dir='ltr'><strong>legitur</strong></span> <span class='ocrx_word' id='word_1_920' title='bbox 621 5642 632 5677; x_wconf 93' lang='lat'><strong>:</strong></span> <span class='ocrx_word' id='word_1_921' title='bbox 667 5624 806 5678; x_wconf 88' lang='grc' dir='ltr'>Τάδε</span> <span class='ocrx_word' id='word_1_922' title='bbox 833 5624 980 5695; x_wconf 76' lang='grc' dir='ltr'>λέγει</span> <span class='ocrx_word' id='word_1_923' title='bbox 1009 5624 1210 5695; x_wconf 82' lang='grc' dir='ltr'>Κύριος</span> <span class='ocrx_word' id='word_1_924' title='bbox 1259 5625 1353 5679; x_wconf 71' lang='grc' dir='ltr'><strong>ἐπὶ</strong></span> <span class='ocrx_word' id='word_1_925' title='bbox 1382 5622 1531 5687; x_wconf 67' lang='grc' dir='ltr'>τοὺς</span> <span class='ocrx_word' id='word_1_926' title='bbox 1562 5640 1694 5695; x_wconf 64' lang='grc' dir='ltr'>προ-</span> 
     </span>
    </p>
   </div>
   <div class='ocr_carea' id='block_1_110' title="bbox 174 5689 1692 5765">
    <p class='ocr_par' dir='ltr' id='par_1_110' title="bbox 174 5689 1692 5765">
     <span class='ocr_line' id='line_1_111' title="bbox 174 5689 1692 5765; baseline -0.004 -12"><span class='ocrx_word' id='word_1_927' title='bbox 174 5689 321 5757; x_wconf 61' lang='grc' dir='ltr'>θῆτας</span> <span class='ocrx_word' id='word_1_928' title='bbox 350 5689 471 5759; x_wconf 68' lang='grc' dir='ltr'>τοὺς</span> <span class='ocrx_word' id='word_1_929' title='bbox 512 5694 826 5756; x_wconf 83' lang='grc' dir='ltr'>πλανῶντας</span> <span class='ocrx_word' id='word_1_930' title='bbox 855 5689 944 5749; x_wconf 76' lang='grc' dir='ltr'><strong>τδν</strong></span> <span class='ocrx_word' id='word_1_931' title='bbox 972 5689 1112 5749; x_wconf 63' lang='grc' dir='ltr'>λαόν</span> <span class='ocrx_word' id='word_1_932' title='bbox 1129 5712 1252 5765; x_wconf 88' lang='grc' dir='ltr'>μου,</span> <span class='ocrx_word' id='word_1_933' title='bbox 1283 5696 1334 5751; x_wconf 91' lang='lat' dir='ltr'><strong>id</strong></span> <span class='ocrx_word' id='word_1_934' title='bbox 1363 5705 1465 5761; x_wconf 88' lang='lat' dir='ltr'><strong>est,</strong></span> <span class='ocrx_word' id='word_1_935' title='bbox 1513 5712 1531 5744; x_wconf 79' lang='grc' dir='ltr'><strong>ι</strong></span> <span class='ocrx_word' id='word_1_936' title='bbox 1569 5689 1692 5747; x_wconf 73' lang='lat' dir='ltr'><strong>lianc</strong></span> 
     </span>
    </p>
   </div>
   <div class='ocr_carea' id='block_1_111' title="bbox 1789 4876 1915 4941">
    <p class='ocr_par' dir='ltr' id='par_1_111' title="bbox 1789 4876 1915 4941">
     <span class='ocr_line' id='line_1_112' title="bbox 1789 4876 1915 4941; baseline 0 0"><span class='ocrx_word' id='word_1_937' title='bbox 1789 4876 1915 4941; x_wconf 69' lang='grc' dir='ltr'>μενι.</span> 
     </span>
    </p>
   </div>
   <div class='ocr_carea' id='block_1_112' title="bbox 1787 4946 2123 4983">
    <p class='ocr_par' dir='ltr' id='par_1_112' title="bbox 1787 4946 2123 4983">
     <span class='ocr_line' id='line_1_113' title="bbox 1787 4946 2123 4983; baseline -0.003 -1"><span class='ocrx_word' id='word_1_938' title='bbox 1787 4946 2061 4983; x_wconf 80' lang='lat' dir='ltr'><strong>IIIIIIIIIIUS.</strong></span> <span class='ocrx_word' id='word_1_939' title='bbox 2105 4949 2123 4981; x_wconf 73' lang='grc' dir='ltr'><strong>ι</strong></span> 
     </span>
    </p>
   </div>
   <div class='ocr_carea' id='block_1_113' title="bbox 1855 4650 3355 4720">
    <p class='ocr_par' dir='ltr' id='par_1_113' title="bbox 1855 4650 3355 4720">
     <span class='ocr_line' id='line_1_114' title="bbox 1855 4650 3355 4720; baseline 0.003 -18"><span class='ocrx_word' id='word_1_940' title='bbox 1855 4650 1966 4719; x_wconf 88' lang='grc'>(71)</span> <span class='ocrx_word' id='word_1_941' title='bbox 1992 4653 2055 4705; x_wconf 84' lang='grc' dir='ltr'>1η</span> <span class='ocrx_word' id='word_1_942' title='bbox 2097 4650 2395 4720; x_wconf 71' lang='lat' dir='ltr'><strong>festivitate.</strong></span> <span class='ocrx_word' id='word_1_943' title='bbox 2441 4652 2595 4707; x_wconf 78' lang='lat' dir='ltr'><strong>Joan.</strong></span> <span class='ocrx_word' id='word_1_944' title='bbox 2643 4667 2741 4718; x_wconf 87' lang='lat' dir='ltr'><strong>vu,</strong></span> <span class='ocrx_word' id='word_1_945' title='bbox 2770 4653 2856 4716; x_wconf 88' lang='grc'><strong>11,</strong></span> <span class='ocrx_word' id='word_1_946' title='bbox 2886 4652 2970 4709; x_wconf 78' lang='grc'><strong>12.</strong></span> <span class='ocrx_word' id='word_1_947' title='bbox 2991 4652 3200 4708; x_wconf 89' lang='lat' dir='ltr'><strong>Citatur</strong></span> <span class='ocrx_word' id='word_1_948' title='bbox 3226 4666 3355 4706; x_wconf 88' lang='lat' dir='ltr'><strong>sen-</strong></span> 
     </span>
    </p>
   </div>
   <div class='ocr_carea' id='block_1_114' title="bbox 1783 4723 2507 4790">
    <p class='ocr_par' dir='ltr' id='par_1_114' title="bbox 1783 4723 2507 4790">
     <span class='ocr_line' id='line_1_115' title="bbox 1783 4723 2507 4790; baseline 0.001 -15"><span class='ocrx_word' id='word_1_949' title='bbox 1783 4734 1877 4775; x_wconf 79' lang='lat' dir='ltr'><strong>Sus</strong></span> <span class='ocrx_word' id='word_1_950' title='bbox 1906 4723 2101 4787; x_wconf 87' lang='lat' dir='ltr'><strong>potius,</strong></span> <span class='ocrx_word' id='word_1_951' title='bbox 2135 4736 2295 4790; x_wconf 86' lang='lat' dir='ltr'><strong>quam</strong></span> <span class='ocrx_word' id='word_1_952' title='bbox 2323 4724 2507 4776; x_wconf 84' lang='lat' dir='ltr'><strong>verba.</strong></span> 
     </span>
    </p>
   </div>
   <div class='ocr_carea' id='block_1_115' title="bbox 1857 4789 3358 4861">
    <p class='ocr_par' dir='ltr' id='par_1_115' title="bbox 1857 4789 3358 4861">
     <span class='ocr_line' id='line_1_116' title="bbox 1857 4789 3358 4861; baseline 0.001 -19"><span class='ocrx_word' id='word_1_953' title='bbox 1857 4789 1981 4861; x_wconf 70' lang='lat'><strong>(72)</strong></span> <span class='ocrx_word' id='word_1_954' title='bbox 2002 4790 2233 4861; x_wconf 75' lang='lat' dir='ltr'><strong>Scimus,</strong></span> <span class='ocrx_word' id='word_1_955' title='bbox 2256 4789 2493 4861; x_wconf 85' lang='lat' dir='ltr'><strong>Domine.</strong></span> <span class='ocrx_word' id='word_1_956' title='bbox 2527 4789 2715 4844; x_wconf 84' lang='lat' dir='ltr'><strong>Matth.</strong></span> <span class='ocrx_word' id='word_1_957' title='bbox 2742 4806 2914 4855; x_wconf 81' lang='lat' dir='ltr'><strong>xxv&quot;,</strong></span> <span class='ocrx_word' id='word_1_958' title='bbox 2941 4791 3027 4847; x_wconf 77' lang='grc'><strong>65.</strong></span> <span class='ocrx_word' id='word_1_959' title='bbox 3057 4789 3181 4855; x_wconf 87' lang='lat' dir='ltr'><strong>Pro,</strong></span> <span class='ocrx_word' id='word_1_960' title='bbox 3215 4789 3358 4844; x_wconf 80' lang='grc' dir='ltr'>οῖδα-</span> 
     </span>
    </p>
   </div>
   <div class='ocr_carea' id='block_1_116' title="bbox 1995 4860 3356 4932">
    <p class='ocr_par' dir='ltr' id='par_1_116' title="bbox 1995 4860 3356 4932">
     <span class='ocr_line' id='line_1_117' title="bbox 1995 4860 3356 4932; baseline 0.002 -21"><span class='ocrx_word' id='word_1_961' title='bbox 1995 4876 2126 4914; x_wconf 66' lang='lat' dir='ltr'><strong>rzeca</strong></span> <span class='ocrx_word' id='word_1_962' title='bbox 2154 4860 2320 4914; x_wconf 89' lang='lat' dir='ltr'><strong>editio</strong></span> <span class='ocrx_word' id='word_1_963' title='bbox 2344 4861 2506 4916; x_wconf 85' lang='lat' dir='ltr'><strong>habet</strong></span> <span class='ocrx_word' id='word_1_964' title='bbox 2534 4879 2547 4915; x_wconf 93' lang='lat'><strong>:</strong></span> <span class='ocrx_word' id='word_1_965' title='bbox 2577 4860 2953 4932; x_wconf 77' lang='grc' dir='ltr'>ἐμνήσθημεν,</span> <span class='ocrx_word' id='word_1_966' title='bbox 2984 4862 3034 4916; x_wconf 90' lang='lat' dir='ltr'><strong>id</strong></span> <span class='ocrx_word' id='word_1_967' title='bbox 3060 4870 3162 4926; x_wconf 84' lang='lat' dir='ltr'><strong>est,</strong></span> <span class='ocrx_word' id='word_1_968' title='bbox 3196 4878 3214 4911; x_wconf 80' lang='grc' dir='ltr'><strong>ι</strong></span> <span class='ocrx_word' id='word_1_969' title='bbox 3247 4876 3356 4914; x_wconf 83' lang='lat' dir='ltr'><strong>rne-</strong></span> 
     </span>
    </p>
   </div>
   <div class='ocr_carea' id='block_1_117' title="bbox 1857 4999 3356 5069">
    <p class='ocr_par' dir='ltr' id='par_1_117' title="bbox 1857 4999 3356 5069">
     <span class='ocr_line' id='line_1_118' title="bbox 1857 4999 3356 5069; baseline 0.003 -19"><span class='ocrx_word' id='word_1_970' title='bbox 1857 4999 2079 5069; x_wconf 20' lang='lat' dir='ltr'><strong>(75)Al)e</strong></span> <span class='ocrx_word' id='word_1_971' title='bbox 2112 5001 2240 5055; x_wconf 83' lang='lat' dir='ltr'><strong>illis.</strong></span> <span class='ocrx_word' id='word_1_972' title='bbox 2289 4999 2538 5055; x_wconf 87' lang='lat' dir='ltr'><strong>Clemens</strong></span> <span class='ocrx_word' id='word_1_973' title='bbox 2569 5014 2782 5068; x_wconf 89' lang='lat' dir='ltr'><strong>quoque</strong></span> <span class='ocrx_word' id='word_1_974' title='bbox 2814 4999 2866 5053; x_wconf 91' lang='lat' dir='ltr'><strong>in</strong></span> <span class='ocrx_word' id='word_1_975' title='bbox 2920 4999 3094 5068; x_wconf 90' lang='lat' dir='ltr'><strong>primo</strong></span> <span class='ocrx_word' id='word_1_976' title='bbox 3133 4999 3356 5069; x_wconf 85' lang='lat' dir='ltr'><strong>Slrom.,</strong></span> 
     </span>
    </p>
   </div>
   <div class='ocr_carea' id='block_1_118' title="bbox 1788 5067 3356 5140">
    <p class='ocr_par' dir='ltr' id='par_1_118' title="bbox 1788 5067 3356 5140">
     <span class='ocr_line' id='line_1_119' title="bbox 1788 5067 3356 5140; baseline 0.003 -20"><span class='ocrx_word' id='word_1_977' title='bbox 1788 5084 1907 5137; x_wconf 89' lang='lat' dir='ltr'><strong>pag.</strong></span> <span class='ocrx_word' id='word_1_978' title='bbox 1935 5067 2060 5134; x_wconf 82' lang='grc'>568,</span> <span class='ocrx_word' id='word_1_979' title='bbox 2092 5072 2156 5124; x_wconf 82' lang='lat' dir='ltr'><strong>de</strong></span> <span class='ocrx_word' id='word_1_980' title='bbox 2181 5067 2653 5140; x_wconf 81' lang='lat' dir='ltr'><strong>pseudoprophetis</strong></span> <span class='ocrx_word' id='word_1_981' title='bbox 2675 5067 3148 5140; x_wconf 21' lang='lat' dir='ltr'><strong>intelligit’Domini</strong></span> <span class='ocrx_word' id='word_1_982' title='bbox 3174 5067 3356 5139; x_wconf 83' lang='lat' dir='ltr'><strong>verba,</strong></span> 
     </span>
    </p>
   </div>
   <div class='ocr_carea' id='block_1_119' title="bbox 1791 5140 2469 5210">
    <p class='ocr_par' dir='ltr' id='par_1_119' title="bbox 1791 5140 2469 5210">
     <span class='ocr_line' id='line_1_120' title="bbox 1791 5140 2469 5210; baseline 0.004 -21"><span class='ocrx_word' id='word_1_983' title='bbox 1791 5141 2151 5210; x_wconf 57' lang='lat' dir='ltr'><strong>qiueallegal</strong></span> <span class='ocrx_word' id='word_1_984' title='bbox 2195 5140 2469 5210; x_wconf 65' lang='lat' dir='ltr'><strong>Didymus.</strong></span> 
     </span>
    </p>
   </div>
   <div class='ocr_carea' id='block_1_120' title="bbox 1857 5207 2719 5278">
    <p class='ocr_par' dir='ltr' id='par_1_120' title="bbox 1857 5207 2719 5278">
     <span class='ocr_line' id='line_1_121' title="bbox 1857 5207 2719 5278; baseline 0.005 -19"><span class='ocrx_word' id='word_1_985' title='bbox 1857 5207 1967 5278; x_wconf 66' lang='lat'><strong>(74)</strong></span> <span class='ocrx_word' id='word_1_986' title='bbox 2014 5207 2341 5277; x_wconf 69' lang='lat' dir='ltr'><strong>Quicunque.</strong></span> <span class='ocrx_word' id='word_1_987' title='bbox 2380 5208 2537 5263; x_wconf 86' lang='lat' dir='ltr'><strong>Joan.</strong></span> <span class='ocrx_word' id='word_1_988' title='bbox 2575 5226 2631 5275; x_wconf 70' lang='grc' dir='ltr'>κ,</span> <span class='ocrx_word' id='word_1_989' title='bbox 2666 5208 2719 5263; x_wconf 87' lang='grc'><strong>8.</strong></span> 
     </span>
    </p>
   </div>
   <div class='ocr_carea' id='block_1_121' title="bbox 1860 5277 3284 5349">
    <p class='ocr_par' dir='ltr' id='par_1_121' title="bbox 1860 5277 3284 5349">
     <span class='ocr_line' id='line_1_122' title="bbox 1860 5277 3284 5349; baseline 0.001 -17"><span class='ocrx_word' id='word_1_990' title='bbox 1860 5277 1971 5349; x_wconf 76' lang='grc'>(75)</span> <span class='ocrx_word' id='word_1_991' title='bbox 2018 5278 2210 5333; x_wconf 85' lang='lat' dir='ltr'><strong>Erant.</strong></span> <span class='ocrx_word' id='word_1_992' title='bbox 2242 5278 2426 5333; x_wconf 72' lang='lat' dir='ltr'><strong>Graeca</strong></span> <span class='ocrx_word' id='word_1_993' title='bbox 2459 5282 2643 5343; x_wconf 81' lang='lat' dir='ltr'><strong>editio,</strong></span> <span class='ocrx_word' id='word_1_994' title='bbox 2677 5278 2803 5345; x_wconf 79' lang='grc' dir='ltr'>εἰσί,</span> <span class='ocrx_word' id='word_1_995' title='bbox 2832 5279 2881 5333; x_wconf 89' lang='lat' dir='ltr'><strong>id</strong></span> <span class='ocrx_word' id='word_1_996' title='bbox 2916 5289 2997 5333; x_wconf 87' lang='lat' dir='ltr'><strong>est</strong></span> <span class='ocrx_word' id='word_1_997' title='bbox 3035 5300 3055 5332; x_wconf 77' lang='grc' dir='ltr'><strong>ι</strong></span> <span class='ocrx_word' id='word_1_998' title='bbox 3084 5291 3228 5334; x_wconf 88' lang='lat' dir='ltr'><strong>sunt.</strong></span> <span class='ocrx_word' id='word_1_999' title='bbox 3252 5288 3284 5333; x_wconf 70' lang='grc' dir='ltr'><strong>ι</strong></span> 
     </span>
    </p>
   </div>
   <div class='ocr_carea' id='block_1_122' title="bbox 1860 5348 3356 5421">
    <p class='ocr_par' dir='ltr' id='par_1_122' title="bbox 1860 5348 3356 5421">
     <span class='ocr_line' id='line_1_123' title="bbox 1860 5348 3356 5421; baseline 0.003 -21"><span class='ocrx_word' id='word_1_1000' title='bbox 1860 5348 1972 5418; x_wconf 84' lang='lat'><strong>(76)</strong></span> <span class='ocrx_word' id='word_1_1001' title='bbox 2013 5350 2323 5403; x_wconf 78' lang='lat' dir='ltr'><strong>Audierant.</strong></span> <span class='ocrx_word' id='word_1_1002' title='bbox 2358 5349 2524 5403; x_wconf 83' lang='lat' dir='ltr'><strong>Biblia</strong></span> <span class='ocrx_word' id='word_1_1003' title='bbox 2558 5352 2743 5404; x_wconf 89' lang='lat' dir='ltr'><strong>eodem</strong></span> <span class='ocrx_word' id='word_1_1004' title='bbox 2772 5366 2953 5415; x_wconf 83' lang='lat' dir='ltr'><strong>sensu,</strong></span> <span class='ocrx_word' id='word_1_1005' title='bbox 2984 5352 3223 5421; x_wconf 72' lang='grc' dir='ltr'>ἥκουσαν</span> <span class='ocrx_word' id='word_1_1006' title='bbox 3260 5366 3356 5420; x_wconf 90' lang='lat' dir='ltr'><strong>pro</strong></span> 
     </span>
    </p>
   </div>
   <div class='ocr_carea' id='block_1_123' title="bbox 1789 5417 2038 5488">
    <p class='ocr_par' dir='ltr' id='par_1_123' title="bbox 1789 5417 2038 5488">
     <span class='ocr_line' id='line_1_124' title="bbox 1789 5417 2038 5488; baseline 0.012 -19"><span class='ocrx_word' id='word_1_1007' title='bbox 1789 5417 2038 5488; x_wconf 77' lang='grc' dir='ltr'>ἤκουσεν.</span> 
     </span>
    </p>
   </div>
   <div class='ocr_carea' id='block_1_124' title="bbox 1863 5485 3355 5560">
    <p class='ocr_par' dir='ltr' id='par_1_124' title="bbox 1863 5485 3355 5560">
     <span class='ocr_line' id='line_1_125' title="bbox 1863 5485 3355 5560; baseline 0.002 -20"><span class='ocrx_word' id='word_1_1008' title='bbox 1863 5488 1975 5560; x_wconf 90' lang='lat'><strong>(77)</strong></span> <span class='ocrx_word' id='word_1_1009' title='bbox 2012 5486 2143 5543; x_wconf 84' lang='lat' dir='ltr'><strong>0m</strong></span> <span class='ocrx_word' id='word_1_1010' title='bbox 2171 5506 2315 5545; x_wconf 71' lang='lat' dir='ltr'><strong>meae.</strong></span> <span class='ocrx_word' id='word_1_1011' title='bbox 2353 5488 2505 5546; x_wconf 80' lang='lat' dir='ltr'><strong>Joan.</strong></span> <span class='ocrx_word' id='word_1_1012' title='bbox 2540 5505 2595 5555; x_wconf 90' lang='lat' dir='ltr'><strong>x,</strong></span> <span class='ocrx_word' id='word_1_1013' title='bbox 2630 5488 2719 5543; x_wconf 72' lang='lat'><strong>27.</strong></span> <span class='ocrx_word' id='word_1_1014' title='bbox 2754 5488 2959 5544; x_wconf 88' lang='lat' dir='ltr'><strong>Sensus</strong></span> <span class='ocrx_word' id='word_1_1015' title='bbox 2992 5499 3167 5545; x_wconf 90' lang='lat' dir='ltr'><strong>tamen</strong></span> <span class='ocrx_word' id='word_1_1016' title='bbox 3196 5485 3355 5543; x_wconf 81' lang='lat' dir='ltr'><strong>affer-</strong></span> 
     </span>
    </p>
   </div>
   <div class='ocr_carea' id='block_1_125' title="bbox 1801 5561 2261 5623">
    <p class='ocr_par' dir='ltr' id='par_1_125' title="bbox 1801 5561 2261 5623">
     <span class='ocr_line' id='line_1_126' title="bbox 1801 5561 2261 5623; baseline 0.007 -12"><span class='ocrx_word' id='word_1_1017' title='bbox 1801 5566 1909 5623; x_wconf 90' lang='lat' dir='ltr'><strong>tur,</strong></span> <span class='ocrx_word' id='word_1_1018' title='bbox 1949 5575 2050 5613; x_wconf 89' lang='lat' dir='ltr'><strong>non</strong></span> <span class='ocrx_word' id='word_1_1019' title='bbox 2076 5561 2261 5616; x_wconf 83' lang='lat' dir='ltr'><strong>verba.</strong></span> 
     </span>
    </p>
   </div>
   <div class='ocr_carea' id='block_1_126' title="bbox 1863 5628 2976 5702">
    <p class='ocr_par' dir='ltr' id='par_1_126' title="bbox 1863 5628 2976 5702">
     <span class='ocr_line' id='line_1_127' title="bbox 1863 5628 2976 5702; baseline 0.002 -20"><span class='ocrx_word' id='word_1_1020' title='bbox 1863 5629 1974 5700; x_wconf 87' lang='lat'><strong>(78)</strong></span> <span class='ocrx_word' id='word_1_1021' title='bbox 2026 5629 2136 5698; x_wconf 87' lang='lat' dir='ltr'><strong>Ego</strong></span> <span class='ocrx_word' id='word_1_1022' title='bbox 2182 5648 2212 5683; x_wconf 89' lang='lat' dir='ltr'><strong>a</strong></span> <span class='ocrx_word' id='word_1_1023' title='bbox 2250 5647 2327 5685; x_wconf 88' lang='lat' dir='ltr'><strong>me</strong></span> <span class='ocrx_word' id='word_1_1024' title='bbox 2365 5631 2498 5702; x_wconf 74' lang='lat' dir='ltr'><strong>ipso.</strong></span> <span class='ocrx_word' id='word_1_1025' title='bbox 2547 5630 2702 5686; x_wconf 84' lang='lat' dir='ltr'><strong>Joan.</strong></span> <span class='ocrx_word' id='word_1_1026' title='bbox 2743 5645 2852 5698; x_wconf 76' lang='lat' dir='ltr'><strong>xiv,</strong></span> <span class='ocrx_word' id='word_1_1027' title='bbox 2888 5628 2976 5684; x_wconf 87' lang='grc'><strong>10.</strong></span> 
     </span>
    </p>
   </div>
  </div>
