3716 6314
358 248 458 305 891

1583 255 1819 311 DIDYMI
1858 256 2331 311 ALEXANDRINI

3491 259 3584 317 392

359 366 577 433 quiens:
596 385 617 419 ‹
640 368 772 424 Cum
791 379 967 425 autem
984 370 1095 442 (79)
1109 371 1315 427 venerit
1334 370 1666 433 Paracletus,
1694 370 1925 440 Spiritus

2116 371 2257 443 εῦμα
2294 372 2393 442 τῆς
2431 371 2723 441 ἀληθείας,
2765 373 2985 446 ὃζπαρὰ
3032 373 3127 428 τοῦ
3174 372 3387 445 Πατρὸς
3438 376 3587 428 ἐκπο-

362 461 624 527 veritatis,
660 462 752 531 qui
786 479 815 517 a
845 464 1023 528 .Patre
1064 468 1323 535 procedit,
1362 466 1451 520 ille
1512 468 1660 519 vobis
1715 467 1767 519 in
1816 481 1923 519 ine-

362 553 586 606 moriam
631 556 907 610 revocabit
942 558 1103 611 verba
1127 573 1285 622 .mea,
1324 566 1378 612 et
1432 558 1658 613 deducet
1710 573 1805 612 vos
1856 558 1921 609 ad

360 658 572 697 omnem
608 646 887 701 veritatem
918 671 930 703 :
967 665 995 702 a
1026 650 1314 719 semetipso
1344 664 1445 702 non
1507 649 1773 716 loquetur.
1809 668 1826 700 i
1869 649 1920 703 Id

360 744 487 789 est:
531 737 755 805 Spiritui
807 752 995 794 sancto
1036 742 1192 795 [idem
1234 756 1299 795 ne
1352 741 1643 810 denegetis,
1695 742 1783 807 qui
1839 756 1924 795 ea-

363 829 482 880 dem
520 828 667 894 dicit,
723 841 775 884 et
809 832 965 885 docet
1011 847 1128 901 qua:
1159 846 1258 901 ego
1296 850 1308 885 :
1350 842 1449 886 nec
1490 833 1632 885 enim
1671 842 1753 886 est
1801 832 1926 886 alte-

364 923 481 972 rius
511 921 802 976 voluntatis
848 922 980 991 (80),
1019 940 1118 978 nec
1147 924 1368 978 alterius
1398 926 1645 978 essentiae
1679 943 1693 979 :
1736 926 1800 979 iis
1827 941 1923 977 au-

365 1020 468 1064 tem
500 1012 587 1078 qui
623 1012 878 1080 Spiritum
914 1025 1159 1067 sanctum
1184 1031 1243 1070 se
1267 1016 1467 1069 habere
1495 1016 1662 1079 aiunt,
1698 1017 1789 1069 sed
1820 1031 1923 1070 non

363 1099 658 1169 loquuntur
692 1118 811 1171 qua:
850 1119 965 1157 inea
1016 1114 1159 1170 sunt,
1196 1116 1249 1158 et
1282 1106 1685 1174 prophetarum,
1722 1122 1786 1159 iie
1818 1121 1928 1159 cre-

364 1190 524 1243 datis.
578 1190 928 1246 Maiiiclizeuiii
980 1209 1106 1247 vero
1138 1208 1205 1247 ne
1267 1195 1527 1259 tolerctis,
1580 1198 1721 1263 quod
1764 1193 1927 1249 Vetus

369 1279 771 1336 Testamentum
816 1300 918 1338 non
948 1285 1217 1351 admittat,
1245 1288 1337 1341 sed
1371 1288 1773 1342 iuliumaiiitatis
1801 1302 1929 1342 con-

363 1371 577 1426 demnet
610 1375 803 1428 bouum
833 1374 1070 1441 Patrem,
1112 1379 1203 1446 qui
1241 1393 1449 1431 mecum
1486 1378 1741 1446 loquitur,
1776 1393 1838 1431 ac
1864 1392 1926 1431 ea

364 1462 514 1526 facit,
552 1479 671 1531 qua:
710 1466 878 1534 ipsius
917 1452 1041 1538 erga
1090 1469 1337 1523 homines
1395 1470 1778 1538 benignitatem
1828 1470 1916 1524 de-

363 1557 589 1611 clarant.
632 1559 712 1612 Ad
768 1560 882 1613 haec
916 1578 928 1613 :
966 1575 1087 1614 cum
1119 1559 1353 1615 Verbum
1400 1561 1491 1614 Dei
1545 1562 1596 1614 in
1658 1562 1772 1630 ipso
1819 1560 1929 1614 Deo

363 1649 662 1703 subsistens
692 1650 762 1703 sit
790 1650 976 1718 Filius,
1017 1666 1249 1721 cumque
1278 1662 1331 1705 et
1358 1652 1471 1719 ipse
1525 1653 1592 1705 sit
1645 1652 1696 1704 iu
1742 1650 1924 1715 Patre,

363 1746 418 1794 et
450 1740 661 1794 Patrem
695 1741 893 1796 habeat
930 1744 983 1796 in
1023 1742 1334 1809 semetipso,
1377 1744 1570 1797 merito
1599 1744 1794 1796 dicitur
1822 1758 1924 1795 non
1959 1728 1999 1781 Β

363 1827 511 1895 loqui
546 1843 575 1881 a
622 1843 681 1881 se
713 1830 848 1897 ipso,
885 1831 1000 1893 sed,
1042 1839 1099 1882 ut
1128 1840 1285 1883 antea
1325 1831 1581 1896 scriptum
1630 1838 1731 1889 est,
1760 1843 1819 1881 ea
1853 1827 1931 1880 lo-

364 1920 552 1987 quitur
580 1934 699 1987 quae
732 1930 860 1973 sunt
889 1921 1005 1984 Dei,
1031 1921 1230 1989 quippe
1261 1921 1349 1988 qui
1392 1921 1532 1974 Deus
1572 1929 1652 1973 est
1684 1918 1928 1972 iueiiabi-

365 2011 433 2066 lis
468 2012 810 2067 itieﬂ'abilitet'
844 2014 1035 2067 videtis
1065 2014 1387 2066 voluntatem
1612 2011 1804 2069 Patris.
1833 2012 1932 2064 At-

366 2119 473 2174 que
506 2105 555 2158 id
584 2105 758 2174 ipsum
789 2106 1040 2159 similiter
1069 2106 1134 2159 de
1166 2105 1365 2174 Spiritu
1408 2116 1598 2159 sancto
1646 2104 1929 2158 dicendurm

366 2205 469 2259 est,
501 2196 697 2265 quippe
729 2196 819 2265 qui
856 2206 939 2251 est
972 2197 1182 2250 divinus
1209 2195 1464 2264 Spiritus.
1504 2194 1606 2249 Sed
1640 2195 1741 2247 alia
1769 2195 1929 2247 etiam

367 2288 655 2354 explicatio
687 2287 867 2341 alierri
921 2295 1120 2356 potest.
1174 2286 1307 2340 Cum
1340 2286 1573 2340 Verbum
1622 2284 1799 2338 Patris
1836 2284 1928 2345 ait,

375 2396 395 2430 ι
434 2378 667 2448 Spiritus
702 2378 813 2449 (81)
843 2394 871 2431 a
900 2393 959 2433 se
983 2378 1099 2445 ipso
1122 2391 1225 2430 non
1270 2376 1542 2445 loquetur,
1577 2378 1670 2430 sed
1702 2377 1768 2430 de
1813 2390 1934 2429 meo

371 2471 624 2539 accipiet,
655 2488 673 2521 i
710 2469 869 2523 unius
902 2471 1173 2531 essentia,
1200 2468 1468 2536 uniusque
1486 2467 1780 2521 voluntatis
1812 2467 1931 2520 viu-

370 2562 551 2616 culum
584 2554 637 2614 in
674 2560 944 2615 Trinitate
961 2541 1294 2614 ostenditur.
1338 2558 1472 2614 Cum
1508 2574 1638 2613 vero
1684 2560 1798 2627 ipse
1828 2570 1933 2612 non

370 2655 587 2717 dixerit,
634 2671 653 2705 ι
686 2654 1043 2722 Asemetipso
1088 2667 1192 2706 non
1234 2652 1490 2721 loquitur,
1530 2668 1549 2702 ι
1598 2651 1715 2714 sed,
1755 2669 1773 2701 ι
1829 2666 1933 2704 non

372 2744 641 2815 loquetur,
668 2761 687 2795 ι
747 2751 990 2811 apparet,
1020 2742 1182 2794 verba
1228 2740 1338 2805 illa,
1398 2758 1416 2791 ι
1455 2755 1561 2793 non
1606 2739 1874 2809 loquetur,
1911 2757 1931 2791 i

370 2835 437 2888 ad
472 2841 678 2888 certum
709 2832 976 2901 quoddam
1039 2840 1250 2898 tempus
1295 2845 1357 2883 ac
1399 2844 1512 2883 rem
1548 2845 1665 2884 esse
1696 2828 1936 2883 referen-

375 2927 462 2979 da.
498 2921 939 2989 Quandoquidem
990 2920 1308 2974 detrectaiiti
1348 2919 1538 2991 Moysi,
1578 2930 1634 2973 ut
1677 2930 1833 2973 antea
1860 2920 1941 2974 di-

373 3026 518 3067 ctum
552 3022 654 3077 est,
688 3013 765 3065 ait
814 3010 954 3066 Deus
987 3029 1000 3065 :
1041 3029 1059 3062 ι
1096 3012 1244 3079 Elige
1301 3011 1412 3080 (82)
1469 3012 1804 3080 septuaginta
1848 3026 1938 3065 se-

2027 465 2261 535 ρεῦεται,
2286 465 2492 526 ἐκεῖνος
2514 465 2657 533 ὑμᾶς
2680 466 2983 537 ἀναμνήσει
3007 466 3076 519 τὰ
3103 467 3324 537 ῥήματά
3352 484 3475 536 μου,
3498 469 3585 520 καὶ

2024 554 2275 623 ὁδηγήσει
2298 554 2441 624 ὑμᾶς
2468 554 2604 624 πρὸς
2630 555 2808 620 πᾶσαν
2830 556 2929 625 τὴν
2958 554 3217 625 ἀλήθειαν
3237 574 3250 585 ο
3276 555 3372 622 ἀφ’
3397 553 3584 609 ἑαυτοῦ

2024 645 2084 697 οὐ
2127 644 2384 714 λαλήσει·
2440 664 2459 696 i
2507 646 2627 697 ἀντὶ
2678 644 2809 709 τοῦ,
2858 646 2947 716 Τῷ
3000 646 3141 716 ἁγίῳ
3185 646 3465 717 Πνεῦματι
3517 647 3584 719 μὴ

2025 738 2385 806 ἀπιστήσητε,
2426 736 2494 789 τά
2532 736 2671 791 αὐτὰ
2713 736 2923 805 λέγοντι
2956 738 3051 790 καὶ
3095 737 3420 801 διδάσκοντι,
3450 737 3584 807 άπερ

2026 828 2175 895 ἐγώ·
2205 828 2279 879 Οὐ
2325 828 2434 898 γὰρ
2484 827 2855 895 ἐτερόϐουλον,
2906 828 3015 881 οὐδ’
3066 829 3436 900 ἐτεροούσιον·
3480 833 3587 892 toi;

2025 918 2082 970 δὲ
2126 916 2347 989 Πνεῦμα
2398 920 2552 986 ἅγιον
2599 918 2850 986 λέγουσιν
2905 918 3073 988 ἔχειν,
3125 922 3216 973 καὶ
3256 922 3330 991 μὴ
3372 920 3500 992 [185
3536 920 3585 993 b]

2025 1008 2246 1061 λαλοῦσι
2306 1008 2376 1061 τὰ
2416 1009 2526 1079 ἐμὰ
2599 1011 2691 1062 καὶ
2736 1010 2806 1063 τά
2850 1010 2958 1063 τῶν
3011 1011 3327 1082 προφητῶν,
3382 1012 3459 1082 μὴ
3506 1029 3588 1063 πι-

2030 1102 2319 1171 στεύσητε·
2370 1104 2442 1174 μή
2504 1120 2564 1154 τε
2613 1104 2720 1174 μὴν
2777 1104 3089 1173 ἀνάσχησθε
3141 1105 3469 1173 Μανιχαίου,
3519 1106 3585 1175 μὴ

2028 1194 2387 1265 προσιεμένου
2425 1195 2523 1265 τὴν
2548 1195 2791 1249 Παλαιὰν
2819 1196 3118 1266 Διαθήκην,
3144 1196 3257 1248 ἀλλ’
3301 1196 3587 1267 ἀπανθρω-

2028 1283 2156 1335 πίαν
2186 1284 2703 1354 καταψηφιζομένου
2736 1285 2831 1338 τοῦ
2870 1285 3076 1355 ἀγαθοῦ
3107 1287 3341 1355 Πατρὸς,
3371 1285 3468 1338 τοῦ
3500 1288 3588 1338 σὺν

2029 1375 2153 1443 ἐμοὶ
2180 1374 2465 1437 λαλοῦντος
2506 1376 2600 1426 καὶ
2636 1376 2919 1441 ποιοῦντος
2941 1376 3010 1430 τὰ
3041 1376 3422 1449 φιλάνθρωπα.
3454 1376 3588 1447 Πρὸς

2027 1464 2256 1528 τούτοις.
2305 1466 2474 1533 Λόγος
2518 1465 2592 1518 ὢν
2630 1467 2724 1519 τοῦ
2772 1468 2907 1520 Θεοῦ
2962 1469 3325 1532 ἐνυπόστατος
3373 1470 3403 1521 ὁ
3448 1469 3585 1532 Υἱὸς,

2028 1558 2123 1610 κα).
2144 1557 2217 1609 ὢν
2242 1559 2299 1610 ἐν
2329 1556 2405 1627 τῷ
2434 1558 2627 1628 Πατρὶ,
2660 1559 2755 1611 καὶ
2779 1558 2869 1611 τὸν
2900 1559 3121 1630 Πατέρα
3152 1560 3289 1630 ἔχων
3312 1562 3369 1612 ἐν
3393 1560 3584 1629 ἐαυτῷ,

2030 1649 2255 1712 εἰκότως
2288 1650 2378 1718 ἀφ’
2419 1649 2613 1701 ἐαυτοῦ
2653 1649 2714 1701 οὐ
2754 1650 2943 1702 λαλεί”
2994 1650 3133 1715 ἀλλ’,
3164 1651 3241 1715 ὡς
3285 1644 3601 1723 προγέγραξ

2031 1758 2182 1806 πται,
2216 1739 2281 1793 τὰ
2315 1739 2408 1792 τοῦ
2436 1740 2571 1793 Θεοῦ
2599 1741 2768 1803 λαλεῖ,
2811 1743 2905 1795 ἆτε
2941 1741 3004 1812 δὴ
3044 1743 3174 1806 Θεὸς
3212 1744 3453 1814 ἄρῤητος
3480 1745 3589 1813 βλέ-

2032 1844 2148 1877 πων
2213 1828 2291 1889 εξς
2358 1828 2419 1879 τὸ
2473 1828 2685 1898 θέλημα
2729 1828 2824 1882 τοῦ
2879 1831 3119 1901 Πατρός’
3180 1833 3274 1884 καὶ
3334 1834 3398 1885 τὸ
3448 1835 3588 1897 ἅγιον

2032 1916 2255 1986 Πνεῦμα
2307 1917 2540 1987 ὁμοίως,
2590 1919 2684 1971 ἅτε
2730 1920 2873 1973 θεῖον
2922 1922 3164 1993 Πνεῦμα.
3208 1924 3452 1995 Νοητέον
3504 1928 3588 1979 καὶ

2032 2004 2206 2068 ἄλλως
2230 2022 2243 2038 ·
2293 2006 2399 2058 Τοῦ
2439 2009 2611 2075 Λόγου
2670 2008 2765 2062 τοῦ
2822 2012 3036 2081 Πατρὺς
3086 2014 3429 2082 φάσκοντος·
3470 2035 3488 2066 ι
3527 2017 3589 2069 Τὸ

2033 2094 2256 2164 Πνεῦμα
2300 2096 2391 2164 ἀφ’
2439 2098 2631 2150 ἐαυτοῦ
2666 2100 2726 2151 οὐ
2779 2100 3024 2171 λαλήσει,
3072 2103 3183 2155 ἀλλ’
3230 2105 3295 2156 ἐκ
3326 2104 3419 2157 τοῦ
3468 2106 3588 2175 ἐμοῦ

2032 2186 2299 2256 λήψεται·
2347 2207 2366 2239 ι
2401 2191 2593 2259 ὁρᾶται
2627 2192 2655 2243 ὁ
2688 2192 2982 2263 σύνδεσμος
3014 2195 3112 2264 τῆς
3144 2196 3354 2261 οὐσίας,
3382 2199 3480 2250 καὶ
3507 2198 3590 2251 τοῦ

2034 2278 2151 2340 ἐνὸς
2178 2278 2303 2349 Οελή
2314 2297 2482 2350 ματος
2504 2281 2603 2351 τῆς
2631 2283 2879 2354 Τριάδος.
2918 2286 3030 2339 Οὐκ
3058 2288 3303 2352 εἰπόντος
3326 2290 3383 2342 δὲ
3413 2290 3587 2353 αὐτοῦ,

2047 2368 2161 2435 Ἀφ’
2202 2368 2395 2422 ἑαυτοῦ
2423 2372 2482 2423 οὐ
2518 2370 2683 2433 λαλεῖ,
2715 2373 2851 2437 ἀλλ’,
2890 2393 2908 2425 t
2950 2376 3010 2428 οὑ
3046 2376 3289 2447 λαλήσει,
3329 2399 3347 2431 i
3387 2378 3591 2432 δείκνυ-

2032 2476 2143 2525 ται,
2191 2462 2266 2524 ὼς
2304 2462 2394 2515 ἐπί
2430 2481 2534 2516 τινι
2581 2466 2759 2536 καιρῷ
2799 2467 2895 2519 καὶ
2954 2468 3239 2539 πράγματι
3275 2470 3474 2540 ἐλέχθη
3518 2472 3587 2536 τὸ,

2041 2571 2060 2603 σ
2090 2554 2148 2605 οὺ
2180 2551 2422 2624 λαλήσει.
2456 2574 2473 2605 i
2520 2556 2755 2609 Ἐπείτοι
2784 2557 2860 2628 τῷ
2891 2560 3134 2623 Μωῦσεῖ,
3158 2561 3232 2625 ὡς
3255 2564 3589 2633 προείρηται,

2036 2645 2453 2716 παραιτουμένῳ
2494 2646 2703 2714 λέγειὸ
2752 2649 2915 2713 Θεός·
2972 2670 2989 2703 ι
3043 2652 3317 2719 Ἐπίλεξαι
3371 2654 3589 2726 ἐϐδομή-

2037 2752 2199 2788 κοντα
2229 2735 2651 2807 πρεσϐυτέρους,
2690 2740 2783 2792 καὶ
2814 2740 3056 2813 λήψομαι
3096 2744 3202 2796 ἀπὸ
3226 2744 3320 2796 τοῦ
3354 2745 3591 2817 Πνεῦμα-

2035 2844 2124 2889 τος
2168 2827 2353 2905 τοῦὲν
2384 2830 2485 2893 σοὶ,
2526 2831 2621 2882 καὶ
2650 2830 2805 2884 δώσω
2850 2834 2937 2885 ἐπ’
2986 2835 3213 2899 αὐτούς⁸
3253 2855 3271 2886 i
3324 2838 3419 2889 καὶ
3455 2839 3591 2907 ὅμως

2035 2918 2133 2987 οὐχ
2179 2918 2255 2981 ὡς
2283 2918 2468 2989 ἐνδεὴς
2516 2920 2822 2991 ἐλάμϐανεν
2859 2925 2966 2977 ἀπὸ
3010 2925 3103 2978 τοῦ
3154 2925 3472 2995 Πνεῦματος
3508 2926 3590 2979 τοῦ

2037 3010 2190 3073 ὄντος
2224 3011 2281 3063 ἐν
2310 3010 2387 3081 τῷ
2414 3013 2655 3067 Μωῦσεῖ.
2691 3013 2862 3067 Πάλιν
2893 3015 3023 3084 γοῦν
3050 3017 3236 3071 ἄλλοτε
3266 3017 3591 3081 ἐξουσιάστι-

374 3105 582 3169 niores,
614 3113 670 3159 et
708 3104 971 3173 accipiam
1028 3103 1094 3158 de
1129 3102 1355 3172 Spiritu,
1398 3102 1489 3171 qui
1536 3113 1620 3156 est
1674 3103 1726 3157 in
1763 3113 1833 3167 te,
1881 3114 1928 3157 et

2121 3120 2147 3165 ς
2168 3104 2259 3155 καὶ
2275 3102 2605 3167 δεσποτικῶς
2631 3108 2805 3158 ποιεῖν
2833 3109 2926 3160 καὶ
2954 3109 3285 3177 φθέγγεσθαι
3312 3110 3405 3162 τὸν
3434 3112 3593 3163 Μονο-

374 3194 513 3249 dabo
544 3208 705 3263 super
736 3195 875 3249 illos.
917 3213 936 3247 ι
983 3194 1238 3249 Attamen
1278 3209 1383 3247 iion
1451 3204 1699 3262 tanquam
1732 3196 1941 3265 indigus

376 3290 583 3356 accepit
604 3286 746 3341 Deus
774 3288 837 3341 de
866 3285 1092 3355 Spiritu,
1121 3287 1209 3355 qui
1247 3294 1367 3339 erat
1404 3286 1455 3338 in
1493 3285 1693 3356 Moyse.
1743 3286 1942 3355 Unige—

376 3379 545 3433 nitum
576 3394 759 3447 porro,
790 3393 854 3433 ac
886 3378 1148 3447 Spiritum
1200 3376 1320 3439 Dei,
1354 3387 1605 3446 tanquam
1657 3392 1801 3441 eum,
1848 3376 1939 3445 qui

379 3470 594 3539 propria
631 3469 954 3523 auctoritate
979 3469 1233 3537 praeditus
1270 3468 1359 3533 sit,
1394 3479 1447 3522 et
1479 3478 1729 3535 tanquam
1766 3466 1942 3519 Domi-

377 3573 528 3622 num,
552 3557 764 3626 operari
804 3567 858 3611 et
888 3557 1059 3625 loqui,
1108 3556 1233 3609 alibi
1288 3572 1477 3610 rursus
1520 3566 1747 3611 testatur
1790 3555 1939 3610 Scri-

376 3658 535 3717 ptura
569 3649 620 3701 in
651 3648 794 3703 liunc
849 3650 1108 3702 modum:
1165 3646 1244 3700 De
1287 3646 1420 3701 Filio
1462 3647 1700 3714 quidem,
1757 3663 1941 3701 exem-

377 3739 451 3809 pli
486 3740 683 3808 gratia,
716 3740 793 3793 ait
826 3738 993 3793 David
1028 3757 1040 3792 :
1083 3757 1102 3790 ι
1142 3739 1279 3794 Deus
1338 3748 1519 3793 noster
1553 3740 1664 3808 (85)
1706 3739 1757 3792 iii
1806 3738 1943 3792 coelo

376 3842 432 3886 et
462 3832 514 3885 in
547 3842 689 3886 terra
723 3832 902 3886 omnia
935 3848 1273 3902 quaecunque
1318 3833 1505 3895 voluit,
1540 3832 1687 3886 fecit.
1726 3850 1743 3883 i
1779 3831 1943 3885 Isaias

376 3937 506 3977 vero
537 3941 551 3978 :
588 3942 607 3974 ι
662 3922 839 3977 Fortis
893 3922 1039 3994 (84),
1094 3924 1426 3977 Dominator.
1481 3940 1501 3973 ι
1555 3920 1634 3974 Ac
1681 3931 1942 3990 praeterea

377 4017 595 4083 prepria
689 4024 955 4083 potestate
1002 3998 1269 4069 Idiviuam
1344 4015 1593 4068 virtutem
1682 4012 1944 4080 Operaba—

384 4115 467 4156 tur
492 4105 623 4174 (85),
658 4115 712 4158 et
742 4105 995 4158 miracula
1029 4105 1357 4175 perﬁciebat,
1390 4113 1447 4158 ut
1493 4114 1649 4158 antea
1702 4103 1815 4172 (86)
1865 4104 1946 4157 di-

2036 3194 2171 3264 γενῆ
2211 3194 2306 3247 καὶ
2348 3194 2408 3247 τὸ
2445 3195 2671 3266 Πνεῦμα
2704 3196 2796 3249 τοῦ
2844 3197 2979 3251 Θεοῦ
3026 3204 3296 3271 μαρτυρεῖ
3328 3202 3361 3271 ἡ
3415 3201 3593 3271 Γραφὴ

2035 3285 2267 3338 οὑτωσί·
2304 3286 2432 3356 περὶ
2464 3287 2561 3356 μὲν
2594 3286 2688 3339 τοῦ
2735 3288 2887 3353 Υἱοῦ,
2926 3289 2999 3353 ὼς
3038 3291 3201 3360 ἡνίκα
3233 3291 3368 3362 λέγῃ
3406 3291 3589 3344 Δαυῖδ’

2042 3393 2059 3425 i
2111 3374 2168 3428 '0
2200 3374 2331 3437 Θεὸς
2362 3374 2520 3445 ήμῶν
2550 3377 2607 3429 ἐν
2634 3376 2711 3447 τῷ
2742 3377 2956 3449 οὐρανῷ
2985 3380 3077 3431 καὶ
3106 3380 3162 3431 ἐν
3196 3382 3261 3449 τῇ
3298 3383 3367 3449 γῇ
3406 3380 3591 3442 πάντα,

2035 3468 2133 3519 ὅσα
2168 3466 2453 3537 ἠθέλησεν,
2483 3468 2768 3538 ἐποίησενσ
2809 3490 2825 3521 i
2871 3469 3096 3533 Ἡσαΐας
3143 3471 3232 3524 δέ·
3286 3491 3307 3523 ι
3360 3474 3594 3541 Ίσχτιρὸς

2036 3558 2417 3629 ἐξουσιαστής·
2474 3579 2492 3611 i
2536 3562 2630 3613 καὶ
2676 3562 2752 3625 ὼς
2797 3564 2884 3615 ὅτε
2927 3564 3045 3615 κατ’
3101 3564 3348 3627 ἐξουσίαν
3395 3566 3595 3635 ἐνεργεῖ

2036 3648 2184 3716 Θείαν
2204 3649 2453 3719 δύναμιν,
2483 3653 2575 3703 καὶ
2605 3652 2855 3722 θαύματα
2882 3654 3147 3716 ἐπετέλει,
3175 3655 3250 3718 ὡς
3278 3656 3591 3726 προελέχθη.

2041 3740 2167 3815 (186
2193 3740 2245 3812 α]
2295 3743 2432 3811 Περὶ
2462 3743 2518 3794 δὲ
2556 3743 2650 3795 τοῦ
2693 3745 2847 3812 ἁγίου
2893 3745 3237 3812 Πνεῦματος,
3273 3746 3349 3808 ὼς
3376 3747 3535 3816 ἡνίκα
3569 3748 3595 3797 ὁ

2041 3830 2243 3902 Κύριος
2288 3831 2551 3904 διδάσκῃ·
2592 3850 2610 3883 ι
2652 3833 2724 3886 Τὸ
2771 3834 2993 3904 Πνεῦμα
3037 3836 3169 3888 ὅπου
3200 3835 3347 3887 Οέλει
3385 3833 3537 3887 πνεῖ·
3572 3853 3590 3886 i

2042 3921 2250 3985 Παῦλος
2279 3921 2336 3974 δέ
2359 3939 2373 3953 ο
2420 3940 2438 3974 ι
2477 3924 2661 3977 Πάντα
2702 3924 2757 3977 δὲ
2796 3926 2966 3979 ταῦτα
3002 3928 3215 3999 ἐνεργεῖ
3246 3928 3305 3980 τὸ
3338 3928 3395 3979 ἒν
3425 3929 3517 3981 καὶ
3542 3927 3594 3978 τὸ

2039 4012 2169 4065 αὐτὸ
2204 4012 2459 4084 Πνεῦμα,
2492 4013 2736 4085 διαιροῦν
2782 4017 2886 4088 ἰδίᾳ
2919 4017 3166 4086 ἑκάστῳ,
3207 4017 3389 4081 καθὼς
3421 4016 3596 4085 βούλε-

2040 4120 2151 4156 ται.
2195 4120 2213 4154 1

380 4208 525 4249 i-tum
575 4197 697 4252 fuit.
733 4196 809 4251 De
846 4197 1049 4267 Spiritu
1120 4210 1298 4253 autem
1351 4205 1561 4261 sancto,
1629 4196 1857 4266 exempli
1894 4196 2083 4265 gratia,
2128 4200 2381 4255 Dominus
2434 4199 2548 4253 haec
2592 4201 2791 4254 docet:
2834 4218 2852 4251 ι
2891 4199 3125 4270 Spiritus
3187 4202 3298 4273 (87)
3334 4204 3421 4257 ubi
3471 4203 3593 4267 vult,

382 4289 570 4356 spirat.
621 4306 640 4339 i
683 4286 877 4341 Paulus
916 4304 1085 4343 vero:
1124 4307 1143 4340 ι
1220 4280 1345 4343 Hice
1390 4298 1570 4341 autem
1619 4286 1731 4357 (88)
1789 4288 1969 4342 omnia
2008 4298 2263 4357 operatur
2326 4306 2463 4344 unus
2502 4300 2555 4345 et
2594 4291 2734 4345 idem
2791 4291 3024 4359 Spiritus
3068 4291 3314 4349 dividens
3353 4308 3591 4348 seorsum

382 4382 607 4450 singulis
639 4391 796 4452 prout
828 4380 958 4436 vult.
1007 4397 1027 4432 i

458 4613 570 4683 (79)
607 4612 735 4666 Cum
762 4622 955 4670 autem.
985 4610 1139 4666 Joan.
1182 4626 1273 4673 xv,
1326 4609 1415 4674 26,
1474 4624 1587 4675 xvi,
1642 4610 1730 4673 15,
1756 4618 1809 4683 et
1830 4624 1928 4673 xw,

2117 4606 2226 4678 (82)
2265 4606 2435 4677 Elige.
2470 4605 2606 4683 Num
2674 4622 2760 4669 χι,
2798 4605 2886 4669 16,
2938 4607 3024 4683 17.
3059 4606 3309 4683 _Sensuiii
3351 4606 3595 4683 duntaxat

384 4680 476 4739 ‘26.
509 4680 637 4749 Quae
670 4684 783 4737 loca
836 4684 972 4736 inter
1012 4698 1069 4735 se
1109 4683 1427 4750 permiscet,
1460 4694 1673 4733 sensum
1733 4680 1927 4750 citans.

388 4754 573 4808 Simile
603 4754 728 4821 quid
762 4750 967 4821 facitiin
1000 4752 1090 4805 lib.
1111 4749 1196 4803 ’De
1220 4750 1419 4821 Spiritu
1454 4749 1936 4821 sgncto_iiuiii._56,

388 4825 477 4877 tibi
516 4825 593 4877 sic
621 4816 754 4877 citat
780 4840 793 4874 :
829 4839 848 4873 ι
877 4820 1008 4875 Cum
1040 4830 1213 4872 autem
1244 4816 1447 4871 venerit
1474 4818 1781 4871 Paracletus
1823 4816 1945 4885 Spi-

394 4896 524 4946 ritus
556 4902 805 4957 sanctus,
843 4906 999 4957 queui
1056 4891 1232 4942 mittet
1268 4886 1427 4941 Pater
1460 4888 1511 4939 iii
1556 4888 1766 4940 nomine
1794 4904 1941 4952 meo,

395 4963 479 5015 ille
533 4976 625 5015 vos
676 4961 887 5015 docebit
934 4961 1135 5013 omnia.
1180 4978 1197 5009 ι
1248 4958 1375 5024 Qua:
1423 4958 1613 5023 partim
1662 4960 1941 5024 deaiiiiipta

392 5041 517 5084 sunt
542 5046 607 5084 ex
638 5029 793 5084 Joan.
831 5045 921 5097 xv,
954 5030 1044 5096 26,
1092 5040 1184 5082 aut
1222 5044 1339 5093 xvi,
1372 5028 1457 5093 15,
1496 5027 1687 5095 partim
1730 5040 1796 5079 ex
1833 5042 1942 5089 xiv,

465 5167 574 5239 (80)
620 5166 948 5239 Voluntaria.
992 5166 1197 5239 _Eodem
1244 5166 1401 5220 modo
1452 5164 1724 5239 Evangelii
1780 5163 1942 5239 verba

398 5234 588 5303 accipit
619 5237 672 5290 in
710 5237 843 5290 libro
877 5236 951 5290 De
980 5236 1179 5304 Spiritu
1217 5247 1396 5289 sancto
1436 5252 1584 5288 nuni.
1625 5235 1693 5288 '51
1723 5244 1775 5287 et
1804 5234 1892 5287 56.

471 5306 580 5377 (81)
620 5304 884 5377 (Spiritus.
939 5306 1036 5361 Hic
1074 5320 1286 5377 quoque
1326 5307 1459 5359 duos
1506 5305 1951 5377 interse‘textus

400 5372 695 5429 confundit.
745 5372 874 5429 Nam
902 5372 1212 5443 capite'xvi'
1253 5374 1493 5436 Joannis,
1531 5372 1794 5443 versiculo
1824 5372 1952 5439 qui-

400 5449 519 5501 dem
554 5446 619 5500 15
645 5445 834 5515 legitur
860 5462 873 5497 :
906 5441 980 5498 Οὗ
1007 5444 1114 5515 γὰρ
1150 5444 1373 5514 λαλήσει
1403 5445 1493 5514 ἀφ’
1529 5441 1723 5515 ἐαυτοῦ
1745 5442 1840 5515 ,_id
1870 5450 1954 5496 est

409 5534 429 5567 ι
468 5530 567 5567 non
598 5511 739 5567 enini
782 5511 1026 5582 loquetur
1054 5511 1400 5581 a'seiiiet'ipso
1426 5511 1462 5578 ;’
1492 5532 1510 5565 i
1551 5511 1832 5582 versiculo,
1854 5527 1953 5564 au-

405 5594 511 5638 tem
540 5583 605 5638 14
634 5584 801 5665 ις’ρτι
829 5581 892 5638 ὲκ
920 5583 1012 5638 τοῦ
1040 5584 1172 5657 ἐμοῦ
1201 5582 1449 5655 λήψεται,
1473 5584 1523 5639 id
1553 5591 1653 5651 est,
1690 5600 1709 5634 ι
1749 5581 1872 5653 quia
1888 5582 1952 5637 de

405 5670 525 5709 lllt‘O
558 5664 799 5725 accipiet.
832 5674 851 5707 i

2038 4676 2206 4742 citat;
2234 4676 2365 4730 tiaiii'
2395 4680 2550 4731 verba
2589 4678 2699 4730 hac
2739 4688 2863 4729 sunt
2893 4694 2904 4728 :
2938 4676 3214 4743 Συνάγαγέ
3250 4694 3338 4745 μοι
3374 4676 3592 4745 ἐϐδομὴς

2042 4764 2204 4800 κοντα
2232 4747 2445 4817 ἄνδρας.
2480 4790 2491 4801 .
2517 4787 2541 4817 ξ.
2584 4747 2677 4798 καὶ¹
2708 4746 2889 4817 ἀφελῷ
2919 4747 3025 4817 ἀπὸ
3051 4746 3144 4798 τοῦ
3176 4743 3593 4817 Πνεῦματοςντοῦ

2042 4817 2133 4871 ἐπὶ
2169 4819 2272 4879 σοὶ,
2309 4815 2656 4887 καὶέπιθήσω
2693 4817 2778 4887 ἐπέ
2814 4816 3113 4887 a6106;,jil
3141 4825 3241 4879 est,
3283 4834 3301 4864 ι
3326 4815 3596 4883 ιεοηςτιιςι

2044 4887 2171 4940 niilii
2201 4901 2306 4940 Lxx
2349 4883 2571 4939 viros...
2594 4896 2644 4938 et
2678 4886 2916 4938 auferam
2946 4886 3011 4939 de
3042 4883 3283 4955 Spiritu,
3317 4887 3405 4955 qui
3441 4888 3594 4939 estin

2044 4964 2118 5020 te,
2144 4967 2189 5007 et
2229 4959 2497 5024 iiiipoiiam
2538 4971 2699 5024 super
2736 4956 2897 5021 ipsos.
2934 4974 2950 5005 i

2114 5025 2225 5095 (85)
2262 5022 2396 5077 Deus
2424 5022 2618 5095 noster.
2646 5026 2782 5077 Psal.
2804 5040 2956 5095 cxiii,
2988 5039 3127 5078 vers.
3159 5024 3220 5078 11
3248 5023 3421 5094 (apud
3450 5022 3591 5091 Vulg.

2044 5093 2442 5164 partgiitvers.
2473 5094 2524 5164 5ἶ
2556 5094 2684 5147 Vide
2712 5103 2821 5149 not.
2856 5093 2945 5157 79,
2981 5110 3099 5163 pag.
3135 5095 3224 5147 11.

2142 5163 2229 5232 84)
2266 5162 2466 5217 Fortis.
2510 5163 2612 5217 lsa.
2650 5179 2726 5224 ix,
2761 5164 2813 5218 6.

2142 5164 2229 5232 84)
2266 5164 2466 5217 Fortis.
2510 5164 2612 5217 lsa.
2650 5179 2726 5224 ix,
2761 5164 2813 5218 6.

2119 5164 2236 5304 i855)
2286 5232 2543 5286 Virtutem
2577 5234 2907 5304 operabatur.
2945 5231 3169 5304 Locutio
3219 5230 3439 5304 Diblica.
3479 5228 3601 5282 Vide

2049 5301 2392 5429 ggal.lt:xv1i,
2427 5318 2568 5357 vers.
2608 5303 2710 5369 16;
2758 5301 2922 5356 Marc.
2966 5319 3052 5365 ix,
3092 5302 3198 5369 59;
3235 5302 3417 5358 Matth.
3477 5314 3601 5359 xiii,

2126 5414 2139 5429 .
2176 5388 2205 5426 e
2234 5388 2282 5427 c.

2126 5414 2139 5434 ,
2176 5382 2282 5427 etc.

2121 5440 2233 5511 (86)
2273 5442 2459 5511 ᾼηιεα.
2501 5440 2642 5509 Lege
2674 5456 2793 5510 cap.
2821 5440 2890 5493 27
2920 5440 3039 5494 libri
3075 5440 3236 5510 primi

2120 5510 2228 5579 (87)
2261 5510 2509 5579 Spiritus.
2543 5511 2700 5565 Joati.
2735 5527 2823 5577 iit,
2851 5511 2904 5564 8.

2120 5513 2207 5575 (87
2261 5513 2509 5579 Spiritus.
2543 5513 2700 5565 Joati.
2735 5527 2823 5577 iit,
2851 5513 2904 5564 8.

2119 5513 2231 5654 (88;
2273 5579 2402 5637 ﬂwc
2426 5592 2621 5637 autem.
2664 5581 2682 5635 ι
2734 5581 2858 5637 Cor.
2893 5594 2967 5635 xii
3028 5581 3111 5637 11.
