3716 6336
120 309 202 368 895
238 318 239 321 “
1180 306 1271 362 DE
1307 303 1681 362 TRINITATE
1718 304 1921 360 LIBER‘
1960 303 2285 361 TERTIUS.

706 424 715 457 ί
735 426 894 480 ΚΕΦ.
943 426 1029 478 Κ’.

194 516 565 572 Ἀποτίθεσθαι
592 516 682 572 τὸν
708 518 983 587 Μονογενῆ
1010 516 1107 588 τὴν
1139 516 1434 587 βασιλείαν,
1465 515 1559 571 καὶ
1593 513 1666 586 μὴ

132 609 248 664 εἶναι
276 609 502 680 βασιλέα
531 610 768 677 αἰώνιον,
801 610 1197 663 ὑποτάσσεσθαί
1222 627 1282 662 τε
1319 609 1396 679 τῷ
1427 608 1565 679 Θεῷ,
1593 608 1668 671 ὥς

133 720 234 756 τινα
259 701 502 756 ἀντίθεον
543 702 721 772 (ἵλεως
746 702 802 754 δὲ
833 704 966 773 ἡμῖν
992 700 1176 769 ἔστω),
1214 701 1307 755 κα).
1339 696 1477 754 εἶναι
1513 700 1669 769 μόνον

140 816 155 846 ι
179 798 238 847 τὰ
264 793 437 847 πάντα
464 796 521 846 ἐν
548 796 682 847 πᾶσι
715 813 733 844 ι
760 793 849 846 τὸν
864 792 1084 863 Πατέρα
1102 782 1670 861 φαντάζονται,ἀφ’ὧν

135 885 415 956 Κορινθίοις
436 883 648 948 Παῦλος
664 884 867 955 ἔγραψε
919 883 1095 936 τοιάδε
1116 898 1129 912 '
1162 903 1180 934 ι
1207 884 1375 936 Ὅταν
1396 880 1672 952 παραδιδῷ

133 977 224 1044 τὴν
251 974 518 1043 βασιλείαν
550 974 629 1043 τῷ
660 973 778 1043 Θεῷ
822 973 914 1026 καὶ
946 973 1153 1044 Πατρὶ,
1187 973 1314 1025 ὅταν
1352 972 1674 1043 καταργήσῃ

136 1067 296 1117 πᾶσαν
328 1063 523 1134 ἀρχὴν,
564 1064 658 1115 καὶ
692 1062 961 1126 ἐξουσίαν,
1008 1063 1101 1116 καὶ
1141 1061 1403 1132 δύναμιν·
1441 1062 1521 1113 δεῖ
1564 1059 1674 1131 γὰρ

134 1157 278 1209 αὑτὸν
295 1155 615 1225 βασιλεύειν,
638 1156 794 1226 ἄχρις
814 1149 875 1206 οὗ
902 1156 966 1208 ἂν
989 1154 1053 1225 θῇ
1080 1154 1284 1215 πάντας
1306 1146 1431 1215 τοὺς
1452 1151 1676 1222 ἐχθροὺς

133 1248 284 1300 αὑτοῦ
309 1248 409 1299 ὑπὸ
432 1248 557 1309 τοὺς
593 1247 757 1308 πόδας
786 1245 971 1299 αὑτοῦ.
995 1247 1259 1315 Ἔσχατος
1277 1242 1464 1314 ἐχθρὸς
1486 1258 1680 1312 καταρ-

133 1344 295 1408 γεῖται
316 1341 344 1391 6
370 1339 598 1402 Θάνατος
616 1356 630 1370 ο
663 1340 838 1392 πάντα
862 1336 969 1408 γὰρ
998 1335 1263 1399 ὑπέταξεν
1295 1333 1400 1386 ὑπὸ
1427 1332 1552 1395 τοὺς
1583 1332 1680 1385 πό-

132 1433 226 1495 δας
263 1430 441 1484 αὑτοῦ.
472 1432 639 1484 Ὅταν
664 1431 719 1483 δὲ
754 1431 915 1503 εἴπῃο
948 1429 1029 1481 Τὰ
1071 1427 1249 1481 πάντα
1292 1426 1676 1488 ὑποτέτακται,

134 1524 299 1592 δῆλον,
339 1524 419 1574 ὅτι
453 1521 611 1584 ἐκτὸς
654 1521 749 1573 τοῦ
785 1519 1146 1584 ὑποτάξαντος
1193 1516 1339 1589 αὑτῷ
1368 1516 1436 1569 τὰ
1469 1516 1678 1570 πάντα·

134 1618 250 1669 ὅταν
276 1615 327 1666 δὲ
362 1614 608 1685 ὑποταγῇ
640 1612 789 1683 αὑτῷ
821 1613 890 1665 τὰ
924 1612 1118 1675 πάντα,
1154 1609 1463 1674 τότε-αὑτὸς
1498 1608 1527 1659 6
1556 1606 1683 1670 Υἱὸς

3224 308 3323 363 894

2387 419 2537 476 CAP.
2584 419 2703 474 XX.

1841 517 2080 580 ﬂegnum
2128 510 2195 563 ab
2246 508 2526 578 Unigenito
2552 508 2767 578 deponi,
2801 520 3030 575 eumque
3071 517 3327 562 aeternum

1768 602 1963 672 Regem
1996 617 2100 654 non
2135 616 2279 665 esse,
2318 600 2411 653 sed
2465 599 2653 666 subjici
2700 599 2806 652 Deo
2853 598 3006 665 quasi
3041 599 3327 666 quemdam

1769 695 2061 749 semideum
2091 691 2270 761 (nobis
2310 700 2487 769 autem
2514 690 2777 758 propitius
2804 689 2915 757 ipse
2964 689 3247 758 ignoscat),
3269 704 3332 745 ac

1770 786 1941 841 solum
1974 783 2186 837 Patrem
2228 804 2246 832 ι
2276 782 2458 834 omnia
2489 780 2542 833 in
2575 779 2823 832 omnibus
2849 796 2867 826 ι
2894 792 3015 831 esse
3054 778 3334 830 commini-

1771 888 1994 932 scuntur
2024 890 2087 927 ex
2138 874 2224 938 iis,
2266 886 2385 941 quat
2434 872 2497 923 ad
2537 868 2845 923 Corinthios
2896 866 3088 921 Paulus
3121 867 3336 934 scripsit

1773 970 1923 1024 hisce
1953 967 2173 1021 verbis:
2220 983 2238 1016 ι
2273 965 2405 1018 Cum
2469 961 2754 1027 tradiderit
2801 959 2910 1031 (89)
2946 974 3167 1028 regnum
3222 956 3334 1012 Deo

1774 1070 1828 1114 et
1870 1058 2037 1123 Patri,
2070 1072 2191 1111 cum
2229 1052 2578 1108 evacuaverit
2630 1064 2844 1104 omnem
2890 1049 3244 1116 principatum
3281 1056 3337 1100 et

1775 1162 2091 1223 potestatem
2145 1159 2199 1204 et
2263 1148 2511 1201 virtutem
2549 1162 2561 1197 :
2596 1152 2811 1211 Oportet
2863 1143 3002 1196 enim
3056 1140 3202 1193 illum
3254 1154 3339 1191 re-

1777 1257 1961 1311 gnare,
2005 1241 2173 1294 donec
2229 1234 2470 1305 posuerit
2506 1246 2696 1286 omnes
2737 1230 2981 1283 inimicos
3024 1228 3188 1295 ipsius
3224 1225 3334 1296 (90)

1778 1333 1876 1388 sub
1923 1331 2147 1399 pedibus
2200 1326 2363 1397 390
2411 1324 2526 1392 ejus
2572 1340 2585 1375 :
2636 1321 2922 1375 novissima
2971 1317 3186 1371 inimica
3248 1317 3339 1369 de-

1780 1423 2004 1479 struitur
2040 1436 2183 1475 mors
2218 1436 2229 1472 :
2274 1416 2454 1472 omnia
2488 1414 2632 1469 enim
2691 1410 2922 1481 subjecit
2958 1407 3058 1463 sub
3116 1404 3339 1476 pedibus

1780 1516 1915 1585 ejus.
1951 1513 2083 1569 Cum
2120 1522 2302 1565 autem
2336 1508 2472 1563 dixit
2501 1523 2515 1561 :
2540 1504 2733 1559 Omnia
2769 1501 2878 1572 (91)
2910 1498 3147 1567 subjecta
3178 1504 3338 1561 sunt,

1782 1609 1899 1662 sine
1926 1606 2091 1659 dubio
2122 1612 2318 1672 praeter
2350 1614 2472 1654 eum
2506 1598 2595 1666 qui
2632 1593 2858 1662 subjecit
2889 1596 2935 1645 ei
2967 1589 3166 1645 omnia.
3206 1588 3339 1652 Qum

134 1709 521 1777 ὑποταγήσεται
554 1705 631 1776 τῷ
663 1706 988 1769 ὑποτάξαντι
1017 1702 1165 1773 αὑτῷ
1195 1702 1263 1755 τὰ
1294 1702 1488 1767 πάντα,
1527 1700 1614 1753 ἴνα

1857 1708 1959 1752 lem
1994 1695 2235 1763 subjecta
2270 1691 2471 1745 fuerint
2513 1687 2592 1741 illi
2637 1685 2843 1743 omnia.
2873 1690 2997 1736 tunc
3030 1681 3144 1750 ipse
3171 1677 3341 1732 Filius

132 1799 157 1848 6
186 1757 316 1856 Θεὸς.
339 1757 411 1846 τὰ
434 1758 615 1847 πάντα
642 1757 700 1847 ἐν
739 1757 925 1846 πᾶσιν.
966 1812 983 1844 ι
1023 1757 1243 1855 Καὶιείς
1287 1790 1444 1843 τοῦτο
1475 1757 1563 1851 δὲ,

1857 1789 2096 1858 bjicietur
2131 1787 2200 1849 ei,
2234 1784 2324 1853 qui
2353 1780 2581 1848 subjecit
2609 1777 2714 1848 ipsi
2755 1775 2965 1839 omnia,
2998 1781 3057 1824 ut
3096 1770 3167 1824 sit
3196 1769 3341 1822 Deus

134 1887 247 1957 περὶ
274 1884 370 1956 τὴν
396 1884 491 1937 τοῦ
523 1884 708 1937 δούλου
756 1884 965 1954 μορφὴν
1000 1881 1237 1935 ἐλεῖσθαι
1271 1880 1553 1951 ὀφείλομεν
1588 1878 1679 1931 τὸν

136 1978 243 2030 νοῦν
268 1976 511 2047 ἀκριϐῶς
532 1993 546 2006 ·
577 1975 630 2028 εἴ
656 1977 719 2044 γέ
752 1993 835 2039 τις
869 1973 1315 2045 ἀναλογιζόμενος
1341 1974 1473 2045 ὅπερ
1500 1973 1547 2024 εί
1574 1971 1685 2023 θεῖ-

136 2069 235 2131 κῶς
275 2068 675 2132 ὑποτάσσεται,
720 2068 815 2120 ἀπ’
860 2068 1032 2138 ἀρχῆς
1066 2066 1131 2119 ἂν
1170 2065 1517 2118 ὑπετέτακτο.
1560 2065 1683 2117 Ἔτι

133 2162 289 2215 δὲκαὶ
319 2163 385 2213 ἐκ
424 2161 524 2231 τῆς
553 2160 889 2230 προφητείας
918 2158 1136 2229 Δανιὴλ,
1167 2156 1396 2227 ἐχούσης
1427 2150 1527 2209 ὧδέ
1568 2173 1684 2219 πως

135 2252 259 2304 κατὰ
297 2250 479 2315 λέξινο
519 2269 537 2302 ι
596 2248 893 2320 Ἐθεώρουν
935 2250 993 2301 ἐν
1037 2249 1272 2320 ὁράματι
1323 2248 1422 2319 τῆς
1467 2248 1682 2311 νυκτὸς,

135 2344 216 2395 καὶ
253 2342 359 2394 ἰδοὺ
415 2340 555 2412 μετὰ
586 2340 692 2393 τῶν
727 2340 962 2408 νεφελῶν
1009 2340 1104 2393 τοῦ
1149 2338 1395 2409 ούρανοῦ,
1444 2339 1519 2402 ὡς
1557 2339 1684 2405 Υἱὸς

133 2432 403 2502 ἀνθρώπου
434 2431 743 2503 ἐρχόμενος,
775 2432 869 2484 καὶ
897 2430 1001 2493 ἕως
1027 2431 1120 2483 τοῦ
1148 2430 1520 2495 Παλαιοῦτῶν
1553 2433 1686 2502 ἡμε-

139 2524 234 2591 ρῶν
280 2522 550 2591 ἔφθασενο
602 2522 695 2575 καὶ
748 2522 1030 2593 προσήχθη
1062 2521 1228 2593 αὐτῷ,
1285 2521 1411 2596 [186
1457 2522 1532 2594 b],
1592 2524 1685 2577 κα)⁸

135 2613 269 2682 αὑτῷ
302 2613 459 2684 ἐδόθη
495 2614 528 2683 ἡ
582 2613 759 2684 ἀρχὴ,
793 2614 885 2666 καὶ
924 2615 957 2684 ἡ
998 2612 1163 2684 τιμὴ,
1209 2613 1361 2684 καὶὴ
1408 2613 1680 2682 βασιλεία·

136 2705 218 2758 καὶ
270 2704 475 2767 πάντες
526 2706 574 2756 οἱ
606 2705 747 2768 λαοὶ,
789 2704 974 2772 φυλαὶ,
1020 2704 1261 2773 γλῶσσαι
1306 2704 1683 2759 δουλεύσουσιν

136 2797 301 2867 αὐτῷ’
354 2798 391 2867 ἠ
439 2796 659 2862 ἐξουσία
700 2795 862 2849 αὑτοῦ
902 2795 1114 2860 ἐξουσία
1163 2795 1407 2860 αἰώνιος,
1449 2797 1571 2867 ἦτις
1624 2796 1685 2849 οὑ

136 2887 551 2973 παρελεύσεταιο
584 2887 677 2939 καὶ
725 2888 759 2956 ἡ
810 2886 1053 2956 βασιλεία
1100 2889 1263 2942 αὑτοῦ
1293 2880 1353 2943 οὑ
1384 2888 1685 2959 διαφθαρή-

138 2998 295 3033 σεται.
338 2998 357 3031 ι
401 2978 636 3033 Παλαιὸν
680 2978 788 3049 γὰρ
830 2979 1054 3049 ἡμερῶν
1087 2980 1176 3033 τὸν
1225 2981 1443 3053 Πατέρα
1507 2979 1685 3047 λέγει·

1782 1882 1960 1936 omnia
2008 1880 2061 1933 in
2118 1876 2430 1932 omnibus.)
2476 1868 2882 1939 Respondemus
2933 1864 3067 1933 (92),
3118 1862 3235 1915 hinc
3274 1860 3343 1914 ab

1780 1990 1865 2033 eo.
1893 1972 1984 2041 qui
2018 1976 2276 2023 accurate
2339 1966 2430 2019 illa
2476 1960 2811 2031 expenderit,
2863 1958 2929 2010 de
2981 1953 3120 2008 servi
3168 1952 3340 2006 forma

1783 2065 1951 2133 accipi
1989 2063 2215 2125 debere;
2257 2072 2376 2112 nam
2408 2056 2450 2109 si
2498 2053 2856 2122 subjiceretur
2880 2062 2982 2116 qua
3017 2046 3177 2109 Deus,
3215 2041 3339 2095 sub-

1776 2158 1952 2227 jectus
1986 2152 2175 2207 fuisset
2216 2151 2284 2204 ab
2314 2147 2495 2202 initio.
2527 2145 2751 2200 Constat
2776 2141 2825 2194 id
2850 2147 3111 2208 praeterea
3142 2149 3205 2188 ex
3238 2135 3338 2186 Da-

1785 2224 1937 2304 nielis
1968 2244 2270 2315 prophetia,
2295 2255 2415 2310 qua:
2465 2239 2527 2291 ad
2562 2235 2783 2289 verbum
2814 2233 2892 2287 sic
2929 2228 3121 2283 habet:
3160 2244 3177 2277 ι
3201 2224 3344 2279 Con-

1783 2338 2077 2408 templabar
2101 2334 2210 2405 (93)
2247 2334 2298 2386 in
2336 2331 2545 2383 visione
2597 2325 2790 2387 noctis,
2819 2333 2873 2376 et
2919 2335 3043 2375 ecce
3074 2333 3195 2372 cum
3242 2331 3342 2368 nu-

1784 2402 1942 2485 bibus
1995 2402 2119 2480 εοειί
2166 2420 2319 2490 quasi
2370 2416 2540 2473 Filius
2579 2411 2811 2467 hominis
2876 2402 3251 2471 νεηίυηεωι),
3290 2410 3344 2453 et

1785 2533 1953 2588 usque
2002 2518 2069 2570 ad
2112 2512 2405 2580 Antiquum
2453 2507 2657 2561 dierum
2708 2498 2971 2571 pervenit,
2998 2507 3052 2549 et
3085 2494 3346 2546 adductus

1784 2585 1998 2681 est—(95)
2029 2608 2101 2671 ei,
2132 2614 2188 2660 et
2231 2602 2330 2672 ipsi
2364 2602 2520 2654 datus
2560 2604 2643 2649 est
2669 2591 3024 2662 principatus,
3062 2594 3115 2639 et
3148 2585 3342 2643 honor,

1785 2715 1841 2760 et
1882 2677 2141 2771 regnum;
2184 2703 2238 2751 et
2267 2705 2455 2749 omnes
2508 2684 2708 2758 populi,
2757 2683 2946 2746 tribus,
2991 2677 3187 2745 lingua:
3229 2687 3347 2728 ser-

1784 2797 1932 2849 vient
1959 2793 2005 2847 ei
2038 2809 2052 2843 :
2086 2796 2322 2857 potestas
2348 2780 2480 2850 'ejus
2530 2784 2766 2849 potestas
2809 2781 3007 2826 aeterna
3029 2807 3043 2833 ,
3078 2781 3196 2836 quae
3241 2778 3345 2817 non

1787 2884 2103 2959 praateribit,
2128 2890 2183 2935 et
2217 2890 2440 2946 regnum
2467 2872 2584 2943 ejus
2612 2884 2718 2934 non
2753 2869 3144 2932 corrumpetur.
3170 2878 3189 2910 ι
3211 2857 3345 2911 Nam

1796 2945 2128 3044 iAntiquum
2183 2945 2433 3024 dierum:
2493 2961 2621 3018 dicit
2679 2959 2892 3012 Patrem
2926 2971 2939 3006 :
2970 2952 3070 3019 Qui
3120 2963 3247 3003 vero
3297 2945 3347 3000 ei

135 3072 199 3134 ὡς
248 3071 375 3123 Υἱὸν
429 3071 485 3123 δὲ
530 3043 817 3140 ἀνθρώπου
852 3043 1253 3141 ’προσαχθέντα
1306 3043 1486 3141 αὐτῷ,
1542 3043 1669 3139 ιζίτιν

1857 3043 2098 3124 tddnctns
2127 3071 2210 3118 est
2241 3059 2395 3130 quasi
2430 3056 2599 3110 Filius
2629 3049 2884 3111 hominis,
2908 3067 2926 3099 ›
2964 3045 3051 3099 cui
3080 3043 3235 3096 datus
3265 3048 3348 3094 est

136 3162 276 3233 ἐδόθη
330 3161 583 3233 ἡάρχὴ,
633 3162 727 3213 καὶ
774 3163 807 3231 ἡ
848 3163 1002 3232 τιμὴ,
1051 3162 1144 3215 καὶ
1189 3165 1221 3233 ἡ
1272 3163 1683 3233 βασιλεία,’τὸν

136 3255 449 3325 σύμμορφον
484 3252 585 3321 τῆς
618 3250 996 3316 ταπεινώσεως
1029 3253 1185 3325 ἡμῶν
1224 3254 1388 3325 δηλοῖ.
1432 3256 1555 3309 Ἐάν
1593 3252 1685 3309 οὖν

137 3345 203 3415 μὴ
233 3343 474 3405 δώσωσι,
528 3341 618 3395 διὰ
654 3342 811 3395 τοῦτο
854 3344 1100 3414 εἰρῆσθαι
1138 3344 1215 3414 τῷ
1252 3345 1553 3417 Ἀποστόλῳ
1594 3347 1687 3400 καὶ

136 3434 201 3505 τῷ
234 3435 489 3506 προφήτῃ
539 3433 606 3487 τὰ
652 3434 1005 3505 προκείμενα,
1051 3434 1290 3490 λείπεται
1339 3438 1534 3501 αὐτοὺς
1576 3456 1685 3494 πα-

138 3527 508 3598 ραγράψασθαι
548 3526 639 3579 τὸν
680 3526 884 3597 ἕτερον.
946 3527 1075 3579 Ἀπὸ
1119 3528 1227 3599 γὰρ
1264 3529 1357 3582 τοῦ
1400 3532 1685 3585 ἀποστολι-

135 3621 220 3673 κού
251 3619 441 3691 ῥητοῦ,
475 3617 572 3671 νῦν
608 3618 703 3688 μὲν
749 3617 1019 3695 βασιλεύει
1055 3620 1083 3670 6
1121 3618 1268 3683 Υἱὸς,
1315 3620 1452 3690 μετά
1491 3621 1546 3675 δὲ
1588 3623 1686 3694 τὴν

135 3713 416 3767 ἀνάστασιν
444 3712 779 3773 ἀποτίθεται,
804 3711 922 3763 κατ’
946 3708 1160 3773 αὐτούς.
1201 3711 1331 3764 Ἀπὸ
1354 3712 1407 3764 δὲ
1431 3713 1528 3783 τῆς
1556 3730 1687 3784 προ-

135 3804 372 3875 φητείας,
422 3802 518 3855 νῦν
556 3802 653 3872 μὲν
692 3800 844 3854 οὔπω
883 3801 1154 3872 βασιλεύει
1196 3804 1223 3854 ό
1264 3803 1526 3867 Βασιλεὺς
1578 3804 1687 3859 τῶν

138 3894 517 3963 βασιλευόντων
556 3894 648 3947 καὶ
677 3893 879 3965 Κύριος
920 3892 1029 3946 τῶν
1063 3893 1446 3964 κυριευόντων,
1478 3895 1600 3947 τότε
1631 3896 1686 3948 δὲ

136 3988 379 4057 ἄρχεται,
434 3984 575 4056 μετὰ
627 3984 786 4037 τοῦτο
837 3983 1070 4054 ἔμπαλιν
1127 3984 1411 4053 φαίνεσθαι
1457 3986 1548 4038 ἐπὶ
1593 3984 1688 4039 τοῦ

136 4077 253 4129 Θεοῦ
295 4078 394 4130 καὶ
448 4075 683 4146 Πατρός.
730 4073 1094 4146 Εὑρίσκεσθαι
1148 4074 1204 4127 δὲ
1264 4074 1400 4146 πρὸς
1444 4074 1686 4142 τούτοις,

136 4168 204 4221 ὅτι
246 4171 309 4239 τῇ
362 4168 465 4238 μὲν
506 4166 765 4236 Παρθένῳ
803 4166 986 4236 Μητρὶ
1035 4163 1198 4218 αὑτοῦ
1244 4166 1338 4217 καὶ
1377 4165 1454 4236 τῷ
1496 4166 1689 4238 Ἰωσὴφ

136 4258 364 4327 ὑπετάγη
398 4259 482 4318 εἰς
517 4257 615 4327 τὴν
640 4255 972 4324 οἰκονομίαν,
1020 4253 1159 4308 ἑκὼν
1186 4254 1243 4308 δὲ
1271 4255 1428 4326 δῆλον
1458 4258 1562 4322 ὅτι,
1591 4258 1686 4311 καὶ

137 4351 220 4409 οὐκ
242 4351 479 4420 ἀνάγκη,
499 4349 619 4401 οὐδὲ
640 4345 992 4400 καταϐάλλων
1010 4364 1060 4398 τι
1082 4346 1174 4399 τοῦ
1195 4346 1471 4417 βασιλικοῦ
1491 4351 1686 4421 γέρως,

1785 3161 2130 3234 principatus,
2159 3165 2213 3209 et
2241 3155 2433 3216 honor,
2468 3159 2521 3202 et
2560 3159 2806 3223 regnum,
2858 3140 3007 3193 illum
3055 3133 3344 3206 signiﬁcat,

1786 3257 1872 3325 qui
1915 3228 2108 3308 nostra:
2144 3237 2777 3315 abjectionchnnl'ormis
2821 3233 2997 3287 factus
3024 3240 3127 3284 est.
3166 3228 3348 3297 Itaque

1786 3322 1885 3405 nisi
1931 3346 2114 3407 verba,
2158 3356 2278 3410 qua:
2327 3338 2557 3404 allegata
2599 3340 2744 3393 sunt,
2793 3329 2860 3380 ab
2912 3322 3193 3393 Apostolo,
3234 3331 3288 3373 et
3316 3333 3346 3371 a

1786 3441 2042 3515 propheta
2078 3438 2178 3490 hac
2205 3435 2270 3486 de
2298 3445 2459 3485 causa
2501 3428 2644 3480 dicta
2689 3437 2810 3477 esse
2840 3416 3231 3477 concesserint,
3263 3427 3350 3466 re-

1786 3506 1899 3590 stat
1927 3541 1984 3585 ut
2009 3526 2319 3582 alterutrius
2339 3520 2703 3575 testimonium
2738 3512 2892 3582 quasi
2947 3506 3349 3579 prmscriptione

1787 3633 1945 3690 atque
1986 3617 2301 3686 exceptione
2339 3620 2548 3664 utentes
2578 3604 2688 3680 (96)
2725 3602 2993 3672 rejiciant.
3038 3597 3166 3652 Nam
3196 3597 3348 3663 juxta

1787 3688 2075 3781 apostolica
2121 3704 2281 3758 verba
2332 3714 2476 3755 nunc
2516 3696 2732 3765 quidem
2783 3702 2970 3759 regnat
3013 3688 3200 3751 Filius,
3233 3693 3349 3750 post

1788 3799 2240 3858 resurrectionem
2283 3807 2413 3847 vero
2467 3802 2690 3859 regnum
2736 3783 2976 3852 depenit,
3009 3790 3066 3832 ut
3098 3776 3196 3847 ipsi
3230 3773 3350 3842 Opi-

1789 3902 2002 3948 nantur.
2046 3888 2211 3955 Juxta
2258 3881 2600 3952 prophetiam
2647 3892 2776 3932 vero
2807 3889 2946 3929 nunc
2973 3872 3189 3940 quidem
3223 3881 3351 3919 non-

1790 3984 1913 4038 dum
1944 3987 2131 4047 regnat
2160 3977 2270 4028 Rex
2308 3971 2671 4042 regnantium,
2705 3977 2758 4021 et
2784 3964 3039 4018 Dominus
3074 3957 3351 4013 dominan-

1789 4076 1956 4137 tium;
1991 4082 2115 4125 tunc
2150 4076 2328 4121 autem
2383 4076 2608 4133 regnare
2649 4057 2871 4127 incipiet
2908 4053 3040 4123 (97),
3069 4067 3131 4105 ac
3162 4062 3349 4103 rursus

1789 4177 1975 4237 postea
1998 4173 2257 4231 apparere
2281 4157 2330 4210 in
2365 4154 2474 4207 Deo
2503 4160 2558 4207 et
2586 4152 2766 4205 Patre.
2801 4147 3021 4215 Insuper
3046 4157 3172 4196 vero
3203 4154 3351 4194 com-

1791 4234 1999 4327 pertum
2032 4260 2115 4307 est
2133 4248 2265 4319 (98),
2298 4261 2420 4301 eum
2444 4234 2647 4311 Virgini
2681 4239 2899 4309 quidem
2930 4235 3086 4289 matri
3115 4246 3247 4292 sum,
3287 4242 3351 4280 ac

1790 4317 2024 4410 iosepho
2054 4317 2351 4403 subjectum
2373 4332 2539 4386 fuisse
2555 4330 2607 4383 in
2633 4327 3007 4383 lncarnatione
3024 4342 3037 4377 :
3057 4317 3353 4375 voluntarie

141 4439 317 4506 μᾶλλον
356 4416 456 4493 76s"
474 4440 543 4507 τῇ
588 4435 992 4504 συγκαταϐάσει
1025 4416 1237 4500 δεικνὺς
1278 4437 1341 4490 τὸ
1387 4416 1677 4510 ὑπέρογκοι

1857 4434 1995 4488 ilicet
2034 4430 2100 4483 iis
2145 4422 2545 4492 subjiciebatur,
2586 4435 2691 4474 non
2740 4416 3063 4472 necessitate
3107 4420 3349 4474 coactus,

138 4531 220 4598 τῆς
257 4530 535 4601 θεότητος,
569 4530 663 4582 καὶ
693 4529 754 4581 τὸ
798 4530 967 4598 πρᾶον
1002 4530 1101 4599 τῆς
1145 4528 1487 4600 Δημιουργοῦ
1530 4530 1689 4584 δυνά-

142 4638 286 4689 μεως,
312 4623 411 4674 καὶ
434 4618 731 4690 οἰκονομῶν
757 4620 816 4672 τὸ
836 4620 984 4689 ἡμᾶς
1008 4618 1244 4690 πατράσι
1272 4618 1579 4672 πείθεσθαι’
1608 4616 1688 4684 οἷς

198 4754 299 4822 (89)
348 4753 485 4807 Cum
509 4752 851 4809 tradideritd
903 4752 1026 4807 Cor.
1072 4766 1193 4817 cap.
1249 4768 1336 4815 xv,
1394 4767 1421 4805 a
1451 4768 1587 4807 vers.
1618 4756 1688 4810 24

142 4825 195 4874 ad
328 4824 522 4877 Grmca
546 4822 1025 4902 editio‘ia‘tapaatp.
1062 4822 1237 4877 Codex
1266 4823 1683 4891 Alexandrinus,

142 4906 184 4945 et
213 4893 466 4964 Didymus
494 4910 509 4945 :
549 4890 874 4978 παραδιδιξπ
979 4890 989 4892 ’

206 4964 294 4978 ,ηηκ
352 4963 371 4978 .
447 4965 458 4974 .
590 4961 626 4978 υ
890 4960 915 4972 η-
992 4960 1229 4978 .μ,-..ρ,
1265 4959 1276 4971 ι

162 5032 172 5043 ,
201 4959 544 5043 (90)Ἰμρὶιη.
590 4959 722 5043 vos,
752 4959 941 5043 αὐτού,
974 4960 1124 5043 deest
1147 4960 1235 5043 hic
1265 4959 1318 5041 in
1344 4959 1527 5015 Graeca
1563 4963 1680 5016 edi-

144 5032 285 5092 tione,
324 5037 568 5086 sedeam
609 5032 767 5083 habet
796 5033 960 5084 codex
997 5031 1406 5083 Alexandrinus.

330 5102 551 5156 Omnia.
583 5099 770 5155 (ἑταῖρε
820 5101 1020 5155 editio:
1074 5101 1197 5151 Ὅτι
1248 5100 1425 5153 πάντα
1468 5115 1565 5169 pro
1614 5102 1682 5156 τὰ

163 5210 761 5310 Respondemus,
801 5248 907 5293 etc.
950 5236 1179 5310 Aliquod
1220 5239 1464 5292 mendum
1504 5242 1554 5293 in
1599 5242 1683 5297 his

144 5307 320 5392 cubare
341 5312 602 5392 videtur;
635 5310 795 5363 nimis
821 5309 965 5364 enim
995 5307 1245 5377 perplexa
1276 5319 1360 5362 est
1409 5311 1459 5363 in
1495 5310 1682 5366 Graeco

146 5391 412 5437 sententia.

205 5449 306 5525 (95)
341 5448 769 5525 ροηιεωριαραν.
802 5447 1189 5525 Dan._vtt,_l.5,
1222 5447 1307 5525 id.

349 5513 592 5573 Veniens:
640 5517 824 5573 Graeca
870 5518 1036 5572 editio
1080 5518 1170 5571 hic
1207 5517 1356 5572 addit
1392 5513 1480 5589 ἦν,
1520 5519 1571 5573 id
1603 5528 1689 5575 est

154 5606 167 5635 ‘
344 5608 613 5741 fidductus
660 5667 757 5741 est.
801 5656 970 5741 Diblia
1008 5671 1106 5741 pro
1136 5657 1417 5734 προσήχθη
1438 5696 1454 5725 ,
1488 5658 1687 5715 habent

150 5728 493 5802 προσηνέχθη,
525 5731 579 5785 id
612 5739 695 5785 est
724 5748 742 5781 ι
772 5728 981 5784 oblatus
1003 5736 1103 5783 est.
1135 5746 1155 5779 ι

1786 4538 1958 4593 neque
1971 4520 2257 4590 quidquam
2278 4515 2341 4569 de
2365 4513 2504 4583 regia
2528 4512 2786 4581 dignitate
2804 4508 3081 4577 abjiciens;
3100 4501 3192 4556 sed
3217 4514 3351 4553 con-

1795 4591 2137 4675 descensione
2173 4609 2349 4677 potius
2384 4606 2673 4659 ostendens
2703 4602 3081 4657 sublimitatem
3113 4591 3350 4655 deitatis,

1864 4750 1973 4821 (96)
2014 4744 2323 4821 Exceptione
2353 4748 2572 4821 utentes.
2622 4753 2676 4821 tn
2727 4746 2943 4821 Urmcp,
2982 4729 3345 4821 παραγράψαῑ

1795 4801 2107 4885 σθαιξὴιιοά
2135 4801 2530 4885 iurisconsultis
2557 4817 2637 4885 est
2665 4806 3173 4885 priescriltle'tle,“:tttt,
3206 4801 3345 4885 quod

1966 4870 2046 4940 εἶμι
2069 4925 2083 4947 ,
2111 4870 2424 4948 exceptione
2451 4880 2543 4930 uti.
2582 4870 2758 4941 Quare
2785 4874 2918 4948 apud
2948 4870 3213 4948 Pollucem
3257 4870 3346 4921 lib.

1791 4941 1908 5019 ἰνῖίι,
1950 4941 2116 5021 segni.
2157 4941 2376 5021 ϐολιὼί
2411 4948 2631 5021 legitur,
2670 4942 2817 5021 παρᾲ
2847 4941 3156 5021 διαιτηταῖς
3175 4955 3350 5008 παρα-

1789 5009 2170 5101 γράίῷάιξενος,
2198 5009 2292 5101 καὶ
2317 5009 2728 5098 ὑπομόσάμενος
2752 5009 2923 5073 νόσον,
2958 5011 2991 5082 ἢ
3024 5009 3348 5101 ἀποδημίαν,

1792 5080 2345 5159 ιίἶίιεόι·’ἱιιιειῖρι·οῑειη
2387 5080 2464 5141 sic
2522 5080 2750 5140 vertisse
2798 5100 2812 5136 :
2880 5098 2898 5131 ι
2943 5080 3080 5148 apud
3119 5080 3349 5159 arbitros

1788 5149 1922 5222 rcus
1943 5149 2187 5223 vocatus,
2217 5165 2270 5211 et
2302 5160 2545 5210 morbum
2586 5164 2889 5223 praztexens
2922 5161 3013 5203 aut
3041 5149 3347 5223 peregrina-

1792 5220 2010 5290 tionem.
2048 5251 2066 5283 ι
2128 5220 2451 5283 vertendum
2485 5220 2626 5278 enim
2658 5232 2823 5289 puto:
2875 5239 2893 5271 ι
2936 5220 3076 5289 apud
3118 5220 3350 5273 arbitros

1789 5305 2110 5370 exceptione
2141 5314 2298 5370 usus,
2331 5315 2349 5346 ι
2375 5306 2438 5370 _et_
2469 5295 2694 5362 reliqua.

1864 5353 2250 5444 (viiijliepnare
2276 5353 2521 5434 incipiet,
2553 5353 2656 5418 εἰς.
2694 5360 2916 5415 Videtur
2954 5360 3005 5413 in
3032 5358 3219 5413 Graeco
3250 5353 3350 5409 ali-

1791 5439 2271 5516 quiddesiderari.

1862 5493 2485 5583 VCompertuntnest.
2528 5503 2598 5583 In:
2630 5502 2851 5583 Graeco,
2887 5496 3255 5583 εὑρίσκεσθαι,

1789 5563 2211 5638 (ξείνα-’ἰητθιιίή
2261 5596 2280 5629 ι
2318 5576 2541 5634 Videtur
2582 5563 2860 5646 legendum
2906 5563 3238 5641 εὑρίσκεται,
3291 5563 3346 5619 id

1789 5663 1872 5711 est
1905 5673 1923 5707 ι
1959 5651 2244 5708 invenitur.
2276 5664 2296 5699 ι
