3758 6304
376 284 478 343 895

1604 271 1837 328 DIDYMI
1876 269 2343 327 ALEXANDRINI

3485 271 3587 326 893

378 414 431 456 et
452 405 913 454 mansuetudinem
940 396 1222 453 creatrlcis
1243 392 1479 457 virtutis,
1514 406 1577 445 ac
1609 407 1708 446 nos
1742 393 1939 446 docens

2058 390 2100 443 τὸ
2129 388 2388 460 τιμᾶσθαι
2421 386 2638 451 δικαίως
2665 387 2895 441 δέδωκεν
2927 386 3106 449 αὐτὸς,
3136 386 3213 450 ὡς
3243 402 3391 456 παρα
3420 388 3588 459 Aonie;

378 491 648 561 quomodo
665 488 975 559 parentibus
990 487 1207 544 obedire
1225 486 1509 540 debeamus
1532 499 1543 534 :
1567 483 1756 551 quibus
1781 481 1937 551 391

382 584 573 635 merito
592 581 705 650 ipse
722 581 989 635 concessit
1005 588 1059 633 ut
1073 579 1423 638 honorentur,
1440 574 1576 628 sicut
1594 574 1731 641 apud
1744 573 1940 628 Lucam

383 673 607 739 ipsemet
631 671 765 724 dixit
791 687 845 725 ε(
871 669 1007 737 Quid
1027 667 1137 738 (99)
1163 666 1487 737 quzerebatis
1508 663 1628 717 me?
1647 678 1714 717 an
1738 663 1938 717 nescie-

382 760 545 823 batis,
573 762 712 830 quod
741 761 791 813 in
821 760 980 815 domo
1011 760 1183 814 Patris
1217 759 1318 813 mei
1346 757 1423 829 (l)
1446 765 1659 828 oportet
1680 772 1764 812 me
1782 757 1945 811 esse?

386 849 450 902 Et
468 850 743 904 descendit
770 848 869 918 (‘2).
908 868 925 900 ι
947 849 1141 918 inquit,
1163 867 1180 899 ι
1207 849 1258 903 in
1282 847 1545 902 Nazarelh
1576 866 1589 901 :
1619 858 1670 901 et
1687 848 1945 902 eratsub-

386 939 528 991 (litus
547 939 703 993 illisa
724 939 826 993 Sed
850 938 993 993 Patri
1026 954 1088 993 ac
1119 938 1225 993 Deo
1249 938 1647 1006 nondumjuxta
1669 938 1947 993 haereticos

387 1030 656 1099 subjectus
682 1030 820 1084 fuit:
852 1045 916 1084 ac
947 1030 1173 1084 mendax
1208 1030 1306 1083 fuit
1328 1029 1545 1093 Paulus,
1582 1045 1701 1083 cum
1738 1031 1802 1083 ad
1823 1029 1948 1083 Phi-

386 1119 658 1189 lippenses
706 1120 925 1189 scripsit
954 1138 967 1173 :
1028 1139 1047 1171 ι
1074 1118 1267 1174 Factus
1299 1119 1374 1189 (ὅ)
1402 1118 1655 1173 obediens
1688 1132 1855 1185 usque
1881 1116 1947 1170 ad

386 1220 637 1273 mortem,
696 1219 923 1263 mortem
963 1219 1141 1265 autem
1193 1210 1389 1264 crucis.
1420 1226 1439 1260 ι
1481 1206 1632 1263 Sicut
1671 1223 1797 1275 ergo
1824 1223 1947 1262 cum

385 1309 527 1354 esset
557 1299 777 1368 aequalis
808 1300 936 1365 Deo,
968 1310 1021 1354 et
1054 1299 1107 1353 in
1136 1297 1306 1353 forma
1347 1297 1464 1363 Dei,
1485 1314 1588 1354 non
1618 1308 1832 1369 propter
1860 1314 1951 1353 se—

386 1389 581 1458 ipsum,
608 1387 700 1442 sed
726 1403 822 1457 pro
848 1388 1002 1443 nobis
1028 1387 1201 1442 factus
1229 1398 1311 1443 est
1327 1396 1621 1455 peccatum,
1651 1400 1705 1443 et
1731 1388 1951 1443 maledi-

385 1480 512 1544 ctio,
544 1481 623 1535 sic
654 1495 757 1535 non
782 1492 1001 1550 promer
1029 1480 1284 1549 seipsum,
1304 1481 1395 1535 sed
1419 1489 1638 1551 propter
1660 1498 1757 1535 nos
1777 1482 1951 1537 dictus

384 1578 467 1623 est
490 1572 540 1623 in
558 1568 852 1640 Scripturis
878 1586 1097 1639 regnum
1121 1571 1435 1635 traditurus,
1473 1579 1527 1625 et
1558 1570 1946 1638 subjiciendus.

385 1657 647 1726 Quoniam
676 1671 894 1730 propter
926 1661 1302 1732 benignitatem
1333 1662 1386 1715 in
1416 1662 1659 1717 homines
1688 1678 1836 1716 suam
1868 1662 1949 1716 fa-

2044 476 2225 533 εἶπεν·
2277 498 2296 529 ι
2334 478 2398 530 Τί
2435 479 2517 531 ὅτι
2550 478 2787 549 ἐζητεῖτέ
2820 495 2917 548 με;
2960 479 3072 530 Οὐκ
3104 478 3280 548 ᾔδειτε
3311 480 3391 531 ὃτι
3436 482 3489 531 ὲν
3520 481 3589 550 τᾷ

2042 570 2176 637 οἴκῳ
2205 568 2299 621 τοῦ
2328 568 2539 639 Πατρός
2569 584 2668 637 μου
2707 567 2786 620 δεῖ
2822 584 2886 637 με
2918 562 3091 633 εἷναι;
3127 570 3233 622 Καὶ
3264 569 3516 640 κατῆλθε,
3572 592 3588 623 ι

2045 661 2229 730 φησιν,
2267 679 2285 711 ι
2336 660 2416 723 είς
2461 657 2747 729 Ναζαρὲθ,
2788 660 2883 711 καὶ
2926 655 2993 729 ἦν
3029 660 3462 731 ὑποτασσόμενος
3510 665 3593 715 αὖ·

2044 751 2173 811 τοῖς.
2220 766 2238 799 ι
2274 748 2365 817 Τῷ
2395 747 2449 801 δὲ
2490 748 2663 819 Πατρὶ
2704 747 2796 800 καὶ
2840 747 2918 817 τῷ
2970 748 3090 818 Θεῷ
3123 750 3352 810 οὐδέπω,
3397 751 3520 822 [187
3546 752 3594 824 u]

2044 840 2161 893 κατ’
2205 840 2418 904 αὐτοὺς,
2450 839 2723 907 ὑπετάγη·
2753 839 2846 890 καὶ
2880 839 3115 911 ἐψεύσθη
3152 842 3247 910 μὲν
3288 844 3439 914 παρὰ
3468 848 3599 897 Παύ-

2044 932 2158 996 λου,
2193 929 2569 1001 Φιλιππησίοις
2604 930 3035 994 ἐπιστέλλοντος·
3084 950 3102 982 ε
3143 933 3434 1002 Γενόμενος
3468 936 3599 1005 ὑπή-

2046 1040 2168 1087 κοος
2204 1022 2361 1093 μέχρι
2394 1021 2646 1085 θανάτου,
2690 1020 2917 1074 Θανάτου
2957 1021 3013 1072 δὲ
3048 1023 3279 1093 σταυροῦ
3344 1044 3362 1073 ι
3403 1026 3599 1096 Ὠσπερ

2046 1110 2139 1167 οὖν
2183 1114 2269 1165 ἴσα
2315 1111 2434 1181 Θεῷ
2472 1113 2565 1166 καὶ
2603 1114 2662 1165 ὲν
2709 1116 2889 1184 μορφῇ
2943 1113 3075 1165 Θεοῦ
3117 1114 3398 1184 ὑπάρχων,
3442 1117 3501 1167 οὐ
3540 1117 3599 1168 δι’

2048 1204 2258 1270 ἑαυτὸν,
2292 1204 2403 1257 ἀλλ’
2447 1203 2585 1275 ὑπὲρ
2624 1205 2802 1275 ἡμῶν,
2844 1205 3084 1275 ἁμαρτία
3117 1206 3305 1273 γέγονε
3376 1208 3472 1260 καί
3508 1226 3600 1259 κα-

2047 1297 2214 1368 τάρα·
2243 1295 2436 1361 οὕτως,
2461 1297 2521 1349 οὐ
2542 1296 2608 1350 δι’
2644 1296 2855 1363 ἑαυτὸν,
2879 1296 3015 1350 ἀλλὰ
3042 1297 3107 1349 δι’
3134 1300 3280 1368 ἡμᾶς
3301 1298 3600 1369 γέγραπται

2050 1387 2386 1459 παραδώσων
2417 1389 2511 1441 καὶ
2540 1388 3017 1459 ὑποταγησόμενος
3040 1405 3054 1418 ’
3090 1389 3273 1459 ἐπειδὴ
3306 1390 3395 1443 διὰ
3428 1391 3603 1459 φιλαν-

2042 1478 2296 1550 θρωπίαν
2350 1480 2573 1548 γέγονεν
2628 1479 2975 1549 ἀσυγχύτους,
3030 1481 3166 1551 ὅπερ
3221 1483 3418 1552 ἐσμὲν,
3461 1486 3602 1549 ἐκτὸς

2048 1571 2340 1642 ἁμαρτίας,
2391 1572 2580 1641 μείνας
2610 1566 2691 1635 εἷς
2725 1573 2817 1624 καὶ
2846 1574 2874 1625 6
2914 1572 3094 1634 αὐτός.
3128 1573 3248 1635 Πῶς
3278 1575 3385 1645 γὰρ
3418 1578 3447 1628 ό
3476 1578 3600 1630 πάν-

2047 1680 2155 1715 των
2181 1662 2405 1734 ποιητὴς
2437 1663 2532 1716 καὶ
2560 1663 2776 1716 πάντων
2807 1663 3051 1734 κρατῶν·
3097 1663 3192 1733 (ὲν
3218 1670 3329 1727 τοῖς
3359 1670 3492 1720 πᾶσι
3552 1670 3602 1722 δὲ

385 1760 505 1805 ctus
532 1760 616 1804 est
642 1754 757 1805 sine
782 1751 885 1804 ulla
910 1762 1220 1807 naturarum
1236 1753 1548 1807 confusione
1564 1752 1702 1822 quod
1735 1769 1832 1810 nos
1860 1770 1947 1809 su-

2058 1752 2287 1807 τίθενται
2330 1754 2425 1806 καὶ
2459 1754 2508 1805 oi
2559 1752 2813 1823 αἰῶνες),
2863 1755 2891 1806 6
2944 1756 3335 1828 προφητευθεὶς
3377 1759 3600 1829 πρῶτος,

386 1856 527 1906 mus,
568 1852 794 1910 excepto
826 1853 1067 1911 peccato,
1114 1857 1177 1897 ac
1216 1844 1416 1897 mansit
1438 1859 1574 1898 unus
1596 1852 1651 1898 et
1670 1844 1828 1899 idem.
1860 1845 1947 1901 Ille

2058 1843 2149 1896 καὶ
2191 1845 2270 1905 είς
2302 1842 2369 1895 τὰ
2406 1841 2622 1913 ἐφεξῆς,
2665 1843 2759 1895 καὶ
2803 1845 3233 1916 Παντοκράτωρ,
3270 1846 3487 1900 δύναται
3534 1852 3605 1910 si;

383 1932 548 1996 enim,
569 1933 660 2001 qui
691 1943 774 1987 est
801 1948 978 1988 rerum
1001 1934 1238 1988 omnium
1269 1933 1544 1999 Conditor,
1566 1935 1762 2003 quique
1783 1936 1956 1989 omni-

386 2023 487 2077 bus
527 2023 753 2092 imperat
788 2025 952 2093 (inter
990 2026 1169 2079 omnia
1205 2040 1331 2079 vero
1359 2034 1627 2094 ponuntur
1655 2026 1817 2079 etiam
1849 2040 1951 2079 sae-

2053 1933 2180 1995 τοὺς
2207 1933 2403 2003 ἐφεξῆς
2448 1932 2649 1995 αίῶνας
2698 1932 2770 2004 μὴ
2807 1937 3022 2004 κρατεῖν
3056 1937 3148 1987 καὶ
3192 1936 3488 2005 βασιλεύειν
3518 1940 3606 1992 σὺν

2054 2026 2228 2094 Πατρὶ
2258 2024 2354 2077 καί
2387 2022 2682 2093 Πνεύματι,
2718 2025 2858 2078 καθὰ
2889 2027 2981 2079 καὶ
3003 2025 3117 2088 νῦν,
3143 2030 3236 2080 καὶ
3262 2029 3367 2081 ἀεί.

386 2115 548 2183 cuia),
579 2117 665 2182 qui
705 2117 916 2171 demum
951 2132 979 2170 a
1008 2119 1286 2187 prophetis
1310 2119 1484 2173 dictus
1515 2130 1599 2175 est
1644 2120 1845 2189 primus
1883 2128 1938 2173 et
1974 2118 2228 2186 deinceps
2260 2118 2359 2187 (4),
2416 2125 2471 2170 et
2519 2117 2884 2185 omnipotens,
2956 2120 3222 2185 quomodo
3279 2130 3454 2187 potest
3511 2135 3605 2175 sa-

386 2208 524 2263 culis
546 2208 802 2280 deinceps
825 2212 1016 2269 futuris
1042 2230 1145 2268 non
1172 2216 1457 2285 imperare,
1482 2232 1545 2272 ac
1574 2232 1801 2288 regnare
1829 2234 1949 2273 cum
1991 2216 2150 2270 Patre
2179 2225 2233 2269 et
2264 2216 2465 2283 Spiritu
2498 2214 2633 2267 sicut
2670 2229 2832 2272 tmnc,
2874 2212 2945 2266 ita
2982 2225 3035 2266 et
3067 2214 3318 2282 semper?

457 2300 609 2365 Quod
640 2314 816 2356 autem
842 2304 1245 2361 interminatum
1276 2309 1345 2363 sit
1368 2308 1485 2376 ejus
1514 2325 1733 2379 regnum
1761 2312 1947 2381 (unum

385 2402 469 2445 est
529 2396 673 2447 enim
702 2395 990 2450 intlivisum
1040 2398 1324 2453 Trinitatis
1372 2406 1638 2470 regnum),
1669 2403 1720 2455 in
1778 2404 1951 2472 primo

385 2483 529 2556 λόγῳ
588 2486 664 2555 (5)
728 2486 1020 2556 Scriptura:
1067 2492 1391 2546 testimoniis
1442 2494 1746 2547 accnratius
1793 2503 1953 2562 atque

385 2579 668 2644 Operosius
713 2580 1084 2634 mntirmatmn
1126 2593 1229 2635 est.
1269 2582 1434 2637 Recte
1467 2584 1609 2637 enim
1642 2584 1949 2640 Gabrielem

385 2667 588 2724 dixisse
610 2680 860 2726 constat:
895 2673 1191 2741 «Regnahit
1214 2675 1288 2745 (6)
1310 2690 1472 2743 super
1508 2675 1726 2729 domum
1778 2677 1942 2731 Israel

389 2757 442 2812 in
475 2762 668 2813 saecula
699 2802 715 2829 ,
751 2772 806 2817 et
842 2764 989 2827 regni
1035 2762 1151 2830 ejus
1193 2780 1297 2819 non
1336 2766 1440 2819 erit
1478 2765 1630 2828 linis;
1658 2784 1676 2816 ι
1710 2774 1763 2818 et
1791 2766 1949 2818 Davi—

385 2850 507 2905 dem
536 2870 549 2906 :
578 2870 596 2903 s
616 2851 864 2907 Thronns
890 2855 966 2922 (7)
990 2866 1135 2919 tuus,
1165 2856 1326 2919 Deus,
1364 2856 1417 2908 in
1451 2856 1705 2909 sarculum
1735 2856 1947 2912 saeculi:

388 2942 536 3011 virga
564 2945 899 2998 rectitudinis
923 2946 1068 3013 virga
1098 2946 1243 3015 regni
1271 2946 1382 3011 tui;
1406 2945 1641 2999 dilexisti
1663 2946 1947 3014 justitiam,

2121 2307 2243 2359 Ὅτι
2277 2306 2333 2359 δὲ
2379 2304 2727 2375 ἀτελεύτητος
2778 2304 2939 2357 αὑτοῦ
2990 2306 3021 2376 ἡ
3088 2306 3333 2375 βασιλεία
3370 2308 3596 2379 ὑπάρχει

2052 2401 2175 2473 (μία
2195 2402 2304 2473 γάρ
2324 2403 2470 2453 ὲστιν
2492 2400 2793 2469 ἀδιαίρετος
2813 2400 2912 2469 τῆς
2941 2400 3208 2470 Τριάδος),
3236 2402 3295 2453 ἐν
3316 2401 3392 2471 τῷ
3419 2403 3606 2473 πρώτῳ

2056 2486 2200 2558 λόγῳ
2233 2486 2587 2559 ἐμαρτυρήθη
2622 2486 3163 2558 ὲξεργαστικὼτερον,
3192 2491 3250 2541 ὲν
3274 2484 3356 2551 οἷς
3383 2491 3606 2562 Γαϐριὴλ

2052 2576 2181 2648 εὖγε
2226 2580 2473 2648 φαίνεται
2506 2578 2770 2649 εἰρηκώς⁸
2820 2598 2837 2629 ι
2875 2579 3187 2633 Βασιλεόσει
3236 2581 3327 2633 ἐπὶ
3355 2582 3447 2634 τὸν
3471 2579 3606 2636 οἷκον

2066 2670 2280 2741 Ἰσραὴλ
2326 2672 2405 2733 είς
2435 2670 2559 2734 τοὺς
2592 2669 2823 2735 αἰῶνας,
2857 2670 2950 2722 καί
2997 2670 3094 2740 τῆς
3144 2670 3420 2740 βασιλείας
3452 2674 3606 2728 αὑτοῦ

2053 2762 2153 2815 οὐκ
2186 2762 2337 2813 ἔσται
2374 2761 2562 2824 τέλοςο
2604 2779 2621 2811 ι
2668 2761 2759 2813 καὶ
2800 2761 2994 2813 Δαυῒδ⁶
3032 2779 3050 2812 t
3105 2762 3161 2813 Ὀ
3208 2763 3393 2833 θρόνος
3430 2781 3557 2828 σου,
3582 2767 3607 2818 6

2054 2852 2186 2915 Θεὸς
2206 2895 2219 2913 ,
2250 2854 2331 2914 εἰς
2361 2850 2451 2905 τὸν
2484 2850 2655 2903 αἰῶνα
2685 2849 2778 2903 τοῦ
2814 2850 3006 2915 αἰῶνος
3026 2867 3039 2880 ’
3072 2851 3262 2921 ῥάϐδος
3306 2853 3605 2923 εὐθύτητος,

2054 2944 2087 3012 ή
2125 2942 2315 3011 ῥάϐδος
2347 2942 2445 3011 τῆς
2476 2941 2749 3011 βασιλείας
2779 2957 2871 2993 σου
2893 2958 2905 2970 ·
2939 2942 3225 3012 ἠγάπησας
3251 2943 3606 3016 δικαιοσύνην,

388 3043 443 3087 et
499 3034 659 3088 odisti
711 3034 1089 3105 iniquitatem;
1127 3046 1408 3105 propterea
1439 3038 1591 3090 unxit
1650 3047 1733 3102 te,
1787 3037 1944 3101 Deus,

2058 3034 2141 3087 καὶ
2173 3033 2439 3102 ἐμίσησας
2469 3032 2710 3086 ιέιδικίαν⁸
2744 3032 2830 3084 διὰ
2860 3031 3013 3085 τοῦτο
3046 3032 3226 3104 ἔχρισέ
3272 3051 3351 3093 σε,
3423 3036 3543 3099 Θεὲ,
3583 3037 3609 3087 6

388 3124 531 3179 Deus
562 3125 836 3189 tuus,oleo
861 3125 1058 3180 laetitiae
1078 3143 1184 3193 pra?
1202 3127 1553 3197 participibus
1594 3128 1718 3181 tuis.
1746 3146 1764 3180 ι
1800 3126 1949 3193 Quod

389 3228 517 3267 vero
555 3215 747 3269 attinet
788 3216 854 3269 ad
905 3216 992 3269 illa
1031 3215 1181 3270 Pauli
1229 3218 1389 3271 verba
1413 3216 1487 3286 (8)
1520 3235 1532 3271 :
1566 3236 1583 3269 ι
1611 3216 1680 3272 Ut
1714 3217 1785 3271 sit
1815 3217 1953 3271 Deus

389 3309 566 3359 omnia
596 3307 649 3360 in
682 3308 954 3371 omnibus,
991 3328 1011 3361 s
1042 3325 1104 3362 ea
1136 3310 1299 3363 Deum
1349 3310 1565 3379 quidem
1620 3310 1695 3379 (9)
1723 3310 1954 3363 maxime

390 3398 666 3465 denotant,
693 3400 1255 3469 necpersonama92
1278 3416 1306 3453 a
1332 3416 1557 3470 persona
1581 3401 1951 3470 distinguunt:

392 3489 459 3543 iis
506 3500 681 3545 tamen
730 3491 927 3545 similia
960 3494 1099 3545 idem
1142 3493 1428 3561 Apostolus
1476 3494 1666 3547 scribit
1700 3495 1764 3546 de
1791 3491 1947 3547 Filio.

394 3582 649 3637 Romanis
685 3584 896 3653 quidem
922 3598 937 3638 :
968 3603 987 3636 ι
1015 3584 1092 3639 Ex
1127 3586 1320 3655 quibus
1351 3584 1461 3657 (I0)
1489 3584 1836 3640 esthrisms
1868 3599 1951 3638 se-

392 3675 623 3728 cundum
665 3691 912 3741 carnem,
969 3678 1057 3745 qui
1091 3686 1175 3731 est
1202 3677 1253 3730 in
1281 3678 1532 3731 omnibus
1569 3677 1751 3741 Deus;
1783 3696 1801 3728 ι
1844 3675 1949 3730 Co-

392 3763 727 3821 lossensibus
780 3782 906 3822 vero
951 3767 1018 3821 de
1069 3768 1252 3821 futuro
1305 3767 1507 3822 saeculo
1564 3767 1792 3837 loquens
1836 3767 1951 3820 ait:

397 3856 545 3913 «Ubi
593 3858 702 3927 (ii)
746 3874 849 3913 non
894 3868 980 3913 est
1025 3859 1276 3925 Graecus,
1326 3870 1379 3913 et
1418 3857 1668 3925 Iudaeus,
1716 3857 1953 3928 Scytha,

2056 3126 2186 3188 Θεός
2238 3141 2330 3177 σου
2374 3124 2549 3177 ἔλαιον
2592 3124 2963 3192 ἀγαλλιάσεως
3010 3125 3157 3194 παρὰ
3193 3127 3319 3188 τοὺς
3362 3127 3610 3195 μετόχους

2059 3234 2172 3270 σου.
2232 3235 2250 3269 ι
2306 3217 2439 3288 Περὶ⁵
2480 3216 2534 3268 δὲ
2577 3216 2670 3269 τοῦ
2705 3216 2954 3286 γράφειν,
3005 3236 3023 3268 ι
3065 3217 3178 3269 Ἵνα
3297 3220 3327 3270 ὀ
3372 3218 3506 3281 Θεὸς
3552 3219 3611 3270 τὰ

2058 3309 2233 3362 πάντα
2279 3311 2335 3361 ὲν
2392 3310 2578 3372 πᾶσιν,
2628 3328 2646 3360 ι
2705 3309 2936 3379 μάλιστα
2988 3309 3085 3379 μὲν
3142 3309 3470 3380 ἁδιακρίτως
3508 3310 3610 3379 ἔχει

2057 3403 2208 3464 Θεὸν,
2240 3404 2386 3472 ὅμως
2434 3403 2785 3474 παραπλήσια
2812 3402 2998 3456 τούτου
3036 3404 3064 3455 6
3105 3402 3264 3467 αὐτὸς
3306 3402 3610 3466 ’Δπόστολος

2056 3495 2253 3565 γράφει
2283 3495 2408 3565 περὶ
2449 3494 2540 3548 τοῦ
2575 3495 2725 3561 Υἱοῦ,
2781 3496 3068 3566 Ῥωμαίοις
3103 3497 3233 3566 μέν·
3269 3515 3288 3547 ι
3344 3496 3435 3559 Ἐξ
3481 3490 3553 3549 ὧν
3586 3497 3613 3547 6

2056 3583 2289 3654 Χριστός
2317 3585 2377 3635 τὸ
2417 3583 2541 3654 [187
2586 3584 2638 3655 b]
2669 3586 2807 3639 κατὰ
2860 3588 3057 3657 σάρκα,
3100 3590 3128 3640 ὁ
3165 3588 3239 3639 ῶν
3274 3589 3366 3639 ἐπὶ
3403 3589 3613 3641 πάντων

2052 3676 2219 3739 Θεός·
2262 3694 2280 3727 ι
2319 3676 2682 3729 Κολοσσαεῦσι
2720 3677 2775 3730 δὲ
2806 3680 2932 3750 περὶ
2972 3678 3065 3732 τοῦ
3103 3678 3381 3749 μέλλοντος
3428 3680 3614 3741 αἰῶνος

2051 3766 2458 3837 διαλεγόμενος,
2492 3768 2688 3836 φησίν·
2727 3787 2746 3819 ί
2801 3770 2974 3822 Ὅπου
3022 3771 3121 3823 οὐκ
3166 3770 3245 3823 ἔνι
3276 3771 3479 3842 Ἕλλην
3529 3772 3615 3825 καὶ

2066 3859 2335 3921 Ἰουδαῖος,
2364 3858 2598 3929 Σκύθης,
2630 3859 2831 3923 δοῦλος,
2864 3861 3165 3933 ἐλεύθερος,
3188 3862 3323 3914 ἀλλὰ
3350 3863 3421 3914 τὰ
3448 3864 3613 3916 πάντα

391 3965 604 4013 servus.
630 3950 785 4016 liber,
826 3952 919 4005 sed
953 3952 1133 4005 omnia
1172 3953 1225 4004 in
1255 3951 1506 4003 omnibus
1538 3948 1820 4012 Christus;
1852 3968 1870 4000 ι
1905 3958 1947 4003 et

2058 3948 2114 4001 ὲν
2144 3950 2274 4001 πᾶσι
2307 3948 2570 4019 Χριστός’
2616 3968 2632 4000 ι
2665 3951 2758 4002 καὶ
2800 3950 2959 4004 πάλιν
2995 3953 3121 4023 περὶ
3161 3953 3258 4023 τῆς
3300 3953 3614 4023 Ἐκκλησίας

395 4056 586 4097 rursus
610 4046 675 4096 de
707 4042 947 4098 Ecclesia
976 4043 1223 4098 scribens
1250 4043 1325 4095 ait
1353 4060 1367 4096 :
1402 4060 1420 4093 ι
1450 4041 1579 4108 Quae
1604 4052 1687 4096 est
1709 4041 1817 4111 (12)
1838 4054 1960 4095 cor-

484 4218 574 4290 99)
607 4219 772 4290 Quid.
800 4220 930 4278 Luc.
964 4238 1040 4286 ιι,
1067 4222 1155 4278 49.

494 4289 560 4356 t)
595 4289 662 4342 In
707 4291 860 4343 domo
909 4292 1085 4346 Patris
1127 4293 1246 4347 mei.
1295 4291 1400 4346 Pro
1437 4291 1524 4346 his
1562 4291 1742 4345 verbis
1772 4289 1957 4345 Grteca

2058 4039 2303 4110 γράφων,
2331 4040 2511 4111 φησίν·
2545 4058 2563 4091 ι
2599 4041 2755 4105 Ἦτις
2780 4042 2925 4095 ἐστὶν
2953 4042 3015 4096 τὸ
3042 4042 3193 4105 σῶμα
3226 4042 3318 4095 τοῦ
3345 4045 3415 4097 τά
3448 4045 3613 4097 πάντα

2065 4218 2401 4279 daemones...
2434 4222 2666 4276 humana
2702 4236 2864 4275 carne
2887 4224 3094 4286 vestiri,
3120 4232 3177 4276 ιιι
3214 4233 3332 4276 acta
3368 4223 3613 4291 deinceps

2068 4291 2378 4361 ptenitentia
2417 4304 2538 4361 post
2567 4293 3012 4346 resurrectionem
3061 4295 3243 4347 eodem
3290 4294 3493 4346 circulo
3516 4309 3614 4359 quo

393 4376 457 4413 ac
477 4358 677 4413 Latina
723 4360 892 4416 Diblia
930 4364 1126 4418 habent
1157 4382 1170 4417 :
1208 4382 1226 4415 ι
1258 4363 1313 4417 In
1350 4362 1434 4417 his
1478 4378 1597 4432 qua:
1641 4362 1819 4417 Patris
1855 4360 1955 4414 mei
1991 4405 2034 4432 η
2064 4359 2117 4432 in
2156 4374 2372 4432 carnem
2412 4358 2689 4423 venerant,
2725 4373 3066 4415 revertantur
3112 4364 3176 4415 ad
3210 4364 3461 4415 viciniam
3505 4358 3612 4425 Dei,

425 4439 540 4484 unt.
568 4447 588 4482 ι

392 4446 542 4567 una)
568 4447 645 4553 ’Et
677 4501 961 4556 descendit.
1004 4502 1132 4557 Luc.
1169 4519 1224 4566 ιι,
1258 4502 1343 4556 51.
1373 4502 1559 4557 Graeca
1598 4501 1762 4556 editio
1793 4500 1953 4553 habet

389 4569 593 4641 κατέϐη
624 4588 720 4644 pro
769 4572 1031 4644 κατῆλθεν
1068 4590 1081 4627 :
1121 4583 1175 4628 et
1224 4570 1477 4644 Ναζαρέτ
1517 4588 1613 4642 pro
1658 4568 1911 4639 Ναζαρέθ
1935 4585 1949 4600 ·

393 4653 455 4693 ac
486 4643 735 4695 nonnulla
766 4643 931 4695 addit.

487 4710 539 4779 '5)
580 4710 799 4765 Factus.
828 4712 1057 4779 Philipp.
1091 4726 1154 4775 11,
1186 4712 1237 4766 8.

488 4782 541 4850 4)
593 4780 807 4835 Primus
858 4791 903 4834 et
953 4778 1210 4850 deinceps.
1259 4782 1359 4835 lsa.
1414 4797 1525 4842 xu.
1583 4780 1638 4845 4,
1693 4778 1887 4845 legitur
1933 4796 1947 4832 :

403 4848 544 4935 Ἐγὼ
567 4856 594 4906 ό
618 4851 1004 4935 Θεὸςηπρῶξος,
1039 4848 1234 4932 καὶὲείς
1258 4854 1327 4903 τὰ
1348 4850 1708 4935 ἐπερχόμενα.
1738 4850 1950 4929 Ειριψ.

394 4934 535 4985 ηιν,
570 4936 711 4976 vers.
748 4923 780 4975 6
804 4919 825 4977 τ’
861 4921 999 4989 Ἐγὼ
1044 4920 1277 4990 πρῶτος,
1310 4923 1402 4973 κα1⁵
1430 4919 1538 4990 ἐγὼ
1558 4919 1703 4989 μετὰ
1728 4919 1900 4972 ταῦτα
1938 4937 1951 4972 :

391 4990 721 5045 Alterutrum
748 5007 814 5046 ex
838 4990 923 5043 bis
948 4989 1341 5058 locis’respicit,
1378 4991 1429 5043 ni
1464 4989 1640 5052 fallor,
1677 4990 1951 5059 Didymus.

392 5060 638 5183 libﬁgln
673 5064 840 5129 primo
876 5061 1056 5129 λόγῳ.
1097 5062 1179 5114 An
1224 5060 1441 5131 respicit
1483 5069 1644 5129 caput
1683 5060 1745 5113 51
1798 5060 1953 5128 primi

416 5145 513 5181 IDI'I

463 5199 538 5267 (6)
576 5199 847 5267 Regnabit.
880 5198 1011 5253 Luc.
1047 5216 1098 5266 ι,
1129 5199 1219 5254 52.

465 5266 839 5351 (7)1hranus.
887 5268 1025 5323 Psal.
1082 5283 1227 5334 xm,
1260 5268 1295 5323 8
1350 5276 1404 5323 el.
1438 5267 1491 5321 9.
1540 5266 1674 5323 Vide
1718 5276 1829 5323 not.
1862 5266 1950 5331 45,

676 5406 743 5461 sit
772 5406 909 5461 Deus
931 5409 1183 5488 omniain
1216 5407 1476 5488 omnibus.
1508 5406 1782 5488 Celebrem
1796 5406 1957 5488 phum:

393 5474 541 5547 Pauli
575 5476 747 5547 locum
786 5492 1064 5547 perperam
1124 5480 1191 5533 ab
1220 5477 1449 5546 Origene
1480 5487 1756 5547 acceptum
1794 5476 1958 5547 fuisse

394 5544 597 5600 indicat
642 5543 995 5617 Hieronymus
1035 5550 1086 5601 in
1128 5549 1267 5602 libro
1292 5543 1540 5601 adversus
1576 5545 1834 5617 Joannem
1862 5543 1957 5597 Je-

395 5615 1005 5684 rosolymitanum'num.
1036 5618 1101 5672 16
1132 5620 1214 5673 his
1245 5617 1425 5671 verbis
1452 5633 1465 5667 :
1528 5633 1547 5666 ‹
1588 5615 1951 5680 ριιςιετιιιιιιε...

393 5700 462 5738 an
511 5686 758 5746 Orittenis
800 5690 1063 5744 sententia
1104 5689 1173 5743 sit
1224 5700 1385 5750 vera,
1432 5685 1523 5752 qui
1575 5684 1775 5740 dixit...
1815 5684 1957 5753 ipsos

1989 4405 2034 4461 D
2061 4428 2269 4483 liberati
2300 4431 2459 4484 etiam
2491 4405 3045 4496 aereis,telliereisqite
3076 4433 3407 4497 corporibus,
3427 4444 3479 4485 et
3499 4405 3614 4485 tunc

2053 4499 2233 4569 Omnia
2262 4515 2431 4569 genua
2468 4512 2689 4554 curvent
2729 4499 2858 4561 Deo.
2895 4503 3226 4564 caelestium,
3259 4505 3610 4562 terrestrium,

2053 4578 2107 4623 et
2157 4568 2522 4633 infernarum,
2568 4581 2623 4624 et
2672 4572 2741 4625 sit
2772 4571 2911 4625 Deus
2959 4573 3138 4625 omnia
3179 4572 3230 4624 in
3281 4573 3551 4625 omnibus.
3590 4591 3606 4623 ι

2053 4642 2126 4711 At
2156 4638 2435 4711 __Ditl_ymus
2483 4642 2730 4695 etnndem
2778 4640 2927 4695 Pauli
2974 4642 3149 4696 locum
3201 4642 3287 4695 hic
3340 4643 3611 4711 esplicans

2053 4707 2185 4763 nihil
2218 4707 2321 4763 tale
2351 4710 2526 4766 docet.

2125 4778 2200 4847 (9)
2239 4778 2317 4831 Ea
2370 4777 2531 4832 Deum
2566 4782 2795 4848 quidem,
2844 4789 2949 4834 etc.
2982 4780 3223 4835 Similem
3292 4782 3610 4834 sententiam

2055 4850 2582 4921 autrcsponsionem
2619 4853 2776 4921 habet
2808 4849 3163 4921 Hieronymus
3205 4851 3257 4903 in
3286 4851 3513 4919 epistola
3548 4850 3613 4903 55

2056 4919 2121 4970 ad
2144 4916 2464 4989 Amandum,
2496 4936 2722 4987 eamque
2748 4919 2971 4973 fortasse
2994 4916 3059 4972 es
3097 4920 3303 4989 Didymi
3322 4916 3611 4972 commen-

2058 4989 2209 5040 tariis
2255 4989 2305 5039 in
2329 4987 2642 5056 Epistulam
2673 4990 2895 5056 primam
2934 4992 3002 5041 ad
3027 4987 3323 5042 Corinthios
3351 5000 3597 5041 mutuatu.

2056 5069 2158 5111 est.
2191 5056 2266 5109 En
2300 5055 2604 5129 Hieronymi
2641 5055 2797 5112 verba
2826 5076 2838 5111 :
2889 5077 2907 5110 ι
2937 5058 3053 5113 Νοιι
3087 5060 3181 5121 ait,
3219 5076 3237 5107 ι
3279 5058 3347 5113 Ut
3369 5057 3439 5111 sit
3465 5058 3613 5111 Pater

2062 5144 2081 5176 ι
2111 5130 2287 5179 omnia
2334 5129 2385 5180 in
2425 5128 2691 5189 omnibus.
2728 5147 2744 5179 ι
2800 5130 2893 5183 sed
2948 5148 2965 5179 ι
2997 5138 3055 5182 ιιι
3082 5130 3151 5181 sit
3189 5128 3326 5181 Deus
3362 5146 3374 5179 :
3410 5146 3429 5178 ι
3483 5142 3601 5193 quot

2056 5198 2332 5265 prOpt'iunt
2350 5213 2561 5265 nomen
2593 5208 2677 5251 est
2708 5197 2989 5252 Trinitatis
3009 5241 3024 5261 ,
3050 5208 3103 5251 et
3135 5210 3241 5250 tam
3266 5199 3329 5249 ad
3359 5198 3568 5250 Patrem
3594 5236 3607 5257 ,

2056 5282 2217 5387 quam
2252 5268 2318 5320 ad
2347 5264 2537 5320 Filium
2565 5306 2579 5331 ,
2608 5277 2661 5321 et
2692 5267 2949 5337 Spiritum
2996 5278 3239 5322 sanctum
3280 5268 3469 5320 referri
3521 5282 3609 5335 po-

2080 5349 2137 5387 es
2166 5374 2180 5387 .
2213 5353 2231 5386 ι

2080 5349 2180 5388 881.
2213 5353 2231 5386 ι

2129 5405 2240 5473 (10)
2288 5405 2375 5475 Ea:
2401 5406 2606 5475 quibus.
2646 5405 2801 5459 Rom.
2838 5404 2992 5475 ιι,5.

2060 5476 2063 5479 ’
2129 5472 2240 5545 (ii)
2281 5472 2421 5532 Ubi.
2446 5477 2653 5530 Coloss.
2685 5491 2767 5540 nt,
2798 5478 2882 5529 H.
2917 5474 3051 5545 Vide
3075 5480 3187 5529 no't.
3212 5476 3300 5535 12,
3331 5489 3451 5542 pag.
3487 5472 3575 5545 ευ.

2130 5546 2241 5614 (12)
2277 5548 2404 5610 Qua:
2434 5557 2527 5597 est.
2568 5546 2763 5610 Ephes.
2804 5561 2841 5601 ι.
2882 5547 2973 5601 25.
3022 5544 3205 5600 Graeca
3249 5546 3454 5614 editio:
3498 5544 3612 5610 ἥτις

2059 5613 2176 5667 ἐστὶ
2199 5614 2258 5667 τό
2291 5616 2448 5685 σῶμα
2478 5615 2665 5682 αὑτοῦ,
2690 5615 2750 5666 τὸ
2772 5614 3045 5685 πλήρωμα
3074 5614 3166 5685 τοῦ
3194 5616 3375 5669 πάντα
3404 5613 3463 5665 ὲν
3488 5614 3613 5666 πᾶσι

2061 5683 2456 5756 πληρουμένου.
2490 5685 2621 5742 Vide
2655 5694 2767 5741 not.
2806 5683 2896 5751 10,
2920 5683 3039 5756 pag.
3066 5684 3158 5740 29.
