3758 6304
160 322 247 379 897
1173 320 1260 375 DE
1299 314 1673 377 TRINITATE
1711 320 1913 393 LIBER
1954 321 2275 382 TERTIUS.

3237 336 3343 388 898

160 444 205 492 ἐν
233 440 382 492 πᾶσιν
411 437 731 510 πληροῦντος
743 438 978 510 Χριστοῦ
1004 456 1019 471 ⁸
1050 459 1068 494 ι
1095 443 1189 495 καὶ
1213 441 1441 513 ἀλλαχοῦ
1461 460 1475 475 ο
1505 460 1524 493 ι
1548 441 1683 513 Χρι-

1789 456 1883 509 pus
1923 442 2123 497 Christi
2148 443 2394 499 omniain
2427 445 2676 501 omnibus
2706 446 3011 516 implentis;
3053 465 3072 502 ι
3102 460 3154 504 et
3178 451 3341 509 alibi:

160 531 263 594 στὺς
292 530 408 599 χθὲς
437 530 527 581 καὶ
556 532 790 603 σήμερον
828 532 856 584 6
904 532 1067 594 αὐτὸς
1086 572 1101 596 ,
1135 533 1228 586 καὶ
1276 536 1355 597 εἰς
1397 534 1522 597 τοὺς
1550 534 1684 587 αἰῶ-

156 639 239 684 νας
302 641 319 672 ι
346 623 436 674 καὶ
473 622 629 675 πάλιν
651 640 664 652 ·
709 642 727 674 ι
770 625 886 677 Ἵνα
916 626 973 677 ἐν
998 625 1075 695 τῷ
1109 626 1331 696 ὀνόματι
1377 626 1549 697 Ἰησοῦ
1577 629 1685 681 πᾶν

156 714 263 782 γόνυ
288 714 468 786 κάμφῃ
492 715 841 786 ἐπουρανίων,
870 717 964 770 καὶ
993 717 1270 785 ἐπιγείων,
1300 721 1393 773 καὶ
1419 719 1685 789 καταχθο-

156 808 287 859 νίων·
326 808 414 859 καὶ
456 809 602 859 πᾶσα
642 808 861 876 γλῶσσα
911 808 1385 881 ἐξομολογήσεται,
1430 806 1526 874 Εἷς
1573 812 1685 866 Κύ-

159 916 252 969 ριος
288 898 483 968 Ἰησοῦς
510 899 759 970 Χριστός.
811 920 828 952 θ
866 902 975 954 Καὶ
1021 902 1127 973 γὰρ
1160 905 1208 955 εί
1253 903 1327 974 μὴ
1370 898 1687 972 διέσφαλται

154 990 221 1053 τὸ,
251 1008 267 1040 ι
312 991 393 1042 Ἐν
420 991 563 1061 αύτῷ
588 995 830 1045 κατοικεῖ
858 994 963 1046 πᾶν
987 992 1047 1045 τὸ
1072 993 1341 1067 πλήρωμα
1373 994 1469 1065 τῆς
1501 994 1685 1064 θεότη-

154 1098 249 1143 τος·
276 1100 293 1133 ι
318 1082 405 1135 καὶ
430 1083 507 1146 τὸ,
542 1102 560 1135 ‹
609 1085 696 1136 Ἐν
721 1084 866 1155 αύτῷ
883 1085 1083 1156 κόσμον
1103 1086 1485 1139 καταλλάσσων
1503 1102 1516 1115 ⁸
1539 1106 1557 1138 ι
1590 1086 1684 1139 καὶ

155 1172 221 1234 τὸ,
252 1191 269 1224 ι
327 1174 408 1225 Ἔν
441 1173 586 1244 αὐτῷ
636 1175 894 1246 εύδόκησε
956 1179 1063 1230 πᾶν
1095 1178 1155 1230 τὸ
1198 1178 1469 1248 πλήρωμα
1505 1194 1685 1230 κατοι-

155 1263 323 1331 κῆσαι,
353 1265 442 1316 καὶ
483 1264 550 1316 δι’
583 1264 745 1317 αὐτοῦ
793 1265 1229 1331 ἀποκαταλλάξαι
1280 1267 1350 1320 τὰ
1387 1268 1565 1322 πάντα
1604 1269 1683 1329 είς

154 1352 319 1415 αὑτὸν,
364 1372 381 1404 ι
416 1353 533 1423 οὐχὶ
567 1354 624 1407 δὲ
671 1357 749 1418 είς
782 1355 972 1408 ἄλλον·
1018 1359 1082 1428 τῇ
1118 1356 1331 1428 θεότητι
1365 1358 1682 1429 αἰρεσιομά-

153 1462 220 1513 χοι
245 1445 591 1516 διεσάφησαν
624 1448 686 1500 ού
720 1448 879 1517 μόνον
908 1447 983 1511 ὡς
1015 1448 1129 1519 Υίῷ
1160 1449 1294 1521 πρὸς
1326 1448 1543 1520 Πατέρα
1569 1466 1683 1502 κοι-

153 1537 337 1598 νωνίαν,
368 1537 475 1589 ἀλλ’
511 1538 632 1591 οὐδὲ
670 1540 743 1603 ὡς
772 1540 909 1611 φίλῳ
942 1542 1077 1612 πρὸς
1115 1541 1264 1611 φίλον
1298 1541 1514 1610 ἰσότητα
1552 1557 1682 1608 συγ-

152 1628 406 1699 κτητορίας
444 1630 897 1702 παραχωροῦντες
937 1632 1105 1702 αὐτῷ.
1156 1631 1420 1699 Ἰωσαφὰτ
1447 1630 1554 1701 γὰρ
1584 1629 1681 1700 βα·

153 1719 304 1783 σιλεὺς
339 1721 506 1775 Ἰούδα
544 1722 683 1791 πρὸς
721 1722 924 1793 Ἀχαὰϐ
955 1721 1176 1793 βασιλέα
1220 1721 1432 1793 Ἰσραὴλ
1463 1722 1562 1792 τῆς
1590 1738 1680 1789 φι-

151 1810 250 1874 λίας
280 1812 368 1881 τὴν
400 1812 684 1865 κοινωνίαν
718 1812 1141 1883 ἐνδεικνύμενος,
1182 1812 1364 1881 ἔλεγεν
1384 1829 1397 1843 °
1431 1831 1449 1863 ι
1484 1812 1681 1877 Καθὼς

150 1902 224 1966 σὺ,
252 1921 267 1953 ι
299 1903 473 1974 φησιν,
509 1923 528 1955 ι
568 1903 742 1968 οὕτως
788 1903 942 1973 κάγώ
965 1922 978 1935 ·
1016 1905 1110 1958 καὶ
1150 1903 1332 1967 καθὼς
1360 1904 1387 1957 6
1413 1903 1535 1968 λαός
1564 1920 1680 1969 σου,

148 1992 292 2057 οὕτως
318 1994 406 2048 καὶ
434 1997 463 2048 6
496 1995 627 2058 λαός
660 2012 759 2066 μου
780 2012 795 2025 ·
838 1996 934 2049 καὶ
962 1995 1142 2061 καθὼς
1167 1998 1217 2050 οί
1253 1998 1407 2050 ἵπποι
1443 2014 1557 2061 σου,
1591 1996 1682 2050 οῦ-

148 2101 237 2149 τως
271 2087 357 2138 καὶ
391 2086 441 2140 οἱ
491 2087 648 2140 ἵπποι
703 2104 805 2158 μου
834 2104 847 2118 ·
903 2106 921 2140 ι
975 2089 1067 2141 καὶ
1107 2087 1187 2159 τῷ
1226 2092 1352 2161 παρ’
1400 2089 1563 2143 αὐτοῦ
1606 2088 1682 2161 μὴ

149 2175 386 2245 τεχθέντι,
430 2177 527 2247 τῆς
560 2177 697 2240 ἰδίας
738 2177 1011 2249 προετίθει
1059 2178 1335 2248 βασιλείας
1372 2180 1677 2250 ὁμοτιμίαν.

158 2261 355 2331 Ὁμοίως
382 2263 434 2316 δὲ
468 2265 562 2316 καὶ
593 2268 705 2327 τοῖς
748 2265 1016 2338 μαθηταῖς
1051 2261 1117 2336 ἦν
1139 2305 1154 2327 ,
1187 2266 1351 2337 φησὶ,
1405 2268 1546 2320 κατὰ
1584 2268 1681 2339 τὴν

152 2351 182 2403 Γ
189 2353 338 2424 ραφην
382 2354 469 2407 διὰ
518 2355 613 2408 τὸν
658 2356 891 2426 Χριστὸν
940 2355 1154 2411 ἅπαντα
1207 2357 1359 2411 κοινὰ
1404 2359 1497 2411 καὶ
1544 2359 1680 2429 ἀμέ-

151 2459 299 2513 ριστα.
359 2446 737 2517 Ἀναιδέστερα
783 2446 960 2499 τοίνυν
1009 2447 1076 2499 τὰ
1129 2447 1422 2515 αίρετικῶν
1465 2450 1681 2519 ῥήματα

148 2535 351 2589 τῶν-τοῦ
402 2537 673 2592 διαϐόλου.
714 2537 951 2602 Ἐκεῖνος
985 2538 1116 2608 1188
1156 2538 1211 2610 a]
1245 2538 1342 2610 μὲν
1369 2539 1476 2611 γὰρ
1498 2542 1525 2592 6
1550 2540 1680 2593 Θεο-

153 2629 287 2700 μισὴς
314 2630 403 2700 τὴν
457 2630 769 2701 οἰκονομίαν
795 2630 1003 2684 οὐδέπω
1032 2630 1240 2702 μαθὼν,
1272 2629 1370 2701 τὴν
1402 2631 1489 2683 ὅτε
1527 2633 1679 2701 ἡμῖν,

151 2719 249 2773 τότε
272 2721 355 2773 καὶ
391 2722 645 2791 ἀγγέλοις
680 2722 1014 2792 γνωσθεῖσαν
1038 2737 1052 2751 ·
1096 2720 1159 2792 (ι
1195 2720 1349 2774 οῦπω
1385 2740 1403 2772 ι
1445 2720 1555 2792 γὰρ
1592 2722 1684 2774 αὐ-

150 2814 560 2886 χηματικώτερόν
590 2830 762 2884 φημι,
798 2815 886 2866 ὅτε
924 2812 1017 2866 καὶ
1047 2814 1114 2867 δι’
1148 2812 1324 2883 ἡμῶν,
1366 2812 1682 2883 πειθόμενος

152 2903 317 2976 Παύλῳ
357 2906 607 2977 φανερῶς
639 2904 996 2975 φθεγγομένῳ
1016 2921 1029 2935 ·
1079 2922 1098 2956 ι
1142 2904 1257 2957 ἰνα
1289 2904 1560 2975 γνωρισθῇ
1588 2902 1681 2956 νῦν

149 2999 247 3059 ταῖς
281 2997 461 3067 ἀρχαῖς
492 2999 593 3051 καὶ
620 3000 737 3062 ταῖς
772 2997 1041 3063 ἐξουσίαις
1082 2996 1171 3050 διὰ
1214 2996 1310 3065 τῆς
1362 2995 1679 3065 Ἐκκλησίας

1791 552 1809 584 ι
1832 532 2073 587 Christus
2108 534 2222 605 (13)
2264 536 2375 589 heri
2407 546 2460 590 et
2494 537 2651 592 hodie
2681 539 2845 603 idem,
2880 549 2934 594 et
2966 540 3017 594 in
3050 542 3280 609 sa’cula;
3316 563 3335 597 ι

1784 622 1847 677 Et
1888 639 2107 679 rursus:
2139 645 2157 676 ι
2194 625 2261 679 llt
2306 626 2358 680 iu
2413 628 2625 682 nomine
2660 629 2771 701 (lt)
2812 629 2937 685 .lesu
2991 648 3151 687 omne
3204 651 3341 705 genu

1785 711 2032 766 ﬂectatur
2078 715 2404 780 ctnlestium,
2428 726 2482 771 et
2518 721 2877 785 terrestrium,
2905 730 2956 774 et
2983 720 3339 789 infernorum,

1783 813 1837 856 et
1858 804 2033 858 omnis
2081 805 2256 873 lingua
2296 808 2668 863 Iconlitehitur
2699 810 2807 880 (15)
2844 829 2857 865 :
2912 812 3059 868 Unus
3090 814 3344 870 Dominus

1782 892 1936 947 Jesus
1979 894 2244 949 Christus.
2282 916 2300 949 ι
2333 880 2537 952 Etenim
2570 901 2673 954 nisi
2708 901 2896 956 falsum
2926 914 3007 958 est
3036 888 3163 959 illud
3193 925 3206 960 :
3239 926 3257 958 ι
3287 906 3342 961 ln

1786 984 1899 1051 ipso
1929 984 2041 1056 (16)
2074 987 2279 1040 habitat
2324 990 2502 1044 omnis
2554 990 2830 1059 plenitudo
2874 994 3211 1063 divinitatis;
3239 1016 3256 1049 ι
3288 1010 3343 1052 et

1786 1076 1953 1130 illud:
1986 1077 2088 1131 «In
2147 1079 2262 1145 ipso
2322 1083 2579 1135 mundum
2628 1083 2739 1153 (17)
2790 1086 3185 1152 rec0ucilians;
3217 1107 3235 1139 ι
3289 1097 3344 1142 et

1784 1165 1911 1218 illud
1944 1182 1959 1220 :
1999 1185 2017 1217 ι
2051 1167 2105 1220 1η
2132 1168 2247 1237 ipso
2297 1170 2626 1237 complacuit
2687 1171 2798 1242 (l8)
2837 1176 3010 1227 omnis
3068 1174 3342 1243 plenitudo

1782 1255 2044 1321 habitare,
2079 1268 2132 1312 et
2159 1274 2254 1326 per
2284 1274 2403 1311 eum
2442 1263 2981 1318 reconciliareomnia
3012 1265 3063 1319 in
3102 1266 3335 1335 ipsum,»

1784 1362 1888 1401 non
1926 1363 2053 1401 vero
2078 1349 2128 1402 in
2165 1350 2362 1417 alium;
2401 1351 2445 1407 si
2482 1351 2616 1417 haec,
2652 1353 2889 1422 inquam,
2917 1370 3042 1410 vera
3069 1369 3214 1421 sunt,
3251 1375 3343 1427 ap-

1784 1451 1932 1504 paret
1960 1440 2069 1511 (19)
2117 1441 2237 1497 illos
2279 1459 2375 1512 pro
2430 1459 2525 1498 sua
2580 1444 2770 1500 hazresi
2819 1456 3114 1517 pugnantes
3154 1450 3342 1505 deitati

1783 1530 1979 1585 bellum
2037 1533 2255 1601 inferre,
2304 1536 2499 1605 quippe
2530 1540 2618 1606 qui
2648 1538 2863 1592 Christo
2894 1556 2999 1593 nou
3040 1542 3198 1595 modo
3225 1551 3343 1596 tan-

1785 1639 1944 1693 quam
1991 1625 2126 1707 Filio
2158 1629 2595 1683 communionem
2640 1646 2762 1684 cum
2810 1630 2966 1685 Patre
3004 1641 3220 1702 negant,
3251 1647 3342 1687 ve-

1786 1731 1901 1767 rum
1936 1732 2003 1768 ne
2035 1717 2209 1784 ipsum
2240 1719 2456 1787 quidem
2494 1731 2744 1788 tanquam
2773 1721 3028 1789 amicum,
3080 1723 3341 1792 aqualem

1781 1822 1901 1860 cum
1941 1807 2114 1860 amico
2152 1822 2514 1875 possessorem
2564 1825 2623 1865 ac
2668 1810 2945 1865 dominum
2979 1826 3099 1868 esse
3145 1827 3340 1868 conce-

1782 1896 1934 1950 dunt.
1964 1896 2093 1949 Nam
2126 1895 2378 1966 losaphat
2412 1914 2504 1952 rex
2538 1898 2669 1953 Juda
2697 1910 2754 1953 ut
2783 1915 2934 1955 suam
2966 1916 3092 1970 erga
3126 1902 3337 1955 Achaa-

1782 1988 1907 2041 bum
1944 1987 2055 2058 (20)
2076 1974 2256 2055 regem
2290 1990 2504 2044 lsraelis
2536 1990 2789 2045 amicitiae
2815 1992 3126 2047 societatem
3158 2002 3343 2047 osten-

1785 2087 1941 2144 taret,
1993 2079 2304 2147 inquiebat:
2341 2098 2358 2130 ι
2387 2079 2536 2135 Sicut
2586 2091 2638 2134 tu
2684 2080 2817 2152 (21),
2877 2080 2957 2136 sic
2993 2090 3048 2135 et
3087 2096 3222 2152 ego;
3289 2090 3345 2136 et

1782 2170 1920 2225 sicut
1954 2170 2178 2239 populus
2204 2180 2349 2233 tuus,
2389 2171 2462 2225 ita
2508 2180 2562 2225 et
2604 2172 2833 2241 populus
2871 2188 3057 2238 meus;
3107 2183 3163 2229 et
3203 2176 3344 2227 sicut

1781 2261 1902 2329 equi
1945 2263 2043 2324 tui,
2072 2262 2150 2315 sic
2190 2270 2243 2316 et
2274 2262 2397 2331 equi
2426 2264 2557 2329 mei;
2586 2283 2605 2315 ι
2642 2279 2705 2317 ac
2729 2264 2800 2327 ei,
2833 2265 2920 2333 qui
2947 2266 3014 2319 ab
3052 2266 3166 2333 ipso
3194 2267 3346 2335 geni-

1786 2360 1868 2405 tus
1906 2367 2008 2405 non
2042 2353 2234 2419 fuerat,
2269 2353 2526 2422 (aqualem
2562 2355 2776 2425 pr0prio
2803 2355 2855 2408 in
2896 2370 3060 2424 regno
3086 2356 3343 2410 honorem

1783 2441 2058 2497 afferebat.
2123 2444 2388 2499 Similiter
2448 2461 2575 2500 vero
2631 2448 2796 2500 etiam
2858 2447 3141 2517 discipulis
3188 2457 3346 2503 erant

1784 2546 2001 2605 pr0pter
2042 2533 2317 2590 Christum
2374 2537 2552 2591 omnia
2607 2537 2936 2603 communia,
2984 2548 3041 2592 ut
3083 2546 3345 2592 testantur

1786 2625 2081 2696 Scriptura:
2110 2626 2247 2697 (22),
2294 2638 2349 2682 et
2390 2628 2637 2683 indivisa.
2679 2628 3104 2698 lmpudeutiores
3158 2628 3343 2699 itaque

1784 2718 2001 2773 diabolo
2042 2729 2171 2774 sunt
2222 2720 2481 2785 hazreticl,
2514 2720 3340 2791 majoremqueinverecundiam

1783 2810 1973 2864 horum
2018 2812 2157 2865 dicta
2196 2825 2304 2878 prae
2329 2826 2387 2864 se
2415 2812 2624 2865 ferunt.
2656 2810 2794 2864 Nam
2835 2810 2926 2865 ille
2954 2810 3048 2865 Dei
3096 2810 3345 2866 inimicus

1782 2916 1903 2955 eum
1940 2901 2401 2965 lucarnationem,
2436 2915 2560 2970 qua:
2593 2917 2697 2955 non
2737 2901 2883 2971 prius
2923 2902 3147 2974 angelis,
3184 2916 3343 2971 quam

1785 2991 1940 3046 nobis
1988 2999 2110 3045 uota
2152 2990 2292 3043 facta
2325 3000 2430 3054 est,
2482 2991 2717 3046 nondum
2767 3003 3092 3060 compertam
3125 2992 3346 3045 haberet

150 3088 569 3157 ηπολυποίκιλος
613 3089 706 3141 τοῦ
756 3087 889 3141 Θεοῦ
945 3085 1161 3156 σοφία),
1221 3104 1240 3137 ›
1290 3086 1382 3138 καὶ
1414 3084 1499 3137 διὰ
1527 3085 1682 3137 τοῦτο

1789 3082 1926 3150 (nam
1947 3097 2066 3135 cum
2093 3081 2270 3150 aliqua
2295 3080 2559 3149 jactantia
2587 3083 2707 3136 dico
2733 3084 3054 3146 «nondum,»
3084 3084 3341 3152 quoniam

150 3180 393 3249 πειράζειν
416 3179 655 3252 τολμῶν,
679 3183 744 3251 τῇ
769 3178 987 3249 ἐξουσίᾳ
1016 3177 1386 3248 κατελίμπανε
1430 3174 1524 3228 τοῦ
1569 3179 1685 3230 Σω-

150 3270 315 3341 τῆρος,
344 3270 541 3325 εἰπών·
577 3290 596 3323 ι
636 3272 700 3324 Et
739 3271 865 3334 Υἱὸς
910 3267 961 3324 εῐ
983 3269 1077 3323 τοῦ
1108 3269 1269 3333 Θεοῦ,
1301 3269 1427 3339 βάλε
1464 3269 1686 3324 σεαυτὸν

151 3361 292 3414 κάτω.
327 3384 343 3415 ι
370 3358 525 3418 Οὗτοι
552 3362 631 3427 δέ,
660 3362 722 3416 τὸ
750 3363 851 3432 τῆς
885 3361 1035 3425 θείας
1064 3363 1157 3415 καὶ
1189 3361 1469 3433 ἀφράστου
1497 3362 1688 3433 γεννή-

154 3467 280 3517 σεως,
302 3455 416 3508 ὅσον
445 3456 505 3508 τὸ
534 3455 623 3508 ἐπ’
654 3454 858 3520 αὐτοῖς,
889 3452 1256 3524 παραλύοντες
1294 3452 1529 3523 ἀξίωμα,
1560 3453 1686 3525 τρό-

152 3560 233 3596 πον
254 3545 363 3599 τινὰ
386 3546 473 3599 τὸν
503 3544 724 3599 αἰώνιον
750 3544 1140 3615 ἐκμοχλεύουσι
1166 3544 1371 3616 θρόνον,
1405 3544 1497 3597 καὶ
1523 3543 1688 3615 διορί-

152 3630 304 3696 ζοντες
324 3634 617 3702 φάσκουσιν
640 3649 654 3663 ’
696 3633 1055 3703 Ἀπιστοῦμέν
1084 3650 1164 3687 σοι
1196 3633 1402 3702 λέγοντι
1425 3650 1438 3664 ·
1480 3652 1499 3685 ι
1546 3633 1686 3703 Ἐγὼ

152 3724 230 3776 καὶ
254 3727 279 3777 6
301 3726 478 3797 Πατὴρ
506 3726 569 3779 ἓν
594 3727 786 3797 ἐσμεν·
822 3744 841 3779 ι
878 3726 988 3787 καί,
1015 3744 1032 3776 ι
1054 3726 1257 3789 Πάντα,
1276 3726 1377 3778 ὅσα
1402 3725 1512 3795 ἔχει
1532 3726 1686 3779 ὁΠα-

152 3812 254 3883 τὴρ,
290 3816 392 3885 ἐμά
421 3819 590 3870 ἐστιν.
642 3835 662 3869 ι
720 3814 1079 3887 Ἀπιστοῦμεν
1121 3816 1177 3868 δὲ
1201 3816 1349 3869 ούδέν
1383 3811 1545 3888 ἦττον
1586 3815 1682 3868 καὶ

151 3904 215 3973 τῷ
239 3905 341 3977 Θεῷ
375 3908 466 3962 καὶ
504 3909 684 3979 Πατρ).
721 3908 1015 3977 φάσκοντισ
1053 3925 1072 3960 ι
1106 3900 1277 3971 Οῦτός
1315 3910 1461 3962 ἐστιν
1503 3910 1530 3961 6
1560 3907 1687 3970 Υἱός

156 4012 238 4062 μου
281 4000 305 4049 ό
331 3998 629 4071 ἀγαπητὸς,
678 4001 735 4053 ἐν
777 3993 821 4067 ᾧ
859 4000 1147 4071 εὐδόκησα.
1191 4019 1210 4053 ι
1248 3998 1355 4053 Τοῦ
1407 3997 1684 4068 βασιλικοῦ

154 4087 384 4158 κατάϐηθι
405 4089 617 4161 θρόνου.
644 4092 720 4143 Δι’
742 4090 778 4145 ἃ
816 4091 965 4163 παρὰ
997 4090 1073 4161 τῷ
1103 4092 1287 4161 Λουκᾷ
1316 4091 1374 4141 ἐν
1404 4089 1683 4161 παραϐολῇ

155 4181 325 4245 φρικτὰ
354 4182 708 4251 ἀποφαίνεται
737 4183 865 4253 περὶ
892 4182 1091 4236 αὐτῶν.
1114 4182 1275 4250 Λέγει
1306 4181 1413 4252 γὰρ
1447 4184 1557 4244 τοῖς
1587 4182 1687 4249 ἀγ-

155 4266 331 4334 γέλοις·
366 4288 385 4323 ‹
425 4272 565 4337 Τοὺς
600 4271 822 4345 ἐχθρούς
859 4290 960 4344 μου
990 4272 1211 4337 τούτους
1260 4273 1384 4336 τοὺς
1412 4270 1487 4343 μὴ
1528 4270 1687 4341 θελή-

216 4558 609 4633 (15)”01ινὶιιιιε.
648 4564 812 4620 Hebr.
838 4580 958 4623 χιιι,
993 4563 1048 4620 8.

1784 3185 1879 3240 per
1922 3186 2020 3226 nos
2069 3187 2285 3241 quoque
2340 3187 2402 3226 ea
2449 3172 2653 3242 angelis
2694 3172 2946 3238 innotuit,
2976 3173 3019 3227 si
3074 3173 3204 3227 fides
3249 3173 3346 3226 ha-

1784 3260 1958 3315 benda
1996 3270 2080 3316 est
2125 3260 2291 3316 Paulo
2339 3260 2622 3315 manifeste
2666 3259 2827 3329 393
2887 3259 3142 3329 iuquienti
3176 3276 3190 3312 :
3223 3279 3240 3311 ι
3277 3259 3345 3314 Ut

1784 3352 2085 3407 innotescat
2149 3353 2259 3423 (25)
2326 3367 2467 3408 nunc
2508 3352 2915 3422 principatibus,
2958 3364 3012 3406 et
3052 3353 3341 3420 potestati~

1782 3445 1883 3500 bus
1911 3444 2025 3516 (24)
2055 3461 2149 3513 per
2177 3444 2473 3500 Ecclesiam
2506 3444 2851 3499 multiformis
2873 3442 2966 3499 Dei
3000 3440 3341 3515 sapientiai),

1782 3544 1941 3605 atque
2016 3536 2119 3589 hac
2183 3536 2251 3590 de
2302 3550 2466 3590 causa
2525 3534 2860 3588 Salvatorem
2919 3540 3127 3588 tentare
3178 3548 3343 3590 ausus

1784 3635 1951 3691 esset,
2004 3626 2176 3681 libero
2227 3622 2472 3694 ejusdem
2505 3623 2731 3678 arbitrio
2769 3622 3011 3692 permisit
3056 3632 3111 3675 ut
3142 3622 3345 3678 faceret

1782 3716 1926 3786 quod
1973 3716 2152 3782 vellet,
2210 3716 2434 3771 dicens:
2472 3732 2491 3765 ι
2514 3713 2570 3769 Si
2604 3713 2773 3768 Filius
2804 3713 2913 3786 (25)
2951 3712 3042 3767 Dei
3075 3727 3153 3779 es,
3190 3716 3343 3769 mitte

1785 3818 1838 3863 te
1886 3809 2162 3863 deorsum.
2191 3826 2210 3860 ι
2246 3809 2315 3862 At
2342 3824 2471 3864 vero
2515 3808 2570 3864 hi
2603 3806 2797 3862 divinae
2852 3814 2907 3861 et
2941 3803 3221 3860 ineﬂ'abilis
3250 3819 3345 3875 ge-

1784 3899 2086 3955 nerationis
2135 3900 2472 3969 dignitatem,
2520 3907 2779 3970 quantum
2823 3896 2873 3951 in
2901 3896 3031 3967 ipsis
3059 3905 3160 3962 est,
3189 3911 3345 3952 ever-

1784 4000 1981 4056 tentes,
2045 3991 2430 4059 sempiternum
2474 3990 2724 4044 thronum
2756 3987 3148 4056 quodammodo
3176 4002 3343 4041 excu-

1784 4085 1944 4148 tiunt,
1981 4093 2143 4151 atque
2175 4083 2246 4136 ita
2278 4090 2539 4145 Statuunt,
2588 4089 2641 4135 et
2685 4080 2973 4149 inquiunt:
3008 4077 3124 4132 Non
3167 4080 3344 4134 credi-

1787 4191 1908 4230 mus
1958 4175 2074 4239 tibi,
2100 4190 2222 4228 cum
2246 4173 2383 4227 dicis
2412 4190 2427 4225 :
2458 4191 2477 4224 ι
2503 4172 2613 4242 Ego
2643 4169 2753 4242 (26)
2782 4178 2834 4224 et
2867 4170 3024 4224 Pater
3050 4186 3216 4223 unum
3252 4186 3344 4225 su-

1786 4283 1943 4333 mus;
1964 4276 2017 4321 et
2040 4286 2053 4322 :
2091 4284 2110 4318 ι
2129 4264 2320 4321 Omnia
2342 4264 2452 4337 (27)
2472 4278 2809 4336 quaecunque
2835 4261 2997 4317 habet
3022 4259 3199 4329 Pater,
3224 4277 3343 4317 mea

1711 4567 1760 4626 ι)
1790 4558 2011 4630 Ὀμοιός
2040 4575 2151 4628 μοι,
2184 4556 2503 4630 ὅμοιός-’σοι’
2531 4554 2604 4618 ὼς
2626 4556 2654 4608 6
2678 4554 2805 4630 λαός
2834 4552 3031 4630 μουενό
3068 4550 3195 4630 λαός
3226 4568 3339 4630 σου·

217 4620 309 4705 (ιιί
348 4633 409 4689 Ut
452 4620 511 4690 at
548 4638 772 4688 nomine.
827 4620 1054 4705 Philipp.
1096 4648 1167 4698 ιι,
1215 4630 1280 4685 ιο
1325 4638 1380 4685 et
1411 4629 1499 4684 ιι.
1549 4627 1682 4685 Vide

1789 4620 1932 4693 ὡςόί
1963 4620 2116 4680 ἵπποι
2139 4620 2268 4697 ἐμοῦ,
2294 4628 2344 4679 οἱ
2368 4626 2523 4677 ἵπποι
2540 4640 2666 4705 σου,
2697 4626 2745 4674 id
2773 4620 2876 4685 est,
2909 4640 2926 4671 ι
2954 4620 3156 4705 Similis
3187 4623 3340 4684 mihi,

158 4712 250 4755 net.
281 4704 336 4759 15
366 4721 479 4759 nae.
506 4705 598 4759 29.

217 4722 685 4843 iis'i’cpgfiuﬁim
738 4783 845 4826 etc.
899 4771 1091 4843 Graeca
1145 4771 1451 4843 ed_itio,_et
1493 4767 1685 4843 Latina

162 4837 407 4897 translatio
429 4837 499 4898 ι’(
525 4844 878 4905 Conﬁtentur,
914 4843 1035 4909 quia
1068 4840 1326 4895 Dominus
1354 4837 1689 4908 Jesusﬂhri-

161 4916 256 4959 stus
278 4912 324 4963 in
358 4914 522 4967 aloria
547 4922 630 4967 est
663 4913 753 4966 Dei
785 4910 981 4965 Patris.
1016 4929 1034 4961 ι

219 4929 256 4959 IS
279 4929 324 4963 In
394 4929 522 4966 toria
547 4929 630 4967 eet
664 4929 753 4966 υθι
785 4929 981 4965 ratus.

219 4978 318 5052 (lii)
352 4929 416 5052 in
451 4983 582 5052 ipso.
620 4981 823 5036 Coloss.
857 4996 915 5045 ιι,
948 4981 1001 5052 9.

218 5048 314 5119 (17)
368 5050 431 5104 In
469 5047 599 5116 'ipso
650 5052 921 5103 mundum.
963 5048 1004 5102 ll
1068 5049 1194 5104 Cur.
1232 5066 1284 5112 ν,
1350 5048 1435 5103 l9.
1493 5047 1682 5103 Grmca

163 5117 333 5192 editio:
376 5120 431 5173 ἐν
460 5120 698 5192 Χριστῷ,
734 5122 785 5174 id
818 5130 901 5174 est
936 5138 954 5171 ι
1004 5121 1054 5173 in
1098 5119 1311 5174 Christo
1346 5134 1360 5169 :
1401 5137 1420 5170 ι
1454 5134 1590 5189 ριύι
1627 5119 1680 5170 in

163 5197 277 5251 ipso.
306 5207 323 5240 ο

221 5254 316 5329 (l8)
344 5259 405 5312 In
429 5261 539 5327 ipso
567 5259 895 5329 complacuit.
937 5258 1138 5312 Coloss.
1171 5275 1207 5323 ι,
1246 5258 1331 5324 19,
1364 5258 1455 5312 20.

222 5327 319 5396 (19)
372 5330 612 5398 Apparet,
662 5327 766 5384 etc.
806 5330 1023 5395 Codex,
1078 5328 1452 5450 αίρεσιοζάχοι
1509 5327 1686 5407 διεσάς

222 5410 333 5450 λσαν.
366 5399 490 5450 Ouae
527 5399 683 5450 lectio
717 5399 929 5450 videtur
969 5402 1242 5450 mendosa.
1312 5400 1395 5450 ’ρο
1436 5399 1513 5450 sic
1545 5408 1681 5450 vertt

165 5406 333 5467 φησαν.
366 5399 490 5464 Quae
527 5399 683 5454 lectio
717 5399 929 5453 videtur
969 5402 1242 5452 mendosa.
1289 5399 1395 5467 Ego
1436 5399 1513 5450 sic
1545 5399 1681 5450 verti

163 5466 291 5585 sinas;
340 5467 391 5519 in
415 5466 596 5524 Graeco
642 5472 950 5539 legeretur:
996 5466 1412 5541 αἱρεσιομάχους
1460 5467 1682 5531 ἑαυτοὺς

191 5546 258 5582 ιεσ
294 5551 478 5585 (θησαν-

191 5546 359 5605 tegam,
368 5554 478 5591 σαν.

224 5600 322 5673 (20)
350 5600 668 5663 Ἀειιααὺιιηι.
708 5608 825 5665 Non
850 5607 1089 5673 Achaho,
1115 5611 1206 5663 sed
1233 5607 1451 5662 .loramo
1476 5605 1682 5661 Achabi

166 5663 350 5748 ﬁlioea
369 5676 506 5748 dixit
528 5663 799 5748 Josapliat,
832 5693 951 5748 quae
990 5663 1089 5732 hic'
1114 5680 1365 5732 citantur.

228 5738 325 5812 (21)
360 5743 499 5801 Sicut
528 5760 601 5804 tu.
628 5738 746 5805 Lib.
778 5738 1008 5818 lV'Reg.
1038 5763 1119 5815 ιιι,
1150 5750 1202 5802 7.
1238 5748 1407 5803 Biblia
1438 5746 1638 5802 habent
1668 5762 1679 5799 :

1786 4690 1975 4753 similis
2020 4690 2160 4763 tihii
2222 4699 2360 4749 sicut
2397 4694 2620 4762 populus
2658 4707 2844 4757 meus,
2897 4690 3123 4759 pOpulus
3175 4701 3339 4757 tuus;

1784 4769 1925 4823 sicut
1964 4767 2083 4833 equi
2123 4767 2224 4819 mei
2257 4804 2272 4826 ,
2307 4766 2428 4832 equi
2460 4764 2555 4817 tui.
2596 4781 2614 4814 ι

1856 4836 1967 4905 (22)
1988 4831 2310 4905 ᾼδενίριιιναε.
2348 4831 2465 4905 Aet.
2487 4847 2569 4905 Διν,
2604 4831 2693 4885 52.

1855 4898 1965 4974 (25)
1982 4903 2046 4957 Ut
2075 4898 2379 4974 ἰγιηοιεεεαι.
2408 4902 2599 4974 Ephes.
2634 4916 2713 4962 ιιι,
2744 4898 2832 4953 10.
2861 4898 3097 4974 Joannes
3125 4910 3338 4963 quoque

1784 4968 2200 5057 Cli‘rys'ostomus
2232 4973 2301 5057 lin
2348 4968 2592 5057 oratione
2641 4981 2819 5057 contra
2858 4968 3343 5057 [ξῃοηιιξοσῙ--ιιιειιιιο

1784 5035 1983 5099 ChriSti
2019 5042 2121 5098 587
2158 5043 2359 5103 habita,
2388 5041 2547 5092 allato
2578 5042 2743 5092 hocce
2769 5038 2917 5090 Pauli
2954 5036 3089 5096 loco,
3121 5035 3344 5100 subjuna

1782 5117 1854 5187 git
1880 5125 2005 5187 tom.
2030 5115 2217 5187 I,_pag.
2247 5112 2351 5164 474
2377 5107 2735 5187 ξΜεθξςίγμῶν
2765 5109 2855 5187 καὶ
2874 5106 2947 5187 δι’
2971 5105 3125 5187 ἡμῶν
3156 5104 3345 5187 aiva

1780 5173 2311 5253 Ᾰυνάμειςέγνῖοσαν
2339 5180 2408 5233 τὰ
2437 5173 2722 5250 ἀπόρρητα
2748 5178 2839 5230 τοῦ
2872 5173 3150 5253 βασιλέως,
3184 5176 3232 5227 id
3266 5183 3344 5226 est

1787 5272 1807 5304 ι
1841 5254 2139 5315 nobiscum,
2191 5261 2246 5305 et
2293 5267 2389 5319 per
2436 5263 2532 5303 nos
2573 5264 2816 5316 superna:
2867 5252 3091 5299 virtutes
3136 5254 3341 5298 secreta

1783 5322 2403 5396 Regiscqguoveruut.)
2537 5387 2570 5396 Α
2814 5387 2845 5396 η
2878 5386 2890 5396 _
2967 5384 2981 5396 _
3006 5384 3018 5396 ο
3137 5385 3151 5396 ‘
3174 5384 3205 5396 η

1858 5384 1972 5461 (24)
2014 5384 2080 5443 Et
2121 5390 2479 5461 potestatibus.
2532 5387 2727 5461 Graeca
2764 5386 2927 5461 editio
2967 5384 3054 5439 hic
3087 5384 3252 5446 addit,
3285 5384 3346 5461 ἐν

1787 5454 1900 5527 τοῖς
1931 5454 2290 5532 ἐπουρανίοις,
2315 5461 2364 5511 id
2388 5468 2468 5512 est
2504 5478 2524 5532 ι
2552 5462 2601 5532 in
2633 5459 2937 5532 «*mlestiluts
2961 5474 2973 5508 :
2993 5473 3015 5508 ι
3043 5470 3161 5525 qua:
3187 5454 3345 5507 verba

1788 5548 1857 5588 ne
1895 5528 2146 5602 Didymus
2176 5532 2392 5602 quidem
2421 5530 2602 5602 omisit
2635 5544 2802 5602 segni.
2832 5528 2899 5582 90
2921 5541 2973 5580 a.

1882 5603 1972 5669 25)
1993 5598 2076 5653 ’δὶ
2111 5600 2301 5652 Filius.
2339 5599 2523 5669 Matth.
2564 5613 2639 5661 tv,
2670 5598 2725 5652 6.

1884 5666 1973 5740 26)
2012 5675 2144 5740 Ego.
2174 5669 2329 5740 Joa_n.
2365 5685 2419 5735 ι,
2460 5666 2545 5720 50.

1863 5734 1975 5814 (27)
2016 5734 2229 5795 Οῐιιηὶα.
2256 5737 2410 5794 Joau.
2444 5751 2558 5803 xvr,
2592 5734 2676 5789 15.
