3758 6304
421 385 525 443 899

1654 362 1887 420 DlDYMl
1923 353 2384 414 ALEXANDRINI

3531 352 3631 406 900

422 503 566 551 sunt.
600 512 619 545 3
664 489 844 561 Neque
892 502 1021 543 vero
1061 486 1316 555 majorem
1364 482 1519 535 ﬁdem
1558 478 1816 533 habemus
1860 474 1971 526 Deo

2100 470 2284 533 παντάς
2317 485 2382 538 με
2416 465 2724 537 βασιλεῦσαι
2751 467 2838 517 ἐπ’
2864 464 3079 529 αὐτοὺς,
3122 464 3358 532 ἀγάγετε
3390 456 3509 516 ὦδε.
3547 464 3631 513 ut

422 596 476 639 et
500 584 645 639 Patri
676 582 875 637 dicenti
906 598 921 635 :
957 598 975 631 ι
1002 578 1097 632 [lic
1124 588 1206 632 est
1231 573 1534 647 (‘28)‘Filius
1559 584 1709 624 meus
1730 567 1979 624 dilectus,

2088 558 2464 628 κατασφάξατε
2499 556 2803 627 ἔμπροσθέν
2830 573 2951 626 μου.
2998 574 3017 605 3

426 678 480 732 in
514 694 623 747 quo
670 679 807 733 bene
850 674 1166 745 complacui.
1199 690 1217 722 3
1274 670 1457 737 Itaque
1495 682 1558 720 ex
1610 666 1754 733 regio
1780 663 1979 713 throno
2016 655 2300 709 descende.
2349 654 2489 707 llinc
2533 654 2611 719 lit,
2658 662 2716 706 ut
2757 651 3018 705 terribilia
3078 650 3145 703 de
3206 649 3338 717 ipsis
3368 652 3501 715 apud
3528 646 3631 699 Lu-

425 784 545 823 cam
598 770 652 822 in
732 766 987 837 parabola
1068 760 1551 832 pronuntiaverit;
1622 756 1698 808 ait
1743 753 1885 807 enim
1938 747 2142 815 angelis
2188 764 2201 800 :

2262 766 2279 796 ι
2318 746 2423 799 llos
2478 760 2625 799 meos
2679 744 2791 814 (‘29)
2838 743 3127 808 inimicos,
3201 741 3293 811 qui
3359 741 3632 794 noluerunt

427 876 514 919 me
564 872 793 930 regnare
840 870 1003 927 super
1054 855 1221 923 ipsos,
1269 850 1446 903 ducite
1496 849 1622 911 huc,
1660 853 1714 899 et
1745 848 1977 897 mactate
2012 850 2195 891 coram
2226 853 2332 891 me.
2359 856 2377 887 3

1038 943 1191 998 CAP.
1234 942 1377 996 XXI.

500 1040 635 1095 Cum
684 1053 745 1092 ea
799 1051 918 1105 qua:
966 1035 1032 1088 ad
1083 1032 1445 1103 designandas
1496 1031 1759 1084 humanas
1785 1024 1984 1081 Christi

427 1132 735 1187 aﬂ‘ectiones
763 1130 906 1183 dicta
938 1134 1062 1182 sunt
1091 1127 1143 1180 in
1175 1126 1479 1193 Scriptura,
1512 1123 1621 1177 Deo
1646 1119 1843 1182 Verbo,
1880 1133 1984 1171 non

430 1240 566 1280 vero
616 1222 954 1287 oeconomiae,
1007 1220 1058 1273 id
1113 1226 1193 1272 est
1245 1214 1627 1278 lncarnationi,
1672 1208 1983 1280 applicanda

433 1330 555 1371 esse
582 1312 694 1384 (50)
729 1312 895 1367 velint
943 1309 1203 1373 haeretici,
1245 1308 1415 1371 aiunt,
1464 1321 1584 1360 eum
1628 1304 1826 1356 factum
1867 1313 1986 1352 esse

425 1420 646 1462 carnem
676 1403 1031 1457 inanimatam
1063 1417 1076 1453 :
1111 1408 1165 1454 et
1195 1398 1349 1469 quasi
1384 1394 1698 1467 pcenitentia
1732 1407 1839 1462 prae
1866 1404 1987 1458 ago-

426 1499 516 1553 nia
544 1497 739 1549 ductus
787 1493 898 1566 (5|)
951 1492 1109 1546 fuerit
1134 1493 1200 1555 is,
1231 1491 1319 1558 qui
1348 1501 1431 1542 est
1460 1501 1687 1556 magnus
1720 1486 1857 1537 Deus
1884 1482 1987 1532 im-

425 1588 721 1651 mutabilis,
752 1594 810 1641 et
836 1588 1204 1653 incorruptus,
1238 1588 1329 1633 aut
1356 1581 1511 1649 quasi
1544 1595 1605 1631 ex
1642 1574 1983 1637 necessitate,

426 1695 533 1735 non
566 1694 695 1734 vero
731 1675 1051 1738 voluntarie,
1103 1683 1157 1728 et
1198 1673 1426 1726 libenter
1467 1670 1674 1740 agonite
1720 1664 1987 1720 obnoxius

427 1768 615 1833 fuerit,
664 1777 755 1823 aut
780 1766 936 1837 quasi
983 1764 1147 1818 etiam
1203 1763 1426 1817 omnino
1476 1776 1583 1813 non
1639 1756 1891 1827 potuerit,
1946 1754 1992 1807 si

443 1860 728 1924 voluisset,
787 1873 850 1913 ea
895 1859 1117 1920 evitare,
1174 1870 1293 1924 qua:
1340 1854 1393 1907 in
1437 1865 1594 1906 cruce
1649 1864 1836 1915 passus
1890 1857 1990 1912 est,

432 1960 845 2008 contemnentes
899 1964 1041 2011 eam,
1071 1962 1192 2016 qua:
1229 1946 1376 1999 nullo
1409 1943 1568 1997 modo
1604 1940 1993 1995 contemnenda

430 2052 538 2107 est,
606 2041 883 2104 deitatem,
930 2038 1104 2092 eidem
1148 2037 1473 2104 exprobrant
1508 2044 1561 2087 et
1591 2032 1739 2095 illud,
1770 2031 1911 2099 quod
1941 2029 1991 2081 in

429 2132 681 2188 Matthan
735 2131 977 2200 legitur:
1024 2127 1231 2181 «Pater
1288 2123 1424 2195 (52),
1476 2123 1521 2177 si
1583 2121 1837 2191 possibile
1889 2127 1994 2181 est,

434 2235 672 2281 transeat
716 2223 857 2277 calix
911 2220 1015 2275 iste
1042 2237 1057 2285 ;
1083 2237 1103 2267 3
1139 2227 1194 2273 et
1237 2217 1364 2270 illud
1397 2233 1410 2269 :
1450 2234 1467 2267 ι
1500 2215 1655 2267 Salva
1683 2212 1792 2281 (55)
1824 2225 1908 2265 me
1930 2225 1997 2263 ex

431 2318 534 2372 hac
586 2316 760 2380 hora;
795 2332 813 2364 3
850 2323 904 2367 et
958 2311 1109 2371 illud,
1168 2309 1311 2377 quod
1336 2308 1388 2361 in
1423 2321 1584 2361 cruce
1617 2304 1817 2358 dictum
1853 2302 1992 2356 fuit:

436 2420 457 2454 ι
484 2401 626 2455 Deus
672 2416 848 2463 meus,
903 2400 1044 2453 Deus
1094 2396 1204 2467 (54)
1252 2411 1421 2459 meus,
1465 2409 1632 2465 quare
1666 2390 1995 2460 dereliquisti

434 2492 590 2546 me?3
626 2500 679 2544 et
715 2489 845 2543 illud
875 2508 888 2542 :
921 2507 939 2539 ι
962 2486 1154 2541 Tristis
1180 2486 1291 2555 (55)
1330 2494 1415 2539 est
1457 2484 1630 2537 anima
1673 2497 1787 2535 mea
1828 2495 1998 2549 usque

432 2583 496 2635 ad
567 2590 832 2643 mortem;
866 2596 884 2628 3
953 2588 1006 2631 et
1062 2578 1206 2645 quod
1263 2574 1596 2645 lacrymatus
1655 2572 1765 2643 (56)
1827 2571 1991 2626 fuerit

432 2684 653 2742 prapter
679 2669 844 2741 394
901 2668 1199 2731 Lazarum;
1243 2675 1298 2719 et
1339 2665 1482 2734 quod
1533 2664 1695 2718 veluti
1739 2663 1999 2732 defatiga-

434 2775 523 2818 tus
562 2762 676 2833 (57)
726 2778 789 2815 ex
840 2760 1034 2813 itinere
1077 2756 1419 2825 requieverit,
1466 2765 1517 2809 et
1567 2755 1704 2825 quod
1744 2754 1997 2818 oraverit,

433 2865 488 2908 et
520 2855 697 2907 cibum
727 2839 1068 2921 appetiverit,
1108 2857 1163 2902 et
1186 2846 1361 2910 sitim,
1396 2856 1453 2899 et
1486 2860 1732 2900 somnum
1770 2846 1821 2900 in
1857 2845 2003 2899 navi-

435 2945 555 3000 cula
621 2958 808 3012 passus
866 2942 938 2997 sit
980 2939 1171 3009 (apage
1239 2936 1659 3005 inﬁdelitatem);
1719 2947 1774 2991 et
1831 2937 1998 2991 illud:

441 3055 460 3089 ι
487 3035 748 3103 Apparuit
774 3033 886 3104 (58)
918 3032 1138 3102 angelus
1174 3030 1382 3085 Domini
1422 3031 1780 3084 corroborans
1810 3044 1986 3093 eum;3
2023 3061 2065 3119 ε

437 3137 491 3183 et
518 3128 621 3181 alia
656 3128 739 3181 his
763 3126 960 3179 aliinia.
998 3124 1103 3179 Sed
1136 3122 1401 3177 haereticis
1444 3122 1574 3192 ipsis
1612 3122 1848 3175 vicissim
1893 3121 1990 3173 ad-

438 3227 726 3274 versantur
781 3231 844 3270 ac
885 3222 1186 3285 repugnant
1223 3212 1538 3282 Scripturae,
1578 3226 1696 3279 quae
1729 3220 1993 3265 testantur

437 3326 561 3366 eum
612 3309 907 3363 secundum
967 3306 1222 3361 deitatem
1275 3319 1396 3359 esse
1449 3303 1707 3371 aequalem
1771 3303 1912 3368 Deo;
1943 3311 1997 3356 et

437 3402 785 3469 semetipsum
813 3397 1175 3453 exiuanivisse
1198 3396 1425 3449 tormam
1462 3394 1599 3449 servi
1642 3394 1955 3461 accipiendo
1977 3431 1994 3457 ,

440 3505 496 3548 et
524 3508 585 3547 ea
616 3492 819 3557 omnia,
854 3504 973 3559 quae
1004 3498 1160 3541 antea
1192 3487 1331 3541 dicta
1362 3495 1507 3540 sunt.
1536 3484 1675 3550 Quin
1710 3486 1869 3538 etiam
1897 3485 1998 3539 hoc

438 3582 615 3651 ipsum
667 3582 746 3635 eis
796 3583 1136 3641 adversatur,
1177 3576 1319 3646 quod
1359 3592 1484 3631 cum
1546 3575 1737 3628 ﬁducia
1773 3574 1995 3639 dixerit,

441 3690 462 3723 ι
483 3669 661 3734 Pater,
677 3686 695 3719 3
724 3668 931 3737 etquod
957 3668 1073 3737 ipse
1098 3667 1299 3732 omnia,
1316 3681 1436 3735 qua:
1458 3666 1690 3718 animata
1709 3675 1853 3728 sunt,
1884 3666 2001 3719 ani-

438 3760 685 3822 maverit,
718 3766 773 3811 et
798 3758 940 3826 quod
974 3771 1250 3824 nunquam
1283 3755 1439 3825 quasi
1473 3755 1716 3809 minister
1745 3755 1821 3807 sic
1852 3756 1998 3808 locu-

440 3862 526 3907 tus
553 3853 622 3905 sit
654 3869 669 3905 :
709 3868 727 3901 ι
751 3850 806 3904 ln
836 3849 1055 3904 nomine
1094 3849 1212 3912 Dei,
1246 3866 1264 3899 3
1307 3859 1399 3901 aut
1436 3847 1658 3902 «Patris
1705 3847 1808 3901 mei
1860 3849 1951 3900 ﬁat
1976 3866 1994 3899 3

438 3958 602 3996 unum
644 3956 710 3995 ex
753 3941 819 3993 iis
857 3938 1155 4005 miraculis,
1191 3953 1309 4006 quae
1346 3936 1510 4002 fecit;
1547 3939 1992 4007 quemadmodum

434 4034 685 4103 discipuli
716 4032 836 4101 ejus
869 4030 995 4094 illis,
1025 4045 1253 4099 quorum
1303 4029 1478 4084 morbi
1514 4039 1702 4083 cnratu
1737 4028 1998 4093 difﬁciles,

435 4139 732 4195 quorumve
779 4137 1005 4191 corpora
1049 4123 1261 4176 inﬁrma
1304 4132 1479 4184 erant,
1520 4136 1582 4174 ac
1631 4122 1864 4189 putrida,
1918 4121 2000 4174 dl-

435 4219 648 4280 cebant,
683 4215 779 4268 «ιη
813 4215 1029 4268 nomine
1060 4213 1168 4282 (59)
1193 4212 1316 4267 Jesu
1350 4213 1550 4268 Christi
1587 4228 1765 4284 surge,
1791 4232 1809 4264 3
1844 4221 2001 4281 atque

435 4308 487 4361 in
542 4306 905 4375 omnipotenti
943 4305 1046 4357 isto
1119 4314 1171 4358 et
1227 4304 1430 4374 inclyto
1471 4304 1686 4359 nomine
1725 4319 1786 4357 ea
1836 4303 2001 4357 facie-

435 4400 586 4463 bant,
626 4412 747 4466 qua:
769 4411 961 4450 omnes
991 4396 1150 4450 simul
1181 4406 1450 4451 creatura:
1506 4396 1683 4450 facere
1728 4412 1831 4450 non
1862 4404 2008 4464 pote-

436 4501 599 4557 rant;
629 4491 737 4543 ‘sed
787 4488 1003 4558 propria
1055 4498 1321 4556 potestate
1371 4489 1600 4544 virtutes
1653 4488 1995 4558 operabatur,

2699 929 2856 981 ΚΕΦ.
2897 929 3027 983 KA'.

2152 1022 2493 1093 Προσάπτειν
2524 1019 2623 1072 πού
2660 1038 2741 1072 τοι
2769 1020 2845 1089 τῷ
2879 1020 2996 1090 Θεῷ
3019 1020 3196 1087 Λόγῳ,
3229 1019 3322 1072 καὶ
3362 1036 3425 1070 ου
3460 1023 3523 1089 τῇ
3560 1023 3630 1072 οἰ-

2082 1115 2343 1185 κονομία,
2394 1115 2462 1165 τὰ
2513 1112 2953 1184 ἀνθρωποπαθῶς
3001 1112 3260 1181 λεχθέντα
3315 1112 3632 1181 βουλόμενοι,

2084 1207 2260 1275 σάρκα
2333 1205 2536 1274 ἄψυχον
2595 1204 2916 1273 γεγενῆσθαι
2986 1205 3145 1257 αὑτὸν
3207 1204 3489 1273 λέγουσιν⁸
3551 1209 3633 1257 καὶ

2081 1298 2281 1351 ὡσανεὶ
2315 1298 2404 1351 ὑπ’
2445 1296 2683 1364 ἀγωνίας
2714 1295 3132 1366 μεταμελομένῳ
3157 1296 3235 1367 τῷ
3275 1297 3527 1367 ἀτρέπτῳ
3552 1300 3634 1349 καὶ

2082 1391 2342 1462 ἀκηράτῳ
2382 1390 2599 1460 μεγάλῳ
2640 1388 2792 1458 Θεῷ,
2827 1388 2858 1457 ἢ
2904 1388 2979 1450 ὼς
3022 1388 3077 1453 ἐξ
3108 1388 3385 1458 ἀνάγκης,
3432 1390 3523 1441 καὶ
3550 1390 3633 1457 οὐχ

2082 1482 2259 1535 ἑκοντὶ
2303 1481 2397 1534 καὶ
2440 1480 2708 1550 ἀσμένως,
2778 1479 2871 1531 ἐπὶ
2909 1478 3033 1549 [188
3070 1478 3121 1549 b]
3163 1478 3366 1550 ταύτην
3404 1479 3633 1535 ἐλθόντι,

2082 1574 2114 1644 ἢ
2162 1574 2255 1627 κα)⁹
2299 1573 2375 1636 ὡς
2432 1572 2505 1643 μὴ
2532 1572 2809 1641 δυναμένῳ
2839 1571 2934 1641 τὴν
2983 1570 3183 1641 ἀρχὴν,
3239 1572 3288 1623 εί
3334 1571 3543 1641 ἠθελεν,
3579 1571 3635 1623 τὰ

2092 1664 2218 1735 περ).
2250 1662 2341 1715 τὸν
2382 1661 2611 1731 σταυρὸν
2651 1661 2982 1729 ἀποστῆσαι·
3023 1659 3164 1711 οὕτω
3200 1659 3634 1730 περιφρονοῦντες

2092 1756 2189 1825 τῆς
2218 1754 2663 1823 ἀκαταφρονήτου
2690 1751 2960 1821 θεότητος,
2993 1748 3340 1814 ὀνειδίζουσιν
3379 1750 3521 1819 αὐτῷ
3557 1751 3635 1802 καὶ

2091 1847 2152 1899 τὸ
2192 1847 2250 1897 ἐν
2283 1844 2544 1913 Ματθαίῳ
2576 1842 2971 1913 ἐμφερόμενον·
3007 1860 3027 1893 t
3069 1842 3250 1911 Πάτερ
3272 1882 3287 1905 ,
3332 1845 3379 1895 εί
3411 1842 3633 1906 δυνατὸν,

2094 1936 2408 2007 παρελθέτω
2443 1934 2505 1987 τὸ
2549 1937 2803 2005 ποτήριον
2850 1933 3042 1987 τοῦτο·
3083 1951 3101 1984 3
3146 1934 3355 1996 καὶτὸ,
3411 1955 3430 1985 ι
3476 1933 3635 1985 Σῶσόν

2098 2048 2163 2100 με
2191 2033 2254 2083 ἐκ
2289 2030 2387 2100 τῆς
2421 2027 2568 2099 ὥρας
2601 2027 2829 2098 ταύτης·
2867 2045 2886 2078 3
2922 2028 3015 2079 καὶ
3046 2027 3104 2079 τὸ
3130 2027 3186 2079 ἐν
3218 2026 3297 2097 τῷ
3337 2026 3548 2096 σταυρῷ
3574 2028 3637 2077 εί-

2097 2122 2361 2194 ρημένον.
2401 2140 2419 2173 ί
2468 2120 2569 2173 Θεέ
2610 2137 2729 2190 μουν
2776 2119 2876 2173 Θεέ
2923 2134 3047 2190 μου,
3096 2119 3182 2172 ἵνα
3214 2120 3266 2171 τί
3305 2118 3635 2187 ἐγκατέλιπές

2099 2232 2199 2285 με;
2235 2234 2253 2265 3
2285 2214 2377 2267 καὶ
2407 2213 2487 2277 τὸ,
2536 2232 2554 2264 ι
2601 2211 2899 2283 Περίλυπός
2926 2213 3069 2263 ἐστιν
3103 2212 3135 2279 ἠ
3164 2210 3309 2280 ψυχή
3359 2228 3458 2279 μου
3498 2211 3635 2277 μέχρι

2096 2307 2323 2360 θανάτου
2345 2322 2357 2333 ·
2399 2326 2416 2358 3
2447 2305 2540 2358 καὶ
2569 2305 2628 2357 τὸ
2652 2302 2917 2373 δακρῦσαι
2945 2301 3103 2356 αὑτὸν
3142 2302 3235 2353 ἐπὶ
3264 2300 3529 2369 Λαζάρῳ·
3556 2302 3635 2351 καὶ

2097 2398 2156 2450 τὸ
2185 2398 2381 2450 ὡσανε)⁸
2406 2395 2769 2449 κεκοπιακότα
2793 2394 2853 2458 ἐξ
2891 2392 3191 2462 ὁδοιπορίας
3222 2391 3633 2445 ἀναπαύσασθαι·

2097 2488 2190 2541 καὶ
2218 2488 2279 2540 τὸ
2320 2485 2751 2557 προσεύξασθαι·
2802 2486 2894 2537 καὶ
2919 2486 3018 2554 τὴν
3058 2484 3155 2551 τῆς
3192 2483 3396 2553 τροφῆς
3432 2482 3635 2550 ἔφεσιν·

2098 2579 2190 2632 καὶ
2221 2577 2317 2648 τὴν
2341 2578 2527 2647 δίψαν·
2551 2577 2644 2630 καὶ
2671 2575 2759 2627 τὸν
2796 2575 2887 2627 ἐπὶ
2912 2574 3004 2626 τοῦ
3038 2573 3275 2641 σκάφους
3304 2571 3475 2624 ὕπνον
3496 2589 3509 2601 ·
3537 2568 3637 2637 (φεῦ

2096 2669 2195 2738 τῆς
2223 2667 2581 2730 κακοπιστίας
2605 2666 2655 2737 ί)
2686 2665 2781 2718 καὶ
2816 2666 2896 2729 τὸ,
2927 2684 2944 2715 ι
2990 2663 3162 2733 Ὠφθη
3198 2662 3429 2730 ἄγγελος
3460 2661 3637 2731 Κυρίου

2099 2760 2357 2830 ἐνισχύων
2400 2759 2561 2813 αὐτόν
2585 2776 2601 2791 ·
2641 2778 2659 2810 3
2692 2759 2785 2811 καὶ
2816 2758 2916 2810 ὅσα
2957 2756 3201 2808 τοιαῦτα.
3242 2750 3337 2815 Οἷς
3368 2753 3638 2806 ἀντιϐαίνει

2100 2849 2263 2903 πάλιν
2314 2850 2406 2902 καὶ
2450 2847 2805 2901 ἐπανίσταται
2850 2847 2910 2898 τὸ
2952 2844 3342 2916 μαρτυρεῖσθαι
3390 2843 3531 2895 κατὰ
3561 2842 3639 2909 τὴν

2102 2940 2329 3011 θεότητα
2382 2937 2517 2992 εἶναι
2577 2940 2667 2993 ἴσα
2746 2938 2895 3008 Θεῷ·
2949 2940 3041 2991 κα).
3083 2938 3157 3000 ὠς
3195 2937 3385 2989 ἑαυτὸν
3436 2938 3639 2988 ἐκένωσε

2107 3032 2317 3103 μορφὴν
2345 3031 2529 3084 δούλου
2550 3029 2725 3084 λαϐὼν
2745 3046 2757 3059 ·
2772 3036 2775 3037 ⁷
2790 3031 2883 3081 καὶ
2902 3030 3003 3083 ὃσα
3026 3029 3365 3100 προείρηται.
3398 3029 3511 3080 Καὶ
3538 3026 3644 3080 αὐτο

2098 3123 2284 3186 τοῦτο,
2331 3122 2391 3174 τὸ
2442 3123 2615 3174 εἰπεῖν
2648 3120 2988 3190 πεποιθήσει,
3044 3131 3070 3170 (
3106 3119 3313 3189 Πάτερ·
3364 3136 3383 3168 3
3446 3118 3538 3169 καὶ
3577 3118 3642 3168 ὅτι

2064 3216 2255 3278 ἀὐτὸς
2309 3216 2486 3268 πάντα
2526 3213 2594 3267 τὰ
2640 3212 2856 3283 ἔμψυχα
2906 3212 3104 3281 ψυχοῖ·
3153 3212 3241 3265 καὶ
3272 3211 3358 3262 ὅτι
3417 3211 3517 3279 οὐχ
3578 3208 3641 3269 ὡς

2097 3307 2367 3378 ὑπουργὸς
2425 3304 2723 3374 ἐφθέγξατό
2784 3320 2943 3357 ποτε·
2984 3322 3002 3353 ‹
3044 3304 3129 3354 Ἐν
3184 3301 3260 3371 τῷ
3305 3301 3528 3371 ὀνόματι
3566 3298 3641 3351 τοῦ

2096 3397 2251 3459 Θεοῦ,
2277 3396 2350 3467 »ἦ
2384 3415 2401 3446 ι
2440 3395 2532 3449 τοῦ
2578 3395 2789 3465 Πατρός
2832 3411 2931 3464 μου
2969 3392 3203 3462 γενέσθω
3231 3409 3250 3443 3
3284 3391 3343 3443 ἓν
3376 3386 3452 3444 ὦν
3485 3388 3644 3456 ἐποίη-

2098 3507 2157 3542 σε
2184 3476 2504 3558 θαυμάτων,
2549 3487 2694 3541 καθὰ
2740 3488 2789 3539 οἱ
2850 3488 3089 3558 μαθηταὶ
3134 3486 3297 3538 αὑτοῦ
3328 3489 3440 3548 τοῖς
3484 3503 3539 3537 τε
3571 3485 3645 3535 δυ-

2100 3580 2295 3642 σιάτως
2326 3580 2508 3649 έχουσι
2568 3580 2661 3630 καὶ
2699 3580 2811 3640 τοῖς
2842 3578 3025 3648 σαθρῷ
3066 3577 3275 3647 σώματι
3307 3575 3644 3644 κεχρημένοις

2098 3671 2282 3738 ελεγον
2302 3686 2316 3701 ο
2349 3688 2366 3719 ι
2412 3670 2499 3721 Ἐν
2519 3667 2595 3737 τῷ
2612 3667 2835 3737 ὀνόματι
2871 3668 3041 3738 Ἰησοῦ
3070 3666 3299 3737 Χριστοῦ
3330 3666 3596 3735 ἐγέρθητι·
3625 3682 3639 3712 3

2100 3764 2192 3817 καὶ
2224 3762 2281 3813 ἐν
2315 3760 2390 3830 τῷ
2424 3759 2815 3830 παντοδυνὰμῳ
2857 3759 2948 3811 καὶ
2988 3758 3196 3811 εύκλεεῖ
3232 3758 3457 3826 ὀνόματι
3498 3755 3645 3821 τούτῳ

2100 3852 2336 3913 ἐποίουν,
2372 3852 2472 3903 ὅσα
2511 3846 2577 3921 ἦν
2621 3854 2686 3921 τῇ
2733 3850 2905 3902 κτίσει
2936 3849 3071 3919 ὁμοῦ
3120 3848 3265 3918 πάσῃ
3311 3847 3507 3917 δράσαι
3542 3844 3645 3897 ἁ.δὺ-

2100 3963 2235 4000 νατα
2254 3963 2268 3976 ·
2298 3943 2411 3997 ἀλλ’
2443 3942 2546 4013 ἰδίᾳ
2572 3942 2787 4013 ἐξουσίᾳ
2814 3943 3031 4011 ἐνήργει
3068 3939 3347 4008 δυνάμεις,
3377 3933 3644 4005 συνεχώρει

2102 4036 2409 4107 ἁμαρτίας,
2453 4034 2628 4101 λέγων
2677 4033 2991 4104 βασιλικῶς·
3057 4052 3074 4081 ι
3145 4029 3443 4098 Ἀφέωνταί
3494 4044 3568 4078 σοι
3600 4024 3643 4074 αἱ

2101 4127 2226 4200 [189
2250 4127 2302 4198 a]
2334 4126 2626 4197 ἁμαρτίαι·
2665 4145 2684 4178 3
2721 4126 2784 4177 ἐκ
2831 4124 2921 4178 τοῦ
2950 4124 3072 4195 ᾅδου
3100 4122 3435 4193 ἐξήρπαξεν,
3476 4118 3643 4186 Salan-

2100 4236 2197 4281 νας
2227 4217 2574 4286 ἐφυγάδευεν,
2606 4217 2671 4285 τῇ
2704 4214 2941 4284 θαλάσσῃ
2974 4213 3411 4283 ἐμϐριμούμενος
3445 4210 3643 4263 saga:-

2102 4326 2227 4362 τεν·
2283 4329 2301 4361 ι
2342 4306 2562 4371 Σιώπα,
2597 4306 2913 4375 πεφίμωσο·
2956 4324 2973 4356 3
3007 4306 3117 4365 τοῖς
3152 4304 3372 4371 ἀνέμοις
3411 4299 3644 4366 ἐπετίμα.

2114 4404 2207 4455 κα).
2238 4399 2502 4463 ἐκόπαζον
2528 4416 2541 4429 ·
2572 4396 2647 4465 τῷ
2682 4397 2869 4466 Πέτρῳ
2902 4395 3022 4458 δοὺς
3062 4394 3160 4457 τὰς
3190 4393 3335 4455 κλεῖς
3376 4392 3469 4444 τοῦ
3500 4392 3644 4459 0'39:-

2112 4494 2226 4555 νοῦ,
2273 4492 2487 4559 ἔλεγεν·
2522 4508 2540 4540 ι
2590 4492 2654 4541 Ὃ
2701 4489 2795 4541 ἐὰν
2839 4488 3035 4559 λύσητε
3076 4488 3167 4539 ἐπὶ
3212 4488 3309 4556 τῆς
3339 4486 3471 4556 γῆς,
3515 4484 3644 4535 ἔσται

434 4590 657 4652 peccata
693 4580 1019 4644 dimittebat,
1072 4590 1123 4633 et
1169 4579 1480 4649 imperando
1507 4582 1800 4651 inquiebat,
1842 4601 1859 4633 ι
1888 4584 1990 4638 Re-

2100 4587 2385 4658 λελυμένον
2427 4584 2484 4635 ἐν
2527 4584 2641 4644 τοῖς
2685 4582 2969 4650 οὐρανοῖς·
3002 4580 3094 4632 καὶ
3128 4579 3156 4630 ὃ
3200 4578 3293 4631 ἐὰν
3340 4578 3531 4648 δήσητε
3570 4574 3643 4625 ἐπὶ

435 4675 717 4728 mittuntur
751 4670 862 4742 (40)
892 4671 991 4725 tibi
1026 4681 1272 4741 peccata,
1297 4690 1316 4723 3
1373 4687 1440 4727 ex
1488 4672 1696 4728 inferno
1738 4674 1846 4746 (ll)
1888 4678 1998 4730 eri-

662 4871 760 4925 Hic
784 4879 880 4927 est.
918 4870 1103 4941 Matth.
1130 4886 1216 4933 ιιι,
1246 4872 1339 4935 l7;
1384 4888 1518 4941 xvu,
1548 4873 1601 4930 5.

656 4940 767 4995 Hos
800 4957 960 4995 meos.
994 4940 1123 4998 Luc.
1161 4957 1272 5006 xix,
1307 4942 1398 4999 27.

501 4872 613 5014 i333

524 4944 591 4997 29

524 5011 977 5082 5Q)Applicanda
1004 5027 1130 5064 esse.
1157 5012 1332 5064 Codex
1367 5030 1380 5065 :
1414 5012 1725 5082 Προσάπτει
1755 5016 1860 5069 πού
1890 5033 1995 5071 τοι.

435 5076 735 5152 [sciendum
773 5096 964 5152 censeo
989 5096 1003 5133 :
1028 5081 1368 5152 Προσάπτειν
1400 5076 1564 5135 οῦτοι.

503 5151 612 5219 (5|)
657 5150 1032 5228 (ﬂuitantia...
1061 5150 1267 5228 ductus.
1300 5151 1501 5228 Codex,
1533 5154 1993 5228 μεταμελωμένῳ.

436 5218 1083 5292 ιαμ-ε.⁷μεταμελουμένιρ,
1114 5221 1193 5272 vel
1230 5218 1677 5292 μεταμελομένῳ.

504 5287 617 5365 (52)
661 5287 835 5365 Pater.
870 5287 1060 5342 Matth.
1099 5287 1244 5365 xxvi,
1282 5287 1574 5365 5t)."itiblia
1607 5287 1831 5365 ε’Πάτερ
1864 5313 1989 5365 μου,

2105 4681 2203 4749 τῆς
2228 4678 2349 4748 γῆς,
2376 4674 2527 4727 ἔσται
2553 4672 2830 4743 δεδεμένον
2856 4673 2913 4724 ἐν
2946 4674 3057 4733 τοῖς
3089 4672 3365 4742 οὐρανοῖς·
3403 4690 3421 4722 3
3450 4669 3523 4738 τῷ
3554 4670 3641 4719 A2-

2173 4878 2288 4949 (57)
2332 4875 2690 4949 Defatigattts.
2727 4873 2881 4928 Joan.
2912 4873 3073 4949 tv._6.

2171 4938 2284 5017 (58)
2324 4938 2601 5017 Αρρονᾷἰι,
2626 4944 2756 5017 an.
2783 4960 2915 5017 xin,
2943 4943 3231 5017 tl_5._Gr:ec_a
3258 4941 3457 5017 editio:
3484 4938 3639 5006 Ὠφθη

2096 5018 2153 5071 δὲ
2179 5011 2332 5086 ἀὐτῷ
2370 5011 2597 5085 ἄγγελος
2631 5015 2724 5066 ἀπ’
2762 5013 2989 5086 οὐρανοῦ
3020 5012 3279 5082 ἐνισχύων
3306 5011 3484 5063 αὐτόν.

2169 5088 2282 5154 (59)
2306 5085 2389 5139 ⁷1η
2422 5086 2649 5137 nomine.
2689 5086 2804 5136 Act.
2840 5100 2919 5146 ιιι,
2953 5085 3005 5139 6,

2166 5151 2279 5224 (40)
2320 5155 2853 5224 Βρηιὶιιωιιυνηίλιιο.
2887 5168 3017 5224 χγι-ι,
3048 5151 3132 5205 48.

2167 5220 2280 5293 (At)
2325 5224 2408 5278 Ea:
2437 5224 2665 5293 inferno.
2698 5222 2773 5275 Ne
2800 5226 2921 5293 quis
2952 5222 3346 5293 Origenismum
3380 5221 3463 5274 hic
3488 5220 3638 5293 latere

2094 5291 2419 5361 suSpicetur,
2444 5292 2809 5345 animadverto
2833 5292 3059 5358 primum
3090 5292 3305 5361 quidem
3328 5292 3460 5344 hanc
3487 5291 3635 5353 ipsm

437 5355 745 5436 είέδυνατόν
781 5358 931 5424 ἐστι,
967 5358 1277 5429 παρελθέτω
1323 5360 1417 5412 ἀπ’
1445 5359 1578 5431 ἐμοῦ
1621 5363 1682 5415 τὸ
1732 5355 1989 5437 ποτήριον

2100 5380 2122 5437 a_
2155 5355 2688 5437 Didymolormulam
2727 5355 2966 5437 adhiberi
3010 5355 3182 5437 segni.
3218 5359 3327 5437 192.
3349 5378 3403 5422 α,
3431 5361 3634 5437 ulti-rion

439 5444 606 5482 τουτο.

502 5498 612 5571 (55)
654 5494 1015 5571 $alva._loan.
1045 5512 1143 5560 xit,
1172 5496 1264 5551 27.

524 5566 611 5636 ὄλ)
654 5567 810 5636 Deus.
843 5566 1029 5620 Matth.
1065 5584 1233 5631 xxvn,
1270 5567 1441 5633 «l6,ex
1458 5568 1602 5625 Psal.
1630 5588 1737 5635 xxi,
1766 5588 1906 5627 vers.
1934 5574 1988 5627 l.

523 5635 625 5711 55)
653 5635 1077 5711 Tristis._Marc.
1122 5653 1236 5711 ιιν,
1267 5639 1355 5705 5i,
1402 5652 1459 5695 et
1498 5639 1689 5698 Matth.
1723 5658 1866 5711 xxvr,
1900 5644 1990 5699 58.

431 5705 627 5780 διαί-[ιρί
652 5708 849 5780 tegitur
873 5706 977 5771 ἕως
1010 5723 1106 5780 pro
1142 5707 1325 5780 μέχρι.

500 5773 611 5844 (56)
651 5773 1024 5846 derymutus.
1047 5773 1315 5846 Joahfxl,
1343 5779 1431 5835 55.

2092 5434 2160 5488 de
2192 5425 2451 5501 reprohis.
2500 5434 2591 5483 sed
2647 5432 2739 5501 de”
2758 5430 2961 5501 Lazaro
3008 5425 3229 5482 loquens
3282 5429 3353 5480 ait
3384 5446 3396 5480 :
3427 5428 3485 5491 ἐξ
3527 5425 3634 5495 ᾆδον

2092 5499 2442 5571 ὑποστρέφει,
2468 5501 2516 5552 id
2544 5509 2626 5571 est
2663 5518 2682 5550 ι
2708 5500 2783 5553 Ex
2813 5499 3022 5571 inferno
3059 5510 3385 5571 revertetur:
3409 5516 3427 5547 3
3463 5500 3633 5571 deinde

2094 5588 2223 5624 vero
2255 5566 2374 5625 eum
2416 5570 2681 5637 reSpicere
2738 5572 2839 5637 hoc
2891 5570 2941 5621 in
2994 5569 3108 5621 loco
3155 5569 3277 5619 illud
3332 5566 3547 5621 Joannis
3591 5568 3630 5613 in

2094 5642 2412 5712 Apocalypsi
2451 5636 2542 5702 xx.
2597 5639 2695 5692 l5:
2729 5656 2745 5687 ι
2782 5636 2847 5689 Ει
2896 5654 3062 5712 mors.
3102 5648 3165 5712 et
3206 5637 3462 5712 infernus
3489 5639 3629 5712 deite-

2097 5706 2223 5765 runt
2260 5706 2498 5764 infortuos
2526 5724 2670 5773 suos,
2691 5728 2708 5759 3
2746 5718 2799 5761 et
2828 5709 2969 5775 quod
2998 5709 3062 5759 de
3094 5706 3311 5759 Christo
3348 5708 3412 5757 ad
3452 5708 3631 5757 inferos

2099 5780 2475 5848 descendente,
2507 5788 2559 5834 et
2597 5788 2813 5834 sanctos
2846 5778 2968 5832 inde
3004 5777 3166 5831 veluti
3200 5777 3514 5830 extrahente
3547 5779 3625 5828 do-
