3758 6308
147 371 240 427 901

1179 366 1269 421 DE
1309 363 1683 423 TRINITATE
1720 362 1924 419 LIBER
1962 362 2280 421 TERTIUS.

3249 360 3353 419 902

154 487 283 555 ζάρῳ
339 480 764 553 παρεκελεύετο·
828 498 848 532 ι
906 481 1075 553 Δεῦρο
1122 483 1187 535 ὲκ
1241 484 1425 550 τάφων
1470 482 1605 548 ἔξω·
1671 500 1690 533 ι

1816 480 1999 544 iiebat,
2044 480 2317 534 daemones
2366 476 2605 548 rogabat,
2638 476 2771 532 mari
2808 475 3093 533 minaciter
3131 477 3348 532 manda-

152 562 311 644 Ἄλλῳ
343 573 736 645 προσέταττεν⁸
786 591 805 624 ι
860 573 1158 636 Νεανίσκε,
1217 573 1505 644 ἐγέρθητιο
1556 591 1574 622 ι
1620 570 1695 642 τῷ

150 662 315 733 λεπρῷ
372 661 641 733 ἔφραζεν·
712 680 730 711 ι
793 660 961 727 Θέλω,
1009 661 1400 733 καθαρίσθητι·
1450 680 1469 713 ι
1518 659 1691 729 ἄλλῳο

157 774 174 806 ι
215 754 428 825 Θάρσει,
475 753 695 805 τέκνον·
740 752 1010 820 ἀφέωνταί
1072 769 1153 805 σοι
1208 754 1264 806 αἱ
1312 752 1608 824 ἁμαρτίαν
1672 770 1690 802 ι

154 846 335 915 ἑτέρῳ·
374 864 393 895 ι
428 846 672 915 Ἔγειρε,
706 840 835 914 ἆρον
866 844 954 897 τὸν
993 843 1301 912 κρὰεὸατόν
1337 861 1451 906 σου,
1482 844 1573 896 καὶ
1603 860 1698 895 πε-

157 936 349 1008 ριπάτει
372 953 383 966 ’
423 956 441 986 ι
471 935 549 1006 τῷ
572 936 784 1005 δαίμονι
805 952 819 967 ο
866 952 885 985 ι
919 935 992 987 Τὸ
1016 935 1231 999 ἄλαλον,
1268 954 1287 987 ι
1336 937 1521 1004 φησιν,
1555 954 1571 985 ι
1604 935 1698 987 καὶ

155 1028 314 1094 κωφὸν
344 1026 637 1095 δαιμόνιον,
675 1024 783 1093 ἐγώ
830 1043 912 1077 σοι
954 1026 1261 1090 ἐπιτάσσω,
1299 1026 1499 1092 ἔξελθε.
1536 1045 1554 1076 ι
1592 1026 1701 1078 Καὶ

155 1117 206 1168 οὐ
249 1116 397 1185 μόνον
439 1115 611 1167 ταῦτα
647 1116 993 1185 ἀντιστήκει,
1047 1116 1180 1169 ἀλλὰ
1218 1116 1310 1168 καὶ
1356 1115 1699 1188 προανῃρέθη

157 1206 249 1257 τῶν
306 1204 575 1275 ὑϐριστῶν
626 1206 659 1274 ὴ
708 1204 880 1257 ἔννοια
935 1204 1051 1267 τοῦ,
1103 1224 1121 1256 ι
1172 1206 1287 1258 Ἴνα
1336 1204 1386 1256 τί
1428 1204 1703 1272 ἐγκατέλι-

157 1294 243 1357 πές
290 1311 382 1364 με;
428 1312 446 1344 ι
503 1292 600 1346 τοῦ
638 1293 735 1363 μὲν
793 1293 997 1364 Κυρίου
1041 1292 1191 1363 παρὰ
1249 1291 1326 1361 τῷ
1387 1292 1535 1362 αὐτῷ
1590 1293 1702 1344 Ἰω⁹

157 1389 271 1459 (twn
332 1386 916 1457 προαναφωνήσαντος·
985 1402 1001 1435 ι
1083 1385 1213 1437 Ἰδοὺ
1292 1383 1505 1453 ἔρχεται
1562 1382 1700 1454 ὥρα,

158 1479 237 1531 καὶ
284 1475 368 1529 νῦν
425 1475 721 1546 ἐλήλυθεν,
773 1474 858 1526 ἵνα
914 1472 1277 1543 σκορπισθῆτε
1343 1472 1570 1533 ἕκαστος
1626 1471 1705 1534 είς

158 1571 216 1622 τὰ
254 1569 368 1631 ἴδια,
390 1568 483 1620 καὶ
514 1567 613 1637 ἐμὲ
651 1566 807 1636 μόνον
842 1566 1014 1637 ἀφῆτε
1036 1580 1050 1595 ο
1084 1563 1177 1616 καὶ
1232 1562 1329 1616 οὐκ
1368 1562 1483 1632 εἰμὶ
1527 1562 1705 1631 μόνος,

157 1662 225 1712 ὅτι
252 1662 278 1711 ὁ
307 1660 489 1727 Πατήρ
522 1675 627 1727 μου
660 1655 774 1726 μετ’
810 1656 942 1726 ἐμοῦ
985 1657 1163 1708 ἐστιν·
1206 1674 1225 1707 ι
1262 1654 1354 1707 τοῦ
1401 1654 1456 1705 δὲ
1497 1653 1705 1706 Παύλου

168 1749 413 1820 Ἑϐραίοις
456 1747 884 1809 ἐπιστείλαντος,
935 1748 1017 1799 ὅτι
1065 1748 1156 1800 καὶ
1195 1746 1256 1799 τὸ
1293 1746 1444 1813 ἅγιον
1485 1745 1705 1814 Πνεῦμα

1796 569 1909 634 bat,
1950 589 1969 621 ι
1999 568 2109 624 Sile
2147 568 2282 639 (42),
2311 568 2641 632 obtumesce,
2664 586 2683 619 ι
2711 575 2903 623 ventos
2935 567 3272 637 increpabat,
3297 582 3351 625 et

1796 658 2124 722 cessabant;
2172 658 2333 712 Petro
2359 658 2479 712 cieli
2512 658 2687 712 claves
2714 658 2849 711 dans
2871 658 3087 713 aiebat:
3125 676 3143 709 ι
3176 656 3357 723 Quod-

1799 765 2012 817 cunque
2057 748 2170 819 (45)
2230 747 2499 803 solveritis
2542 762 2701 816 super
2748 756 2965 814 terram,
2998 747 3102 802 erit
3126 748 3356 801 solutum

1800 841 1852 894 in
1890 841 2062 904 cadis,
2113 851 2168 894 et
2214 839 2573 909 quodcunque
2618 839 2918 909 ligaveritis
2942 855 3103 908 super
3132 850 3352 904 terram,

1799 932 1901 986 erit
1942 932 2162 999 ligatum
2202 931 2255 983 in
2301 930 2449 985 caelis
2473 948 2486 995 ;
2510 948 2529 980 ›
2566 929 2769 983 Lazaro
2790 931 3171 999 praecipiebat:
3207 948 3225 979 ι
3262 930 3359 983 Ve-

1802 1024 1852 1075 ni
1884 1023 1992 1092 (44)
2011 1037 2075 1075 ex
2104 1021 2347 1089 sepulcro
2366 1020 2509 1075 foras
2531 1037 2601 1086 ;,»
2633 1021 2782 1075 alteri
2819 1022 3151 1088 imperabat:
3182 1021 3356 1072 «Ado-

1802 1112 2158 1183 lescens(45),
2189 1127 2378 1183 surge;
2408 1131 2426 1165 ι
2459 1113 2672 1181 leproso
2720 1114 2930 1167 dicebat
2958 1132 2971 1167 :
3014 1130 3032 1163 ι
3062 1111 3191 1167 Volo
3223 1111 3355 1183 (46),

1804 1206 2098 1259 mundatus
2135 1206 2244 1270 sis;
2280 1225 2298 1257 ι
2335 1204 2489 1260 alteri
2524 1224 2537 1259 :
2572 1224 2590 1257 ι
2615 1208 2833 1260 Conlide
2866 1207 2996 1275 (i7),
3027 1205 3122 1266 ﬁli,
3170 1206 3357 1260 remit-

1806 1305 1991 1350 tuntnr
2040 1296 2136 1350 tibi
2197 1307 2490 1367 peccatap
2548 1297 2739 1351 alteri:
2776 1296 2991 1365 (Surge
3041 1296 3174 1367 (48),
3233 1294 3359 1349 tolle

1804 1388 2086 1458 grabatum
2108 1395 2278 1452 tuum,
2300 1396 2353 1442 et
2374 1388 2590 1441 ambula
2610 1406 2655 1455 ;ι
2686 1388 2932 1453 όιιξιῐιοιιὶ,
2952 1405 2973 1439 ι
2988 1386 3230 1455 Loqnela:
3247 1386 3357 1457 (49)

1804 1494 2018 1547 expers,
2039 1497 2058 1530 ι
2086 1479 2276 1548 inquit,
2299 1498 2316 1530 ι
2336 1487 2387 1532 et
2420 1486 2622 1532 mutum
2642 1479 2979 1541 daemonium,
3005 1477 3096 1531 tibi
3115 1491 3210 1545 ego
3226 1492 3362 1546 pra:-

1808 1570 1946 1636 cipio
1976 1585 1989 1622 :
2020 1570 2293 1638 egredere.
2323 1587 2341 1619 ι
2414 1568 2596 1637 Neque
2646 1583 2770 1623 vero
2830 1570 2942 1622 [nec
2990 1568 3360 1621 tantummodo

1816 1660 2189 1714 hereticorum
2257 1662 2541 1715 conatibus
2592 1661 2873 1724 resistunt,
2945 1673 3130 1713 verum
3194 1658 3355 1712 etiam

1808 1751 2018 1820 jamdiu
2074 1752 2141 1806 de
2196 1754 2389 1807 merito
2436 1752 2645 1807 sublata
2703 1761 2787 1806 est
2843 1750 3224 1805 contumeliosa
3274 1749 3356 1802 in—

160 1808 429 1908 ἀχώριστον
448 1836 614 1889 αὐτοῦ
644 1832 710 1906 ἦν
730 1853 741 1865 ο
774 1854 792 1885 ι
814 1834 1018 1907 Εἰγάρ,
1053 1854 1071 1887 ι
1096 1835 1250 1905 φησι,
1289 1854 1306 1885 ι
1330 1808 1391 1887 τὸ
1421 1830 1559 1903 αἷμα
1580 1808 1707 1886 ταυ-

1817 1843 2151 1912 terpretatio,
2202 1859 2360 1913 quam
2390 1844 2644 1898 adhibent
2696 1843 2843 1896 hisce
2882 1841 3099 1895 verbis:
3137 1860 3155 1892 ι
3183 1839 3362 1907 Quare

162 1949 251 2001 ρων
281 1931 369 1984 καὶ
404 1931 648 2001 τράγων,
682 1929 775 1980 καὶ
820 1925 1013 1991 σποδὸς
1055 1928 1354 1997 δαμάλεως,
1392 1927 1713 1998 ῥαντίζουσα

160 2022 266 2082 τοὺς
281 2020 720 2088 κεκοινωμένους,
740 2018 952 2086 ἁγιάζει
969 2018 1104 2088 πρὸς
1116 2017 1213 2088 τὴν
1225 2018 1321 2089 τῆς
1340 2016 1537 2089 σαρκὸς
1549 2018 1715 2071 καθα-

163 2112 337 2183 ρότητα
355 2129 366 2141 ο
398 2111 549 2182 πόσῳ
580 2112 781 2181 μᾶλλον
805 2108 867 2163 τὸ
887 2105 1025 2181 αἷμα
1059 2108 1252 2180 Ἰησοῦ,
1274 2110 1420 2173 ὅστις
1444 2110 1530 2162 διά
1553 2110 1718 2163 Πνεῦ-

166 2220 309 2272 ματος
329 2204 478 2271 ἁγίου
505 2202 702 2255 ἑαυτὸν
724 2202 951 2272 ἄμωμον
997 2202 1336 2272 προσήνεγκε
1362 2201 1438 2272 τῷ
1460 2201 1596 2271 Θεῷ,
1622 2214 1719 2254 καί

164 2292 348 2364 Baptae;
375 2294 471 2357 τὰς
500 2293 729 2364 καρδίας
760 2291 910 2362 ὑμῶν
942 2291 1049 2345 ἀπὸ
1071 2291 1420 2362 συνειδήσεως
1440 2294 1713 2362 πονηρᾶς;

1808 1932 2141 2001 dereliquisti
2193 1933 2318 1986 nte?
2355 1952 2374 1984 ι
2445 1942 2558 1987 tum
2626 1934 2837 2002 quando
2902 1930 3161 1984 Dominus
3220 1920 3385 1999 apud

1805 2021 1967 2092 395
1980 2024 2221 2075 eumdem
2240 2021 2499 2077 Joannem
2528 2022 2652 2076 olim
2678 2022 3027 2076 exclamavit:
3061 2041 3079 2072 ι
3100 2021 3236 2075 Ecce
3249 2022 3361 2092 (50)

1809 2113 1953 2166 venit
2001 2112 2153 2177 hora,
2204 2121 2259 2165 et
2315 2126 2455 2166 nnnc
2491 2113 2655 2175 venit,
2685 2122 2741 2165 ut
2775 2111 3149 2181 dispergamini
3198 2126 3363 2165 unus-

1811 2203 2039 2272 quisque
2100 2204 2165 2256 ad
2199 2204 2435 2272 propria,
2488 2213 2542 2258 et
2582 2220 2665 2257 mc
2716 2203 2885 2257 solum
2923 2204 3275 2273 relinquatis;
3310 2212 3364 2256 et

1811 2306 1913 2345 non
1931 2306 2045 2345 sum
2064 2292 2232 2357 solus,
2246 2292 2371 2361 quia
2389 2292 2549 2346 Pater
2568 2308 2715 2345 meus
2732 2293 2842 2361 (5i)
2864 2307 3071 2346 mecum
3085 2300 3167 2346 est
3182 2310 3194 2344 :
3209 2310 3227 2342 ι
3250 2299 3360 2344 ῑιιιιι

166 2388 304 2441 etiam
362 2390 578 2457 quando
646 2386 846 2439 Paulus
903 2385 1143 2440 Hebraeis
1172 2386 1422 2454 scripsit,
1456 2386 1710 2454 Spiritum
1747 2400 1960 2455 quoque
2002 2395 2251 2440 sanctum
2314 2386 2725 2455 inseparabilem
2788 2387 2855 2440 ah
2915 2386 3031 2455 ipso
3090 2383 3363 2439 esse.rSi

165 2483 285 2535 enim
316 2482 442 2549 (51),
480 2500 499 2534 ι
538 2482 733 2551 inquit,
759 2498 778 2531 ι
807 2481 1027 2549 sanguis
1055 2489 1353 2546 taurorum,
1386 2489 1437 2534 et
1475 2481 1773 2545 hircorum,
1814 2491 1868 2534 et
1896 2480 2033 2534 cinis
2066 2480 2244 2536 vitula:
2303 2496 2552 2550 aspersus
2574 2521 2589 2545 ,
2628 2482 2930 2551 inquinatos
2958 2483 3259 2537 sanctificat
3296 2484 3364 2535 ad

167 2578 564 2631 emundationem
629 2576 841 2638 carnis;
894 2583 1100 2642 quanto
1152 2574 1321 2641 magis
1388 2573 1606 2642 sanguis
1638 2571 1763 2627 Jesu
1830 2573 1965 2645 (53),
2024 2574 2113 2643 qui
2180 2590 2276 2644 per
2327 2575 2584 2646 Spiritum
2625 2588 2866 2631 sanctum
2902 2578 3241 2646 semetipsum
3267 2577 3365 2630 im-

168 2667 458 2720 maculatum
488 2666 689 2719 obtulit
735 2665 866 2729 Deo,
916 2664 1228 2718 emundavit
1268 2664 1427 2718 corda
1463 2674 1638 2719 vestra
1670 2681 1700 2718 a
1740 2667 2065 2721 conscientia
2100 2669 2303 2736 prava?
2330 2687 2349 2719 ι

226 2760 342 2811 Τότε
396 2760 449 2812 δὲ
497 2762 839 2829 προσήνεγκε
900 2757 985 2809 διὰ
1044 2756 1132 2809 τοῦ
1189 2757 1348 2823 ἁγίου
1396 2756 1708 2827 Πνεῦματος

1885 2759 2035 2814 Tunc
2073 2770 2254 2815 autem
2312 2775 2411 2829 per
2450 2759 2709 2831 Spiritum
2742 2770 2988 2816 sanctum
3054 2758 3248 2814 obtulit
3281 2773 3365 2815 so-

168 2848 329 2900 ἑαυτὸν
355 2848 425 2917 τῷ
450 2847 577 2919 [189
607 2846 658 2918 ι]
682 2846 817 2917 Θεῷ,
844 2847 931 2899 ὅτε
964 2848 1042 2908 εἰς
1064 2845 1155 2898 τὸν
1191 2844 1421 2915 σταυρὸν
1451 2844 1708 2908 ἑκουσίως

1816 2849 2095 2918 metipsum
2152 2851 2279 2917 Deo,
2330 2850 2544 2919 quando
2600 2850 2651 2904 in
2689 2864 2902 2905 crucem
2950 2847 3246 2902 voluntarie
3278 2860 3367 2900 as-

169 2938 320 3007 ἁνέὅη.
353 2940 529 3001 Ὥστε,
564 2938 667 3007 οὐχ
693 2938 767 3000 ὼς
787 2937 863 3007 τῷ
889 2938 1091 3007 ῥήματι
1130 2935 1275 2989 δοκεῖ
1304 2936 1515 3006 δηλοῦν,
1540 2936 1708 3004 ψιλῶς

1816 2942 2016 2995 cendit.
2049 2942 2236 3011 Itaque
2262 2957 2367 2998 non
2398 2951 2524 2997 sunt
2567 2942 2779 3011 objecta
2810 2942 2974 2997 verba
3009 2944 3147 2994 nude
3170 2937 3367 2993 intelli-

169 3033 285 3083 νοεῖν
311 3032 439 3102 χρήο
472 3031 587 3084 ἀλλ’
623 3031 703 3082 ὃτι
736 3027 1009 3082 κάνταῦθα
1044 3027 1389 3096 συγκαταϐὰς
1416 3029 1493 3089 είς
1515 3028 1709 3089 πάντα,

171 3123 247 3174 καὶ
279 3123 555 3193 πτωχεύων
592 3124 657 3192 τῇ
692 3120 784 3174 τοῦ
822 3119 1005 3172 δούλου
1057 3122 1256 3191 μορφῇ,
1307 3118 1399 3171 κα)⁸
1440 3118 1729 3188 μεταπλά-’

173 3226 251 3273 σας
274 3210 342 3280 τῷ
372 3212 507 3281 λόγῳ
542 3210 735 3264 ἑαυτὸν
764 3209 1045 3280 ἀτρέπτως
1072 3210 1149 3272 είς
1177 3208 1237 3261 τὸ
1266 3208 1461 3270 κοινὸν,
1494 3209 1585 3261 καὶ
1607 3211 1710 3262 πᾶα

172 3314 255 3351 σαν
286 3299 377 3369 τῆς
417 3298 877 3369 ὲνανθρωπήσεως
917 3296 1233 3350 ἀκολουθίαν
1272 3295 1571 3365 φυλάττων,
1618 3296 1712 3348 καὶ

176 3390 311 3459 μηδὲν
362 3391 448 3444 τοῦ
496 3390 842 3461 χαρακτῆρος
879 3389 977 3458 τῆς
1016 3387 1271 3457 ἀληθείας
1304 3388 1609 3455 ἀφανίζων,
1644 3387 1712 3441 τὰ

172 3483 415 3551 πρέποντα
456 3482 765 3554 ἀνθρώποις
819 3479 1184 3550 χαμαιζήλως,
1240 3478 1429 3550 ὥσπερ
1470 3481 1502 3550 ή
1545 3480 1711 3542 ὅντως

176 3574 326 3640 σοφία,
354 3575 668 3644 ἐφθέγξατο,
722 3572 855 3643 πρὸς
910 3572 970 3626 τὸ
1010 3574 1103 3625 καὶ
1143 3573 1291 3642 ἡμᾶς
1331 3572 1708 3643 ὁμοιουμένους

175 3664 315 3734 αὐτῷ,
346 3668 433 3719 καὶ
459 3666 659 3727 τελέως
687 3664 1059 3736 συμμόρφους,
1092 3663 1234 3716 κατὰ
1251 3663 1340 3715 τὸν
1375 3662 1709 3726 Ἀπόστολον,

176 3758 474 3825 γινομένους,
515 3759 691 3809 ποιεῖν
718 3755 785 3808 τά
821 3755 1097 3827 πρέποντα
1127 3754 1221 3806 καὶ
1254 3753 1553 3823 ἀρέσκοντα
1603 3753 1713 3805 αὐ-

175 3846 257 3916 τῷ,
291 3848 375 3901 καὶ
402 3846 723 3919 πορεύεσθαι
763 3846 869 3899 ἀπὸ
896 3846 1001 3899 τῶν
1038 3844 1241 3915 γηίνων
1268 3843 1359 3895 ἐπὶ
1384 3843 1450 3897 τὰ
1478 3842 1708 3914 αἰθέρια.

179 3934 260 3990 Οἷα
281 3942 330 3992 δὲ
350 3942 435 3993 καὶ
459 3943 589 4011 περὶ
615 3939 801 3992 τούτου
825 3936 977 4007 παρὰ
997 3938 1108 3998 τοῖς
1130 3936 1234 4001 ἔξω
1264 3936 1531 4000 λέλεκται,
1564 3935 1712 3989 οὐδὲν

178 4027 267 4082 οἷον
295 4036 378 4085 καὶ
398 4033 576 4085 αὐτῶν
610 4030 831 4083 ἐκείνων
855 4027 1093 4082 ἀκούειν.
1121 4025 1281 4081 Οὕτω
1314 4027 1421 4097 γὰρ
1465 4025 1525 4079 οὐ
1557 4024 1713 4095 μόνον

179 4122 258 4192 τὴν
289 4125 403 4194 παρ’
428 4127 557 4194 ἡμῖν
601 4123 709 4175 τῶν
758 4121 927 4189 ἀγίων
964 4119 1377 4190 μεγαλοφωνίαν
1421 4117 1499 4170 ἔτι
1555 4117 1714 4170 πλέον

182 4212 457 4284 στέρξομεν,
498 4214 640 4272 ἀλλά
673 4215 765 4267 καὶ
811 4212 1009 4283 μᾶλλον
1053 4212 1146 4263 καὶ
1196 4210 1394 4280 μᾶλλον
1443 4208 1715 4278 θαυμάσο-

1813 3032 2004 3099 genda,
2054 3042 2111 3085 ut
2146 3047 2342 3089 sonare
2398 3034 2666 3100 videntur,
2732 3033 2827 3089 sed
2879 3033 2993 3087 haec
3044 3046 3254 3101 quoque
3287 3029 3368 3085 sic

1812 3123 1983 3191 accipi
2016 3123 2233 3190 debent,
2264 3133 2319 3178 ut
2344 3124 2458 3193 ipse
2488 3125 2926 3181 condescendens
2964 3125 3135 3193 quoad
3164 3123 3364 3187 omnia,

1811 3221 1865 3266 et
1886 3228 2089 3282 pauper
2113 3214 2287 3270 factus
2320 3215 2371 3269 in
2400 3217 2574 3270 forma
2604 3218 2766 3283 servi,
2803 3229 2878 3280 et,
2910 3216 3154 3285 quamvis
3184 3214 3369 3284 cujus-

1813 3301 1941 3356 libet
1971 3305 2281 3359 mutationis
2307 3320 2499 3375 expers
2555 3308 2645 3371 sit,
2705 3320 2764 3362 se
2810 3308 2981 3376 ipsum
3018 3316 3192 3361 tanien
3232 3304 3369 3359 inter

1812 3391 2135 3462 loquendum
2168 3395 2331 3450 veluti
2380 3397 2435 3450 in
2481 3396 2754 3467 vulgarem
2798 3397 3071 3450 hominem
3106 3392 3368 3449 transfor-

1814 3500 1986 3549 mans,
2012 3495 2065 3540 et
2090 3503 2304 3542 omnem
2356 3489 2739 3543 incarnationis
2781 3487 3216 3557 consequentiam
3263 3500 3351 3539 ser

1810 3590 1969 3643 vatis,
1991 3586 2047 3631 et
2092 3578 2236 3632 nulla
2271 3579 2322 3632 in
2356 3594 2415 3633 re
2464 3580 2832 3633 characterem
2862 3578 3107 3631 veritatis
3127 3590 3369 3629 corrum-

1812 3682 1963 3735 pens,
2014 3668 2313 3731 humiliter,
2360 3669 2556 3737 quippe
2598 3669 2687 3736 qni
2718 3683 2840 3721 vera
2871 3666 3144 3736 Sapientia
3164 3673 3267 3730 est,
3306 3677 3367 3716 ea

1812 3757 2024 3813 locutus
2055 3761 2147 3823 sit,
2180 3775 2299 3828 quae.
2326 3761 2574 3813 humana:
2607 3759 2899 3813 conditioni
2944 3758 3288 3822 conveniunt,
3311 3765 3371 3810 ut

1812 3859 1869 3902 et
1899 3864 1996 3903 nos
2032 3849 2079 3902 ei
2106 3850 2310 3904 similes
2340 3849 2681 3918 perfecteqne
2716 3847 3192 3915 conformesjnxta
3226 3850 3369 3916 Apo-

1813 3944 2011 3999 stolum
2064 3944 2214 4009 facti,
2268 3958 2330 3997 ea
2386 3958 2691 4011 Operemnr,
2732 3956 2851 4011 qua:
2892 3941 3059 4010 ipsius
3106 3939 3363 3993 voluntati

1813 4044 2169 4087 consentanea
2194 4034 2322 4099 sint,
2362 4034 2517 4103 eique
2542 4032 2807 4102 placeant,
2837 4041 2998 4100 atque
3030 4046 3094 4085 ex
3135 4027 3365 4083 terrenis

1814 4127 1880 4176 ad
1895 4123 2132 4177 caelestia
2156 4124 2467 4182 evehamur.
2494 4123 2630 4190 Quid
2657 4137 2786 4178 vero
2821 4122 3028 4193 profani
3050 4122 3207 4176 etiam
3229 4120 3366 4175 hanc

1816 4212 1866 4266 in
1902 4228 2013 4266 rem
2074 4216 2334 4281 dixerint,
2386 4215 2518 4269 nihil
2577 4225 2727 4271 vetat
2749 4217 2876 4287 quin
2903 4216 2970 4270 ab
2999 4215 3084 4269 his
3114 4214 3242 4283 ipsis
3275 4229 3372 4265 au-

186 4322 264 4372 μεν
312 4308 400 4378 τὴν
444 4308 568 4378 μίαν
619 4308 871 4361 ἁπάντων
930 4304 1162 4376 χορηγὸν
1206 4302 1415 4371 σοφίαν.
1463 4302 1614 4371 Ἔχει
1666 4300 1708 4354 δέ

1825 4304 2031 4359 diatnus
2062 4323 2074 4358 :
2109 4308 2188 4361 sic
2222 4309 2363 4361 enim
2425 4326 2529 4363 non
2574 4306 2733 4363 modo
2782 4306 3083 4362 sublimitas
3118 4304 3371 4358 doctrina:

182 4397 297 4448 ὦδε·

1822 4403 2020 4447 nostra:
2054 4411 2083 4447 a
2119 4399 2323 4453 sanctis
2354 4400 2564 4453 tradita:
2605 4400 2779 4453 adhuc
2822 4396 3035 4451 charior
3064 4396 3217 4451 nobis
3245 4396 3369 4459 erit,

186 4497 341 4539 verum
367 4486 524 4541 etiam
586 4485 759 4555 magis
823 4483 1104 4553 magisque
1136 4481 1532 4537 admirabimur
1600 4496 1757 4535 unam
1800 4480 1944 4536 illam
2013 4486 2251 4541 omnium
2312 4489 2572 4544 donorum
2636 4488 2957 4558 largitricem
3030 4488 3368 4556 sapientiam.

187 4574 288 4631 Haac
317 4581 465 4648 igitur
498 4582 731 4634 habent:

190 4669 415 4723 Πολλάκι
444 4672 553 4740 γὰρ
582 4670 956 4740 φθέγγονται,
982 4668 1096 4721 ὅσα
1115 4666 1331 4733 σθένος
1358 4667 1530 4740 ἐστὶις
1549 4666 1721 4720 ἀκοῦ-

189 4806 432 4875 Θιητοῒς·
458 4810 615 4865 ἄλλα
648 4809 699 4863 δ’
717 4809 915 4865 ἔνεστι
944 4823 1209 4878 νοηματα
1245 4736 1710 4946 κρείσσῗὲιῗῗύ-

1530 4894 1639 4942 οις.

1530 4894 1639 4942 οις.

192 5136 259 5178 cet
285 5124 524 5192 Ecclesia,
564 5142 626 5181 ac
667 5126 879 5180 demum
914 5123 1053 5193 quod
1090 5121 1277 5175 Matth.
1312 5134 1483 5179 xxv".
1515 5117 1603 5179 52,
1639 5117 1715 5170 le-

193 5193 310 5257 gitur
348 5195 409 5248 de
451 5198 668 5261 sanctis,
720 5196 809 5265 qui
850 5204 969 5263 post
1020 5194 1224 5246 Domini
1261 5198 1485 5245 mortem
1528 5202 1713 5241 resur-

195 5275 433 5315 texerunt.

252 5330 349 5397 (ιῖ)
387 5332 509 5389 Sile.
547 5334 709 5389 Marc.
743 5348 816 5392 tv,
844 5331 933 5385 39.

255 5396 353 5468 (l3)
393 5400 913 5473 Quodcunqueah‘on
962 5398 1356 5473 eadem_plane
1400 5396 1584 5473 verba,
1624 5396 1715 5450 sed

199 5463 540 5527 ferine'ea'dem
573 5463 734 5529 habes
769 5472 954 5525 Matth.
995 5485 1100 5529 va,
1130 5463 1217 5531 l9,
1246 5478 1299 5519 et
1334 5482 1480 5529 xvttt,
1523 5467 1606 5518 18.

260 5539 356 5607 ιιι)
402 5541 541 5595 Veni.
577 5542 767 5596 Joann.
804 5558 880 5604 xi,
910 5540 998 5592 45.
1036 5538 1088 5591 In
1118 5537 1303 5591 Bibliis
1350 5552 1455 5589 non
1502 5542 1715 5589 exstant

201 5616 353 5680 Voces,
382 5612 441 5662 ὲκ
464 5612 661 5680 τάφων,
698 5613 748 5665 id
782 5620 864 5664 est
900 5627 918 5659 ι
943 5624 973 5661 c
994 5610 1252 5680 sepulcro.
1276 5624 1295 5658 ι

259 5676 356 5740 (45)
391 5676 707 5735 Adolescens.
747 5680 876 5734 Luc.
918 5693 1013 5735 vn,
1047 5678 1130 5731 14.

260 5742 355 5811 (ιθ)
394 5746 533 5807 Volo.
558 5747 941 5815 Matth.vtn,5;
961 5746 1123 5803 Marc.
1150 5762 1186 5815 ι,
1208 5747 1302 5813 41;
1326 5753 1378 5800 et
1400 5742 1527 5799 an.
1554 5759 1606 5809 v,
1631 5742 1717 5797 l5.

1826 4664 2027 4735 Sa'pins
2057 4668 2195 4720 enim
2224 4684 2284 4722 ea
2318 4668 2602 4738 loquuntur
2622 4685 2737 4739 qum
2764 4669 2943 4721 audire
2972 4666 3137 4720 valent

1819 4803 2097 4869 Mortales.
2123 4804 2213 4856 sed
2240 4802 2346 4857 alia
2378 4804 2554 4857 insunt
2599 4806 2652 4856 in
2685 4817 2862 4856 eorum
2893 4800 3053 4854 verbis
3087 4812 3249 4935 [351nm
3282 4808 3365 4845 sn-

3164 4880 3365 4916 mnam.

3164 4880 3369 4916 tmtora.

1892 5117 2003 5187 (47)
2043 5112 2507 5187 Con/ideaMatth.
2544 5126 2617 5187 I_x,
2657 5111 2709 5163 2.

1888 5175 1997 5257 (48)
2040 5175 2228 5257 Surge.
2261 5185 2423 5257 Marc.
2460 5198 2520 5245 ιι,
2553 5181 2607 5243 9,
2644 5175 3056 5257 et_.ioan.Av_,\8.

1889 5245 1997 5325 (49’)
2038 5245 2296 5324 Loqitela'.
2344 5253 2504 5325 Mar_c_.
2540 5266 2612 5313 lx,
2647 5250 2715 5325 gs
2743 5256 2867 5325 (seu
2904 5248 3024 5318 et).
3071 5245 3232 5325 Biblia
3273 5260 3368 5314 pro

1818 5318 2343 5396 oatpévtovfltabent
2393 5322 2505 5376 :To
2544 5318 2777 5396 πνεῦμα,
2818 5319 2869 5373 id
2915 5330 2997 5375 est
3038 5336 3056 5369 ι
3086 5319 3363 5387 spiritus.»

1892 5391 2001 5467 (50)
2036 5395 2189 5467 ljjgce.
2220 5392 2373 5467 Joan.
2410 5406 2520 5467 xvt,
2555 5391 2642 5444 32.

1894 5458 2005 5533 (5|)
2044 5464 2215 5533 Meus.
2257 5465 2413 5533 Deest
2448 5464 2557 5514 haec
2586 5476 2685 5533 vox
2715 5460 2766 5512 in
2799 5458 3002 5533 Bibliis.

1896 5530 2006 5603 (52)
2042 5532 2099 5587 Si
2123 5536 2279 5587 enim.
2310 5532 2477 5603 Hebr.
2510 5546 2590 5595 -tx,
2612 5530 2690 5603 _13
2719 5530 2885 5603 et
2991 5595 3023 5603 _
3240 5592 3269 5603 __
3303 5592 3314 5603 .

1895 5593 2005 5675 (53)
2038 5604 2265 5672 Sanguis
2291 5602 2435 5675 Jeau,
2476 5593 2582 5675 etc.
2612 5600 2775 5654 Patth
2802 5599 2957 5653 aliter
2983 5595 3165 5651 Grmca
3189 5593 3372 5647 editio.

1824 5671 2024 5733 come:
2052 5671 2177 5730 cunt
2208 5675 2321 5742 ipsa
2350 5673 2489 5726 hunc
2523 5671 2716 5727 locum.
