3716 6308
390 354 498 413 903

392 469 581 534 Itaque
601 477 799 539 oportet
829 467 941 539 (ει)
969 468 1177 522 mundis
1208 466 1371 522 oculis
1408 478 1555 521 acute
1585 471 1816 535 aspicere

390 605 461 661 Et
493 621 559 660 aa
592 607 855 659 veritatem
879 603 973 657 Dei
1010 606 1178 670 (beata
1211 606 1383 670 accipe
1422 602 1580 670 dono)

389 677 473 731 Ad
499 675 662 729 aliam
686 675 881 741 fabulis
912 676 1217 727 diviniorem
1260 675 1393 725 viam
1429 673 1704 742 pergendo.

390 766 667 833 Quomodo
697 766 837 819 enim
864 764 1126 818 certiores
1159 762 1282 816 facti
1315 777 1578 823 essemus.
1599 778 1720 816 eum
1739 772 1953 817 nostras

393 853 926 923 inﬁrmitates,iuxta
956 854 1007 908 id
1035 855 1175 924 quod
1212 853 1375 923 396
1406 853 1661 923 scriptum
1706 864 1788 908 est
1816 854 1951 925 (55),

393 949 446 1003 in
480 949 837 1003 venerandam
879 962 1090 1003 crucem
1133 948 1434 1010 sustulisse,
1462 956 1521 999 ut
1550 962 1645 1015 per
1672 945 1812 999 hanc
1838 959 1952 998 me-

390 1036 582 1092 liorem
632 1037 939 1091 hominibus
1001 1046 1197 1090 statum
1249 1044 1613 1105 compararet,
1673 1035 1775 1089 nisi
1807 1036 1955 1102 prius

396 1130 518 1185 illas
545 1145 609 1185 eo
661 1144 768 1199 quo
820 1130 933 1197 ipse
986 1131 1133 1184 novit
1164 1129 1322 1183 modo
1348 1130 1400 1182 in
1434 1130 1722 1199 semetipso
1748 1144 1955 1183 assum-

390 1219 588 1288 psisset
638 1235 700 1274 ac
722 1221 1078 1275 ostendisset?

464 1310 742 1377 Quomodo
792 1321 1051 1381 praeterea
1101 1326 1260 1366 nosse
1300 1312 1681 1381 potuissemus,
1712 1327 1832 1366 eum
1873 1312 1954 1367 fa-

394 1410 536 1457 ctum
558 1417 677 1456 esse
709 1417 924 1456 carnem
946 1394 1245 1456 animatam
1289 1417 1437 1466 vere,
1469 1416 1573 1455 non
1608 1418 1734 1458 vero
1770 1405 1959 1473 imagi-

398 1493 569 1556 narie,
623 1508 744 1545 cum
798 1493 972 1562 ipsum
1016 1492 1125 1563 (56)
1173 1502 1363 1563 putent
1408 1493 1683 1548 Manichzei
1720 1495 1954 1563 quidem,

395 1598 594 1652 corpus
647 1596 969 1653 apparenter
1017 1586 1288 1651 habuisse,
1350 1586 1537 1640 Ariani
1596 1601 1745 1649 vero,
1794 1587 1958 1641 fuisse

396 1674 749 1729 inanimatum
776 1676 924 1747 (57);
980 1678 1079 1731 nisi
1117 1677 1362 1741 dixisset,
1399 1698 1416 1730 ι
1440 1678 1636 1731 Tristis
1662 1687 1743 1730 est
1782 1678 1958 1731 anima

396 1780 537 1829 mea,
570 1782 588 1816 ι
624 1775 679 1819 et
710 1765 956 1819 timorem
988 1764 1333 1832 ostendisset,
1359 1775 1412 1821 et
1436 1769 1634 1831 cibum,
1662 1783 1725 1822 ac
1754 1776 1982 1835 potum,.

396 1865 451 1910 et
480 1871 725 1911 somnum
759 1858 1029 1927 cepisset?
1068 1858 1190 1913 llzec
1230 1861 1377 1914 enim
1417 1874 1588 1928 neque
1613 1860 1795 1913 deitati
1827 1874 1957 1913 coo-

396 1951 640 2017 veniunt,
665 1966 839 2020 neque
869 1952 1019 2004 carni
1052 1951 1377 2005 inanimatm.
1410 1949 1543 2003 Nam
1583 1951 1720 2018 quod
1756 1960 1963 2020 spectat

1618 349 1851 405 DIDYMI
1891 345 2361 404 ALEXANDRINI

1983 477 2031 529 Α
2063 465 2182 533 Τῶς
2232 464 2422 535 ἐχρῆν
2468 463 2819 531 καθαροῖσιν
2843 462 2945 518 ὑπ’
2972 462 3235 532 ὄμμασιν
3276 460 3418 535 ὀξέα
3448 465 3611 516 ,ιεύσ-

3510 345 3606 401 904

2050 606 2158 659 Kal
2200 603 2347 673 πρὸς
2375 604 2666 671 ἀληθείην
2698 602 2844 656 Θεοῦ
2868 602 3038 673 ὄλϐια
3059 602 3325 671 δέχνυσο
3350 531 3548 665 elegia?

2055 672 2278 742 Ἄλλην
2301 673 2605 741 θειοτέρην
2621 674 2829 741 μύθων
2849 672 2993 739 πρὸς
3017 673 3285 738 ἀτραπόν
3314 672 3550 725 ὁδεύων.

2052 766 2178 828 Πῶς
2220 765 2329 837 γὰρ
2374 764 2440 819 ἂν
2494 765 3038 836 ὲπληροφορήθημεν,
3075 764 3155 816 ὅτι
3209 763 3308 826 τὰς
3354 762 3614 827 ἀσθενείας

2052 860 2084 927 ἡ
2095 856 2231 927 μῶν,
2264 856 2405 909 κατὰ
2438 856 2497 909 τὸ
2530 855 2933 926 γεγραμμένον,
2961 857 3039 917 εἰς
3060 854 3150 907 τὸν
3173 854 3350 923 τίμιον
3369 854 3614 923 ἀνήνεγκε

2055 946 2305 1018 σταυρὸν,
2336 945 2475 999 ὥστε
2503 946 2589 999 διὰ
2628 944 2817 997 τούτου
2870 944 3151 1015 κρείττονα
3183 945 3483 1013 παρασχεῖν
3522 948 3617 1006 τοῖς

2054 1036 2358 1108 ἀνθρώποις
2389 1038 2743 1100 κατάστασιν,
2791 1036 2839 1088 εί
2878 1037 2951 1106 μὴ
2984 1034 3247 1105 πρότερον
3279 1035 3467 1097 αὑτὰς,
3511 1036 3616 1086 καθ’

2053 1128 2110 1183 ὃν
2160 1124 2267 1180 οἶδε
2312 1129 2533 1199 τρόπον,
2592 1129 2675 1191 εἰς
2743 1128 2931 1180 ἑαυτὸν
2971 1126 3197 1180 ἀνέλαόἐ
3266 1143 3325 1178 τε
3379 1126 3473 1178 καὶ
3503 1124 3620 1177 £631-

2055 1218 2144 1286 ξεν
2170 1236 2183 1283 ;
2687 1265 2695 1277 .

2126 1310 2251 1373 Πῶς
2296 1309 2353 1363 δὲ
2412 1310 2480 1363 ἂν
2529 1308 2778 1381 εὐκρινὲς
2824 1309 3082 1378 κατέστη,
3119 1307 3195 1371 ὡς
3229 1307 3365 1379 σὰρξ
3400 1306 3617 1379 ἔμψυχος

2059 1400 2182 1473 [190
2209 1401 2262 1473 a]
2315 1401 2531 1469 ἐγένετο
2574 1398 2811 1471 άληθῶς,
2847 1401 2941 1453 καὶ
2984 1400 3045 1451 οὗ
3093 1399 3384 1469 φαντασίᾳ,
3431 1399 3617 1469 οἰηθένο

2055 1510 2161 1545 των
2204 1494 2382 1557 αὑτὸν,
2416 1494 2733 1562 Μανιχαίων
2767 1494 2886 1563 μὲν,
2931 1490 3091 1561 σῶμα
3145 1494 3365 1561 δοκήσει
3409 1494 3617 1561 ἐσχηκέ-

2057 1606 2167 1649 ναι,
2213 1588 2502 1658 Ἀρειανῶν
2538 1588 2593 1641 δὲ
2640 1586 2843 1656 ἄψυχον
2883 1585 3228 1656 γεγενῆσθαι,
3260 1588 3308 1637 εἰ
3356 1586 3433 1656 μὴ
3488 1582 3612 1647 εἶπε,

2066 1701 2083 1732 ι
2120 1681 2419 1752 Περίλυπός
2449 1683 2593 1733 ἐστιν
2624 1681 2657 1750 ὴ
2683 1678 2825 1748 ψυχή
2863 1694 2986 1747 μου,
3019 1695 3037 1728 ι
3070 1677 3165 1729 καὶ
3187 1676 3390 1729 δειλίαν
3451 1676 3617 1741 ἔδειξε,

2061 1774 2154 1826 καὶ
2191 1773 2516 1844 βρωμάτων,
2550 1774 2643 1826 καὶ
2677 1772 2955 1840 πομάτων,
2980 1771 3073 1822 καὶ
3128 1769 3294 1822 ὕπνου
3342 1768 3616 1839 μετέλαϐες

2065 1866 2145 1918 Τά
2176 1864 2284 1935 γὰρ
2320 1863 2544 1917 τοιαῦτα
2592 1862 2714 1917 οὔτε
2758 1862 2969 1933 θεότητι
3010 1862 3288 1932 ἁρμόττει,
3320 1859 3444 1912 οὔτε
3478 1861 3620 1928 σαρκὶ

2064 1955 2273 2025 ἀψύχῳ.
2308 1946 2441 2023 Περὶ
2470 1955 2567 2023 μὲν
2595 1952 2656 2005 τὸ
2684 1951 2843 2023 σῶμα
2876 1952 3158 2022 θεωρεῖται
3196 1950 3263 2004 τὰ
3295 1950 3443 2019 πάθη
3481 1953 3619 2019 μόνον

397 2044 612 2112 quidem
642 2044 706 2096 ad
746 2058 960 2113 corpus,
984 2059 1060 2098 ea:
1116 2052 1319 2096 tantum
1346 2044 1398 2096 in
1433 2044 1549 2111 ipso
1580 2044 1855 2110 passiones
1884 2045 1915 2097 it

2104 2046 2124 2098 ὶ
2166 2045 2330 2098 αὐτοῦ
2376 2044 2466 2097 τοῦ
2518 2043 2767 2113 σώματος
2822 2042 3116 2114 φθαρτικὰ,
3156 2042 3217 2093 οὐ
3250 2040 3354 2111 μὴν
3384 2040 3453 2092 τὰ
3490 2040 3618 2105 λογιο

400 2130 731 2201 telliguntur,
764 2148 883 2202 qua:
938 2147 1134 2199 corpus
1191 2132 1364 2199 ipsum
1414 2130 1743 2187 labefactare
1782 2132 1915 2188 valet

2104 2138 2211 2207 μῶν
2236 2136 2440 2208 ἐρημίᾳ
2468 2135 2571 2187 τῶν
2603 2135 2887 2206 χρησίμων
2920 2136 3049 2205 ἡμῖν
3078 2134 3474 2201 ἐπιγιγνόμενα
3492 2148 3506 2161 ·
3534 2148 3619 2181 πε-

398 2231 564 2289 atque
595 2236 966 2292 corrumpere,
998 2237 1102 2275 non
1133 2236 1263 2275 vero
1294 2222 1488 2277 anima;
1523 2224 1822 2291 passiones,
1843 2238 1911 2291 qu

2104 2247 2113 2279 ι
2156 2228 2212 2281 δὲ
2248 2230 2345 2299 τὴν
2372 2227 2547 2299 ψυχὴν
2587 2226 3087 2296 καταλαμϐάνονται
3129 2225 3185 2277 αἱ
3221 2225 3361 2292 ὑπὲρ
3398 2222 3505 2274 τῶν
3534 2238 3622 2275 πα-

397 2311 468 2365 ob
500 2312 777 2379 penuriam
832 2328 1009 2367 rerum
1058 2313 1485 2394 necessariarum
1543 2321 1635 2366 aut
1669 2314 1915 2367 utiliumi

2104 2319 2166 2373 Iw
2214 2320 2510 2391 φροντίδες.
2566 2320 2657 2370 Διὸ
2704 2318 2796 2369 καὶ
2829 2319 2875 2369 οἱ
2915 2315 3017 2381 ἔξω
3046 2314 3481 2386 παραγγέλλουσι
3514 2314 3621 2381 περὶ

399 2402 556 2456 nobis
585 2404 924 2458 exoriuntur.
950 2404 1101 2471 Quod
1142 2420 1269 2458 vero
1299 2414 1510 2472 spectat
1542 2406 1606 2457 ad
1636 2406 1958 2470 animam,in

2053 2413 2152 2480 τῆς
2182 2412 2492 2482 ἐμπλήκτου
2528 2410 2710 2472 ἀνοίας
2735 2424 2750 2439 ·

396 2508 459 2550 ea
500 2495 968 2563 deprehenduntur
1001 2513 1143 2551 cura:
1175 2512 1239 2551 ac
1268 2496 1658 2551 sollicitudines
1728 2497 1797 2551 ob
1842 2499 1984 2566 ipsas
2021 2503 2301 2570 passiones
2364 2512 2644 2572 susceptze.
2695 2501 3035 2569 Quapropter
3076 2496 3283 2564 profani
3347 2497 3507 2550 etiam
3545 2511 3624 2547 au-

399 2594 577 2644 ctores
600 2589 667 2643 de
718 2589 907 2644 stolida
965 2589 1231 2643 dementia
1293 2588 1576 2657 loquentes
1622 2591 1735 2643 haec
1769 2591 2121 2660 praecipiunt:

401 2729 550 2800 Fuge
579 2730 678 2782 cito
700 2727 879 2800 procul
902 2744 933 2779 a
962 2735 1182 2800 terrenis
1209 2725 1319 2800 (58)
1344 2726 1706 2800 passionihus,
1717 2725 1857 2791 fuge,

404 2796 851 2856 Pré'stantissimo
883 2798 1072 2850 animae
1103 2796 1277 2861 oculo,
1325 2804 1373 2849 et
1404 2796 1630 2849 immotis
1658 2797 1769 2862 ejus
1802 2799 1963 2851 radiis

1710 2878 1852 2921 ιιιεηε
1875 2884 1893 2921 .'

404 2937 474 2992 Ut
506 2936 951 3004 ponderosissimis
987 2951 1174 3001 corpus
1201 2935 1362 3001 {renis
1387 2865 1702 2988 coercentur[

405 3007 539 3064 Cum
565 3022 658 3077 per
686 3009 876 3060 anime
924 3006 1250 3069 munditiem,
1300 3016 1408 3058 tum
1445 3020 1533 3073 per
1576 3005 1775 3147 εωιῖῗιε
1802 3007 1967 3068 patris

1723 3092 1894 3132 umen.

1723 3092 1894 3132 unum.

2067 2734 2252 2803 Φεῦγε
2274 2732 2451 2800 τάχος
2490 2731 2743 2803 χθονίων
2766 2727 3011 2803 παθέων
3032 2726 3172 2803 ἅζεο,
3200 2726 3425 2803 cnloco
3441 2724 3626 2803 φεῦγε,

2075 2794 2285 2872 Ψυέῆς
2308 2794 2462 2872 ὄῇμὰ
2490 2794 2775 2871 ᾇέριστον
2801 2799 2976 2866 ἔχων,
2999 2798 3093 2850 καὶ
3122 2796 3407 2860 ἁκλινέας
3431 2794 3625 2863 αὐγάς.

2068 2936 2343 3004 Σώματος
2363 2936 2441 3000 ὡς
2468 2934 2741 3002 ἀνέχοιτο
2766 2932 2917 3003 μέγα
2958 2933 3245 3004 ,ϐρίθοντα
3263 2931 3506 3004 χαλινὰ,

2082 3001 2176 3059 Ἐκ
2222 3004 2486 3074 καθαρῆς
2518 3001 2724 3074 ψυχῆς
2768 3001 2836 3057 ’τε
2877 3005 2976 3057 καὶ
3007 3002 3267 3070 αἱθερίης
3297 3003 3522 3142 πιῖτρᾶὶς
3551 3001 3628 3051 υί-

3402 3092 3438 3140 r
3482 3090 3564 3137 ης-

405 3167 489 3234 Qu
505 3168 570 3221 ad
597 3167 641 3221 si
685 3165 792 3219 alia
842 3166 1002 3219 etiam
1033 3164 1325 3233 Scriptura:
1354 3163 1496 3229 loca,
1533 3180 1651 3233 qua:
1672 3138 1739 3219 ab
1760 3166 1915 3220 haeret

2104 3166 2567 3237 Επισκοπούμενοι
2598 3166 2777 3220 τοίνυν
2800 3166 2899 3236 οὐχ
2924 3167 3120 3237 ἥκιστα
3148 3164 3241 3217 καὶ
3258 3163 3329 3215 τὰ
3358 3164 3492 3217 ἄλλα
3514 3179 3631 3233 γρα-

405 3275 591 3317 corum
619 3258 798 3328 pravis
820 3257 1163 3328 OpiuiOnibus
1189 3256 1345 3325 longe.
1376 3257 1593 3319 absunt,
1622 3268 1679 3311 ut
1703 3273 1732 3311 a
1758 3274 1842 3312 me
1858 3258 1969 3322 jam

407 3352 607 3407 dictum
632 3357 733 3414 est,
787 3347 951 3403 simili
1007 3348 1166 3402 modo
1204 3347 1621 3417 perpendamus,
1683 3351 1975 3417 comperie-

406 3453 551 3500 mus,
586 3439 779 3492 timore
800 3436 1105 3507 perculsum
1140 3451 1245 3490 non
1278 3452 1400 3491 esse
1432 3452 1579 3501 eum,
1604 3439 1693 3507 qui
1720 3438 1862 3493 Deus
1890 3449 1974 3494 est

306 3516 309 3519 ’
405 3526 695 3599 cujuslibet
723 3526 1063 3591 mutationis,
1100 3540 1165 3579 ac
1194 3526 1466 3595 passionis
1505 3543 1741 3597 expers;
1774 3529 1867 3599 qui
1887 3546 1973 3585 vo-

407 3618 661 3682 luntarie,
694 3616 845 3685 juxta
875 3616 1186 3685 Apostolum
1206 3616 1415 3672 Calatis
1442 3618 1764 3672 scribentem
1785 3658 1801 3683 ,
1832 3639 1853 3672 ι
1880 3636 1975 3675 ex-

408 3709 659 3780 spoliavit
692 3707 803 3780 (59)
829 3707 1181 3778 principatus,
1208 3716 1261 3761 et
1285 3716 1675 3777 potestates,et
1710 3710 1855 3764 dedit
1889 3724 1975 3764 se-

408 3800 698 3870 metipsum
735 3814 832 3869 pro
855 3799 1092 3869 peccatis
1126 3798 1350 3863 nostris,
1394 3807 1453 3852 ut
1504 3800 1741 3869 eriperet
1779 3815 1878 3855 nos
1906 3817 1972 3857 ex

408 3894 661 3963 praesenti
702 3892 899 3948 saeculo
946 3905 1215 3960 nequam;
1249 3909 1267 3942 ι
1306 3890 1399 3960 qui
1430 3889 1649 3947 Petrum
1681 3893 1976 3963 increpavit

413 3996 481 4039 eo
502 3983 645 4053 quod
678 3983 898 4037 tristitia
932 3981 1158 4036 allectus
1188 3991 1352 4047 esset,
1384 3984 1601 4053 quando
1624 3984 1673 4039 ei
1706 3986 1973 4054 praedixit,

413 4083 664 4142 oportere
695 4088 753 4127 se
780 4072 1048 4143 cruciﬁgi,
1092 4082 1147 4127 et
1172 4073 1332 4139 mori,
1377 4086 1432 4128 et
1476 4075 1632 4127 tertia
1687 4075 1775 4130 die
1805 4091 1976 4130 resur-

412 4178 568 4234 gere;
606 4165 697 4234 qui
744 4164 1046 4219 voluntarie
1105 4162 1157 4216 in
1188 4179 1403 4217 crucem
1444 4164 1603 4234 397
1629 4166 1891 4230 ascendit,
1921 4175 1976 4221 et

412 4254 702 4308 exsultavit
739 4263 796 4307 ut
836 4253 984 4323 gigas
1018 4252 1083 4306 ad
1106 4254 1528 4309 concurrendum
1579 4257 1749 4323 viam;
1783 4259 1873 4328 qui
1897 4259 1977 4312 vi-

414 4343 568 4398 viﬁca
596 4361 691 4400 sua
729 4355 900 4401 morte
925 4358 1149 4402 mortem
1194 4346 1415 4409 occidit,
1445 4356 1498 4400 et
1527 4362 1715 4403 omnes
1742 4364 1773 4402 a
1805 4361 1977 4405 morte

416 4437 675 4504 redemit;
707 4437 796 4507 qui
827 4446 1017 4508 suapte
1066 4438 1413 4503 auctoritate,
1466 4438 1517 4491 vi
1558 4448 1612 4492 et
1661 4441 1974 4507 operatione

413 4526 573 4580 aliam
605 4541 817 4597 quoque
846 4528 1122 4582 hominum
1166 4526 1581 4593 multitudinem,
1616 4529 1705 4597 qui
1748 4526 1974 4598 jampri-

414 4619 535 4673 dem
568 4620 835 4684 obierant,
866 4621 1021 4675 simul
1053 4637 1174 4675 cum
1209 4636 1267 4675 se
1294 4622 1407 4690 ipso
1437 4619 1552 4691 (60)
1588 4621 1890 4686 suscitavit,
1910 4636 1975 4677 ac

416 4710 673 4766 universa:
695 4712 941 4767 humanae
972 4723 1181 4766 natura:
1210 4712 1626 4766 resurrectionis
1667 4726 1815 4781 spem
1867 4710 1972 4766 lar-

482 4952 595 5023 (54)
636 4952 869 5023 Oportet,
896 4952 1004 5006 Pro
1037 4953 1166 5023 ὲχῆν
1196 4950 1314 5023 lego
1338 4949 1525 5022 ἐχρῆν.
1562 4950 1695 5023 Tum
1718 4948 1976 5023 ’λεύσσειν

412 5019 528 5144 ἓὲἓ,
561 5019 797 5078 λεύσειν.
847 5019 1151 5093 Legendum
1210 5019 1470 5076 fortasse
1506 5029 1560 5074 et
1613 5019 1816 5072 ὁδεύειν
1880 5036 1975 5090 pro

504 5110 630 5144 υων.

504 5110 610 5145 υων
617 5132 630 5145 .

486 5161 598 5224 (55)
639 5159 898 5229 Scriptum
926 5172 1019 5216 est.
1054 5162 1247 5215 Matth.
1286 5176 1402 5224 vm,
1437 5161 1523 5214 ιτ.

484 5232 594 5298 (56)
632 5228 831 5299 Ipsum.
862 5232 1061 5296 Codex,
1091 5230 1285 5285 αὐτῶν.
1323 5231 1484 5299 Lego,
1513 5230 1693 5287 αὐτόν.

486 5300 599 5370 (57)
630 5298 1009 5353 Ιηαηὶηιοιιιπι.
1045 5302 1259 5356 Christo
1294 5298 1527 5353 animum
1565 5315 1788 5370 negasse
1820 5299 1975 5352 Aria-

415 5385 515 5425 nos
540 5380 742 5423 certum
771 5380 873 5424 est.
912 5370 964 5423 Id
995 5380 1255 5425 testantur
1281 5371 1625 5429 Athanasius,
1660 5369 1968 5423 Theodore-

418 5448 525 5501 tus,
557 5449 735 5507 atque,
770 5450 828 5491 ut
858 5443 992 5494 alios
1030 5450 1256 5503 taceam,
1290 5442 1621 5507 Augustinus
1653 5443 1702 5492 in
1732 5442 1866 5492 libro
1895 5439 1969 5492 De

414 5509 696 5579 ltwresibus
729 5510 914 5563 hzeresi
950 5526 1094 5575 χιιι,
1115 5526 1233 5579 qua:
1250 5510 1681 5563 estArianorum.
1717 5528 1733 5559 ι
1760 5508 1815 5562 ln
1845 5524 1965 5570 eo,»

416 5578 610 5645 inquit,
646 5596 665 5630 ι
696 5581 838 5648 quod
883 5578 1157 5634 Christum
1215 5579 1331 5631 sine
1377 5581 1553 5633 anima
1597 5595 1813 5632 carnem
1848 5594 1964 5632 sus-

415 5648 622 5714 cepisse
651 5648 999 5714 arbitrantur,
1030 5650 1207 5702 minus
1252 5648 1366 5702 noti
1408 5658 1596 5718 sunt...
1628 5654 1719 5703 sed
1752 5652 1853 5703 hoc
1882 5663 1973 5701 ve-

418 5731 534 5787 rum
560 5732 685 5773 esse
710 5723 765 5771 et
782 5718 1116 5786 Epiphanius
1141 5733 1244 5772 non
1279 5720 1465 5783 tacuit,
1493 5729 1547 5771 et
1570 5734 1668 5787 ego
1691 5734 1755 5771 ex
1783 5732 1967 5771 eorum

415 5786 729 5857 quihusdam
778 5790 1013 5860 scriptis,
1065 5798 1118 5846 et
1165 5786 1968 5862 collocutionibus’~certissime

2079 3258 2232 3329 φικὰ,
2268 3259 2335 3312 τά
2386 3258 2600 3329 μακρὰν
2662 3258 2935 3328 ἀπέχοντα
2986 3258 3093 3310 τῶν
3141 3256 3434 3327 αίρετικῶν
3486 3273 3631 3307 κακο-

2078 3350 2254 3415 νοιῶν,
2292 3351 2368 3414 ὼς
2397 3350 2495 3421 ἤδη
2535 3368 2624 3421 μοι
2659 3349 2892 3421 εἴρηται,
2930 3346 3305 3421 μαθησόμεθα.
3337 3348 3420 3400 ὅτι
3443 3348 3505 3399 οὗ
3537 3346 3631 3398 δεί-

2074 3441 2186 3494 διεν
2240 3442 2268 3493 ὁ
2298 3441 2505 3512 τροπῆς
2534 3440 2627 3493 καὶ
2656 3439 2859 3502 πάθους
2896 3438 3093 3502 παντὸς
3132 3438 3398 3507 ἀμέτοχος
3434 3436 3580 3498 Θεὸς,
3609 3437 3633 3486 ὁ

2074 3528 2272 3596 ἑκοντὶ,
2327 3531 2465 3583 κατὰ
2513 3530 2603 3584 τὸν
2660 3531 2978 3584 ’Δπόστολον
3030 3528 3291 3591 Γαλάταις
3346 3528 3630 3597 γράφοντα,

2080 3640 2099 3673 ι
2152 3621 2619 3693 Ἀπεκδυσάμενος
2650 3621 2748 3685 τὰς
2770 3621 2943 3694 ἀρχὰς
2976 3621 3068 3675 καὶ
3095 3620 3359 3685 ἐξουσίας,
3394 3618 3491 3671 καὶ
3526 3617 3634 3678 δοὺς

2073 3712 2263 3765 ἑαυτὸν
2308 3710 2446 3782 ὑπὲρ
2478 3710 2583 3763 τῶν
2632 3710 2915 3780 ἁμαρτιῶν
2964 3709 3142 3779 ἡμῶν,
3197 3710 3347 3770 ὅπως
3398 3707 3632 3778 ὲξέἓηται

2073 3805 2221 3875 ἡμᾶς
2248 3804 2312 3857 ὲκ
2331 3802 2423 3857 τοῦ
2458 3801 2651 3865 αἰῶνος
2675 3801 2767 3855 τοῦ
2800 3801 3090 3865 ἐνεστῶτος
3122 3799 3356 3871 πονηροῦ
3376 3814 3391 3829 ’
3433 3818 3450 3849 ι
3478 3802 3506 3852 δ
3530 3802 3633 3850 ἐπι-

2074 3896 2279 3967 πλήξας
2316 3896 2505 3966 Πέτρῳ
2536 3894 2941 3965 δυσχεράναντι,
3002 3894 3162 3963 ήνίκα
3206 3892 3473 3960 προέλεγε
3536 3890 3632 3941 δεῖν

2076 3988 2448 4058 σταυρωθῆναι
2493 3986 2674 4050 αὐτὸν,
2728 3987 2819 4038 καὶ
2868 3986 3175 4047 ἀποθανεῖν,
3213 3984 3307 4036 καὶ
3361 3986 3432 4053 τῇ
3490 3983 3632 4053 τρίτῃ

2074 4076 2259 4148 ἡμέρᾳ
2288 4076 2577 4147 ἀναστῆναι
2596 4092 2609 4105 °
2645 4078 2672 4128 ὁ
2702 4074 2979 4144 ἐθελοντὴς
3002 4075 3093 4126 ἐπὶ
3120 4074 3210 4126 τὸν
3247 4071 3477 4142 σταυρὸν
3499 4070 3631 4123 dual-

2076 4168 2206 4234 θὼν,
2248 4169 2341 4223 καὶ
2401 4166 2805 4237 ἡγαλλιωμένος
2856 4166 2931 4229 ὡς
2978 4165 3139 4233 γίγας
3179 4165 3408 4234 δραμεῖν
3438 4163 3559 4234 [190
3590 4160 3634 4229 II

2074 4257 2190 4311 ὁδόν
2214 4273 2228 4287 ο
2255 4258 2283 4309 ὁ
2309 4254 2386 4326 τῷ
2414 4255 2659 4325 ζωοποιῷ
2686 4256 2849 4307 αὑτοῦ
2889 4254 3101 4324 θανάτῳ
3124 4254 3212 4305 τὸν
3238 4253 3467 4306 θάνατον
3490 4252 3635 4303 θανα-

2075 4348 2249 4411 τώσας
2304 4348 2396 4400 καὶ
2448 4347 2653 4409 πάντας
2712 4349 2775 4399 ὲκ
2806 4346 3031 4399 θανάτου
3068 4344 3469 4415 λυτρούμενοςο
3510 4338 3567 4396 οὗ
3604 4344 3633 4409 ἡ

2076 4437 2416 4502 αὑτεξούσιος
2448 4438 2695 4509 ἐνέργεια
2727 4438 2820 4490 καὶ
2850 4436 2977 4491 ἄλλο
3021 4435 3221 4505 πλῆθος
3263 4433 3480 4505 θανάτῳ
3518 4434 3635 4503 χρό-

2080 4546 2190 4583 νιον
2218 4528 2331 4599 ἅμα
2354 4528 2501 4599 αὐτῷ
2531 4528 2921 4597 συνανέστησεν
2940 4569 2955 4592 ,
2985 4529 3078 4581 καὶ
3115 4528 3212 4600 ὅλῃ
3238 4530 3304 4596 τῇ
3332 4527 3636 4598 ἀνθρωπεία

2080 4620 2238 4689 φύσει
2263 4620 2606 4683 ἀναστάσεως
2633 4619 2822 4671 ἐλπίδα
2850 4619 3154 4691 ἐδωρήσατο
3175 4635 3188 4646 ·
3220 4620 3248 4671 ὁ
3269 4620 3433 4671 πᾶσιν
3448 4618 3635 4685 ipsi?”

2078 4712 2491 4774 κατασκευάσας
2528 4710 2618 4763 τὸν
2651 4709 2792 4782 ὑπὲρ
2820 4709 2982 4763 αὑτοῦ
3005 4710 3249 4773 θάνατον,
3277 4710 3369 4762 καί
3396 4708 3556 4763 πόθον
3581 4707 3634 4758 τὸ

2076 4949 2338 5019 comperi.
2367 4968 2386 5002 ι
2432 4948 2543 5003 lmo
2574 4947 2772 5002 Lucius
2820 4949 2937 5019 ipse
2977 4948 3206 5001 Ariauus
3260 4948 3312 5000 in
3356 4961 3631 5019 sermone,

2076 5021 2165 5089 qui
2202 5017 2462 5090 allegatur
2488 5019 2798 5090 inconcilio
2826 5017 3197 5077 Laterancnsi,
3227 5018 3365 5084 quod
3402 5017 3631 5070 habitum

2075 5088 2159 5143 est
2188 5088 2329 5142 anno
2363 5088 2488 5152 649,
2523 5088 2737 5142 Christo
2782 5090 3013 5141 animam
3057 5102 3313 5157 expresse
3346 5098 3510 5155 negat
3543 5090 3633 5139 tri-

2075 5161 2343 5214 buendam
2370 5174 2507 5213 esse.

2147 5228 2255 5297 (58)
2293 5226 2485 5280 Procul
2515 5244 2547 5280 a
2578 5227 2813 5279 terrenis.
2849 5224 3049 5286 Codex,
3075 5224 3283 5278 θονίων.
3313 5222 3478 5295 Lego,
3513 5226 3632 5294 χθοο

2076 5298 2223 5351 νίων.
2251 5296 2515 5351 Ρνωιθτοθ
2541 5300 2705 5350 codex
2733 5297 2889 5349 habet
2918 5297 3033 5348 sine
3053 5306 3271 5348 accentu
3299 5299 3451 5364 quasi
3478 5312 3635 5349 unum

2075 5369 2392 5421 vot‘abululn
2425 5366 2748 5435 ἁποτηλόσε.
2780 5364 2943 5430 Lego,
2974 5366 3081 5418 ἄπο
3114 5364 3325 5434 τηλόσε.

2142 5438 2252 5501 (59)
2284 5432 2627 5502 Επεροιὶαυὶὶ.
2656 5435 2831 5489 Prima
2861 5435 2971 5487 haec
2999 5432 3180 5495 verba,
3199 5432 3635 5501 ἀπεκδυσάμενος

2068 5507 2166 5570 τὰς
2196 5506 2369 5576 ἀρχάς
2400 5507 2493 5558 καὶ
2519 5505 2619 5568 τὰς
2649 5504 2914 5576 ἐξουσίας,
2943 5514 3154 5556 exstant
3183 5504 3525 5576 _in_Epistola
3552 5506 3634 5576 (ad

2069 5571 2413 5644 (ὶοΙυεέζόεψ.
2444 5592 2659 5637 u,vers.
2683 5574 2771 5627 15.
2789 5574 3011 5643 Reliqua
3038 5574 3231 5627 veroiu
3250 5571 3347 5641 Ep.
3375 5575 3441 5626 ad
3460 5571 3631 5626 Calai.

2074 5663 2193 5711 cap.
2227 5662 2264 5711 ι,
2293 5662 2431 5699 vers.
2469 5646 2522 5698 4.

2144 5663 2193 5713 p.
2227 5663 2264 5711 ι,
2293 5663 2431 5699 vers.
2469 5663 2522 5698 4.

2144 5718 2253 5785 (60)
2286 5714 2455 5770 Simul
2480 5730 2594 5785 cum
2624 5713 2838 5785 seqipso.
2865 5712 3065 5781 Codex,
3093 5710 3209 5783 ἅμα
3239 5709 3403 5781 αὐτῷ.
3430 5708 3633 5781 Legen-

2073 5781 2197 5842 dum
2233 5781 2465 5842 fortasse
2496 5784 2611 5851 ἅμα
2644 5781 2813 5849 αὐτῷ.
