3758 6376
391 367 488 422 9H

1613 355 1846 412 DIDYMI
1884 355 2354 414 ALEXANDRINI

3513 365 3614 421 912

392 495 571 537 escam
612 477 746 546 ipsis
783 474 892 549 (95)
938 475 993 530 iu
1046 481 1288 544 tempore
1317 482 1656 544 opportuno:
1689 475 1869 544 aperis
1899 483 1949 527 tu

2060 475 2235 528 δοῦναι
2295 475 2392 546 τὴν
2442 473 2650 546 τροφὴν
2706 474 2887 538 αὐτοῖς
2949 475 3028 538 είς
3085 474 3368 547 εὔκαιρον·
3413 495 3432 529 ι
3479 482 3509 531 6
3558 484 3618 534 ἐκ

393 584 611 624 manum
636 578 805 630 tuam,
827 577 882 621 et
898 565 1087 635 imples
1099 581 1259 621 omne
1279 563 1477 618 animal
1502 562 1882 633 complacentia
1904 581 1952 624 ς»

391 671 448 715 et
470 674 682 715 rursus:
719 658 936 714 «Omnia
962 658 1072 729 (96)
1097 667 1148 713 te
1171 665 1501 727 exspectant,
1529 663 1586 708 ut
1615 657 1709 710 des
1729 655 1957 727 illis(97)

395 762 572 802 escam
603 748 655 801 in
699 757 940 816 tempore
981 755 1312 814 opportuno;
1353 763 1372 796 ι
1405 746 1450 796 is
1478 745 1566 812 qui
1608 758 1672 796 ex
1726 746 1961 814 quinque

393 838 622 908 panibus
649 847 703 892 et
729 836 936 891 duobus
963 836 1196 904 piscibus
1221 837 1460 902 quinque
1491 835 1766 887 hominum
1794 834 1958 888 millia

397 937 597 998 praeter
623 928 878 982 mulieres
927 935 981 979 et
1032 926 1286 995 puerulos
1336 926 1619 991 saturavit,
1656 934 1710 979 et
1736 936 1791 977 ut
1827 925 1961 978 duo-

397 1022 565 1078 decim
594 1019 805 1083 cophini
869 1017 1290 1086 fragmentorum
1348 1026 1710 1084 superessent,
1751 1017 1956 1082 effecit;

398 1113 490 1181 qui
531 1110 665 1164 dixit
697 1108 948 1162 diabolo:
1007 1125 1026 1156 ι
1081 1106 1194 1160 Non
1250 1107 1302 1160 in
1355 1121 1490 1174 pane
1522 1107 1635 1177 (98)
1667 1107 1780 1162 solo
1817 1107 1959 1160 vivet

396 1203 590 1258 homo:
629 1221 648 1253 ι
682 1199 775 1270 qui
814 1199 1080 1254 universis
1103 1200 1256 1254 uobis
1286 1198 1632 1254 sullicientem
1661 1201 1724 1252 ad
1757 1199 1956 1261 omnia,

394 1303 450 1348 et
485 1293 879 1348 indeiicientem
927 1305 1167 1345 mensam
1208 1290 1492 1358 praposuit
1543 1291 1814 1358 propriam
1863 1289 1961 1343 bo-

399 1386 646 1445 nitatem.
707 1382 999 1448 inquiens:
1060 1399 1078 1432 ι
1120 1380 1220 1447 Qui
1282 1381 1429 1434 venit
1486 1379 1594 1451 (99)
1618 1381 1683 1434 ad
1712 1394 1816 1446 me,
1853 1396 1957 1434 non

395 1475 597 1529 esuriet
631 1474 752 1545 (1):
795 1482 849 1528 et
910 1473 1000 1541 qui
1067 1471 1236 1525 credit
1276 1471 1328 1524 in
1385 1485 1488 1534 me,
1520 1486 1625 1525 non
1669 1471 1818 1524 sitiet
1869 1486 1960 1525 un-

396 1582 591 1636 quam;
619 1584 637 1617 ι
665 1565 824 1637 ἀοι
853 1563 940 1630 qui
966 1563 1032 1615 ad
1060 1561 1217 1615 ficum
1256 1561 1472 1630 quidem
1497 1561 1641 1614 venit
1663 1562 1814 1630 quasi
1836 1576 1958 1614 esu-

396 1658 564 1721 riens,
602 1658 692 1711 sed
726 1655 980 1725 praecepit
1015 1662 1073 1706 ut
1104 1651 1263 1715 Deus,
1303 1668 1369 1707 ne
1395 1667 1454 1707 ea
1488 1652 1672 1722 planta
1722 1653 1957 1706 fructum

393 1750 624 1816 amplius
668 1746 852 1811 ferret,
907 1755 962 1800 et
1013 1745 1152 1799 facto
1221 1758 1521 1800 sermonem
1572 1745 1956 1814 comprobavit,

2067 569 2225 621 πέντε
2251 568 2428 638 ἄρτων
2463 569 2554 622 καὶ
2587 567 2678 621 δύο
2723 567 2919 638 ἰχθύων
2945 569 3405 638 πεντακισχιλίους
3434 573 3618 640 χορτά-

2068 675 2163 720 σας
2210 657 2366 720 ἐκτὸς
2407 657 2674 725 γυναικῶν
2733 657 2829 710 καὶ
2875 657 3134 720 παιδίων,
3183 659 3278 710 κα)⁸
3315 658 3622 714 δωκαὲδεκα

2065 748 2315 817 κοφίνους
2375 746 2700 816 κλασμάτων
2746 747 3092 817 περιττεῦσαι
3160 751 3416 816 ποιήσας·
3460 749 3487 800 ὁ
3545 751 3618 802 εἱ-

2067 839 2182 893 πὼν
2251 837 2330 909 τῷ
2376 839 2638 908 διαϐόλῳ·
2684 858 2702 889 ι
2757 840 2868 891 οὐκ
2921 840 3007 890 ἐπ’
3058 838 3207 910 ἄρτῳ
3268 838 3413 908 μόνῳ
3470 839 3622 908 {ﬁx—

2063 951 2151 986 ται
2186 933 2500 1005 ἅνθρωπος·
2541 952 2559 986 ι
2602 933 2632 984 6
2679 935 2842 987 πᾶσιν
2893 935 3025 1003 ἡμῖν
3073 932 3355 1002 πανταρκῆ
3405 932 3494 984 καὶ
3534 933 3619 984 άν-

2065 1025 2343 1079 έκλειπτον
2395 1026 2692 1096 τράπεζαν,
2749 1026 2846 1096 τὴν
2907 1024 3110 1077 οἰκείαν
3160 1022 3381 1093 προθεὶς
3433 1022 3620 1089 ἀγαθός

2063 1131 2222 1185 τητα,
2287 1115 2380 1167 καὶ
2425 1115 2683 1184 φάσκων·
2730 1133 2750 1166 ι
2797 1115 2854 1167 '0
2900 1114 3189 1185 ἐρχόμενος
3236 1113 3374 1183 πρὸς
3427 1113 3511 1181 μὲ.
3563 1113 3617 1164 οὐ

2069 1206 2141 1277 μὴ
2183 1207 2440 1276 πεινήσῃ·
2479 1206 2572 1259 καὶ
2600 1208 2628 1258 ὁ
2658 1204 2924 1258 πιστεύων
2962 1206 3040 1266 εἰς
3075 1204 3192 1273 ἐμὲ,
3223 1203 3284 1254 οὐ
3323 1201 3398 1272 μὴ
3433 1201 3620 1272 διψήσῃ

2065 1298 2286 1352 πώποτε
2311 1316 2324 1329 ·
2356 1317 2376 1350 ι
2414 1299 2441 1351 6
2477 1297 2644 1350 ἐλθὼν
2686 1297 2784 1368 μὲν
2817 1297 2908 1349 ἐπὶ
2941 1295 3038 1366 τὴν
3084 1297 3250 1363 συκῆν
3291 1293 3488 1345 ὡσανεὶ
3511 1310 3620 1344 πει-

2061 1391 2190 1454 νῶν,
2219 1391 2527 1462 προστάξας
2549 1391 2605 1444 δὲ
2631 1390 2704 1453 ὡς
2733 1389 2862 1452 Θεὸς
2900 1387 3093 1458 μηκέτι
3123 1387 3334 1456 καρπον
3358 1385 3421 1437 τὸ
3460 1382 3615 1452 φυτὸν

2065 1483 2323 1551 ἐνεργεῖν,
2352 1481 2444 1533 καὶ
2476 1480 2634 1550 ἔργον
2667 1477 2744 1548 τῷ
2771 1477 2911 1546 λόγῳ
2941 1475 3168 1536 ἐπιθεὶς,
3200 1475 3292 1526 καὶ
3323 1472 3521 1535 δείξας,
3549 1471 3618 1532 ὡς

2063 1568 2220 1631 αὐτὸς
2243 1563 2309 1639 ἦν
2331 1570 2359 1620 6
2379 1568 2477 1639 τὴν
2499 1568 2669 1637 ἀρχὴν
2689 1565 2854 1618 εἰπών
2875 1583 2886 1593 ·
2929 1582 2946 1613 ι
2988 1563 3331 1630 Ἐξαγαγέτω
3350 1565 3384 1632 ἡ
3403 1566 3471 1630 γῆ
3499 1563 3619 1624 ξύλα

2064 1658 2406 1730 καρποφόρα.
2435 1676 2453 1709 ι
2488 1656 2631 1710 Ἀλλ’
2665 1655 2786 1709 οὕτε
2819 1654 2964 1725 διψᾷ,
3003 1655 3048 1705 εί
3082 1653 3154 1723 μὴ
3186 1653 3275 1705 διά
3310 1652 3406 1723 τὴν
3431 1655 3619 1704 οἰκονοο

2067 1746 2215 1815 μίαν,
2241 1748 2272 1815 ἡ
2293 1745 2556 1806 ἀθάνατος
2581 1743 2750 1814 πηγὴ,
2775 1745 2807 1814 ἡ
2829 1743 2923 1814 τὴν
2958 1743 3287 1812 Σαμαρεῖτιν
3319 1741 3458 1810 ὕδωρ
3485 1740 3618 1808 ζωῆς

393 1839 754 1906 ostenditque,
786 1852 845 1891 se
879 1836 1023 1889 illum
1045 1849 1182 1896 esse.
1214 1834 1304 1905 qui
1326 1833 1479 1888 initio
1499 1834 1708 1888 dixerat
1731 1851 1744 1886 :
1769 1852 1787 1885 ι
1817 1835 1949 1888 Edu-

2062 1837 2232 1890 αἰτεῖν
2263 1837 2391 1907 παρ’
2420 1834 2582 1888 αὐτοῦ
2611 1835 2946 1888 διδάσκουσα.
2992 1834 3172 1903 Ἀρκεῖ
3199 1833 3254 1885 δὲ
3285 1833 3413 1903 περὶ
3441 1832 3617 1884 τούτου

397 1940 486 1984 cat
514 1928 590 2000 (2)
617 1937 757 1981 terra
783 1925 924 1996 ligna
951 1923 1250 1979 fructifera.
1278 1942 1296 1975 ›
1331 1923 1435 1976 Sed
1471 1936 1539 1976 ne
1586 1922 1953 1990 sititquidem,

399 2019 501 2073 nisi
530 2018 918 2073 incarnationis
945 2031 1126 2081 causa,
1155 2015 1200 2069 is
1230 2017 1324 2084 qui
1354 2023 1434 2068 est
1465 2013 1584 2068 fons
1610 2013 1953 2083 immortalis,

394 2108 592 2177 quique
627 2105 1020 2162 Samaritanam
1057 2105 1239 2160 docuit.
1287 2115 1469 2174 petere
1498 2107 1566 2160 ab
1612 2104 1728 2174 ipso
1759 2119 1952 2174 aquam

393 2198 536 2262 vitm.
570 2195 780 2251 Suﬂicit
829 2205 1005 2249 autem
1063 2195 1149 2250 hic
1200 2193 1560 2263 evangelicam
1599 2209 1781 2249 vocem
1807 2209 1955 2249 com-

394 2303 712 2354 memorare,
740 2301 856 2358 qua:
877 2287 956 2341 sic
973 2301 1031 2342 se
1054 2287 1247 2341 habet:
1294 2305 1313 2337 ι
1354 2285 1544 2340 Sciens
1565 2284 1815 2340 Christus
1851 2286 1951 2358 (5).

2055 1927 2152 1998 τῆς
2183 1927 2539 1996 εὐαγγελικῆς
2581 1925 2948 1997 μνημονεῦσαι
2981 1924 3183 1994 φωνῆς,
3211 1925 3310 1993 τῆς
3333 1923 3614 1994 λεγούσης·

2061 2037 2080 2070 ι
2100 2019 2188 2082 Ὠς
2205 2019 2357 2082 εἰδὼς
2372 2021 2399 2072 6
2421 2017 2764 2087 Χριστὸς,ὃτι
2781 2017 2880 2088 ἤδη
2905 2017 3078 2069 πάντα
3095 2015 3221 2087 [195
3241 2015 3614 2088 σ]τετέλεσται,

2063 2109 2152 2162 ἵνα
2191 2108 2448 2179 τελειωθῇ
2465 2111 2496 2180 ἡ
2515 2108 2722 2180 Γραφὴ,
2743 2109 2890 2177 λέγει
2914 2123 2927 2136 ·
2961 2107 3108 2177 Διψῶ
3128 2125 3140 2137 ·
3157 2127 3175 2158 ι
3197 2107 3273 2168 ὡς
3301 2107 3614 2168 δείκνυσθαι,

2057 2199 2132 2270 μὴ
2165 2199 2380 2272 ἀνάγκῃ
2424 2199 2580 2271 δίψης
2620 2198 2991 2268 ἐξεληλυθέναι
3025 2199 3086 2252 τὸ
3123 2198 3294 2268 ῥῆμα,
3333 2198 3467 2250 ἀλλὰ
3492 2198 3615 2268 πρὸς

2051 2289 2112 2342 τὸ
2136 2290 2208 2360 μή
2232 2307 2282 2343 τι
2321 2289 2756 2360 παραλειφθῆναι
2780 2288 2886 2341 τῶν
2929 2290 2984 2340 ἐν
3026 2288 3064 2340 Γ
3071 2291 3270 2359 ραφαῖς
3304 2288 3613 2358 εἰρημένων.

393 2379 659 2450 quodjam
703 2379 879 2434 omnia
910 2386 1276 2434 consummata
1339 2386 1484 2441 sunt,
1534 2386 1594 2430 ut
1657 2389 2121 2434 consummaretur
2193 2378 2488 2451 Scriptura,
2542 2382 2721 2436 dicit:
2784 2380 2949 2436 Sitio:
2993 2399 3012 2432 ι
3067 2389 3126 2433 ιιι
3162 2390 3442 2448 appareat,
3471 2379 3617 2433 Chri-

393 2486 532 2532 stum
558 2489 662 2528 non
696 2472 780 2528 siti
806 2480 1050 2528 coactum
1082 2469 1365 2541 protulisse
1409 2470 1539 2525 illud
1575 2471 1820 2536 verbum,
1853 2472 1946 2528 sed
1986 2487 2051 2528 ne
2081 2475 2354 2546 quidpiam
2412 2476 2751 2531 omitteretur
2787 2489 2994 2538 eorum,
3046 2488 3164 2542 qua:
3225 2474 3277 2526 in
3334 2471 3612 2542 Scriptnris

395 2569 538 2622 dicta
566 2565 803 2620 fuerant.

462 2657 648 2728 Neque
677 2669 868 2712 somno
891 2655 1248 2712 involuntarie
1274 2663 1467 2724 captus
1517 2665 1642 2721 est;
1675 2670 1772 2710 nec
1811 2655 1955 2710 enim

399 2749 522 2804 huic
551 2748 884 2820 perpessioni
911 2747 1182 2814 subjectus
1203 2747 1249 2801 is
1277 2756 1417 2812 erat,
1440 2748 1670 2812 quicum
1691 2748 1955 2813 omnium,

397 2849 507 2894 tum
533 2840 694 2892 etiam
718 2839 890 2894 somni
921 2838 1178 2894 Dominus
1200 2847 1314 2902 est;
1350 2839 1440 2908 qui
1481 2855 1580 2895 nec
1603 2839 1834 2906 ‘dormit,
1857 2854 1956 2894 nec

394 2927 668 2993 dormitat,
697 2927 790 2982 sed
814 2929 1050 2982 custodit
1095 2927 1472 2992 Christianos;
1507 2928 1599 2996 qui
1638 2929 1954 2983 deitateim-

395 3017 665 3086 passibilis
697 3026 798 3083 est,
842 3017 1006 3071 etiam
1054 3032 1174 3071 cum
1235 3019 1288 3070 iu
1349 3017 1689 3087 passionibus
1739 3028 1956 3074 manet:

397 3106 533 3161 adeo
566 3115 623 3161 ut
658 3122 781 3161 eum
817 3106 1020 3161 Psaltes
1050 3107 1127 3162 sic
1157 3107 1496 3178 alloquatur:
1530 3126 1548 3160 ι
1587 3109 1829 3180 Exsurge
1858 3111 1959 3182 (4),

395 3197 545 3253 velut
565 3198 860 3264 dormiens,
887 3199 1127 3253 Domine.
1156 3219 1176 3253 ι
1206 3199 1320 3255 Vox
1347 3211 1546 3265 autem,
1587 3202 1814 3267 «velut,»
1853 3219 1959 3258 non

403 3289 653 3344 absolute
698 3303 945 3344 somnum
1013 3288 1254 3356 indicat;
1325 3308 1445 3346 nam
1502 3293 1664 3347 simul
1724 3298 1888 3362 atque
1929 3309 1961 3349 e

402 3395 594 3435 somno
617 3381 888 3436 excitatus
926 3390 1033 3445 est,
1091 3382 1392 3452 increpavit
1421 3391 1479 3438 ut
1528 3383 1689 3449 Deus,
1715 3399 1779 3439 ac
1819 3387 1958 3439 venti

396 3471 615 3540 quidem
653 3472 886 3541 repressi
931 3481 1077 3536 sunt,
1116 3487 1266 3527 mare
1304 3483 1483 3528 autem
1538 3475 1671 3529 adeo
1715 3475 1956 3529 sedatum

393 3573 500 3628 est,
533 3574 591 3618 ut
631 3564 884 3619 fluctibus
919 3565 1132 3632 agitari.
1183 3574 1239 3618 et
1284 3576 1532 3636 strepere
1562 3565 1837 3632 desinens,
1873 3583 1958 3622 re—

396 3655 504 3710 mis
537 3656 840 3725 pulsaretur
870 3694 888 3722 ,
951 3665 1004 3710 et
1056 3657 1395 3711 occasionem
1434 3657 1698 3726 praberet
1729 3656 1956 3712 canendi

394 3747 654 3818 hymnum
699 3763 823 3803 cum
873 3747 1153 3802 harmonia
1199 3748 1436 3810 nautica,
1477 3757 1678 3804 etcum
1707 3747 1954 3816 volupta-

395 3847 448 3894 te
477 3839 739 3903 omnium,
775 3839 865 3908 qui
909 3838 1376 3900 exclamaverant:
1411 3857 1431 3892 ι
1463 3839 1699 3903 Christe,
1734 3839 1903 3895 salva.
1930 3858 1949 3893 ι

391 3928 528 3986 Cum
550 3930 694 3984 enim
719 3944 844 3985 vera
870 3929 977 3985 vita
1011 3930 1286 3985 dormiens
1313 3931 1636 3999 concipitur,
1665 3939 1791 3984 tunc
1829 3932 1952 3984 uni-

392 4034 548 4076 versa
573 4027 779 4074 mortua
831 4035 954 4076 esse
991 4020 1403 4090 concipiendum
1465 4030 1570 4086 est,
1630 4031 1812 4090 utpote
1835 4036 1954 4089 qua:

391 4123 498 4164 non
557 4108 946 4163 vivificantur:
995 4107 1294 4177 putandum
1345 4116 1428 4164 est
1476 4107 1642 4173 enim,
1689 4107 1790 4161 hac
1826 4107 1952 4160 dor-

392 4197 614 4261 miente,
648 4206 874 4250 mortem
903 4196 1144 4266 vigilare,
1177 4205 1229 4250 et
1260 4196 1526 4250 neminem
1569 4209 1728 4264 posse
1762 4194 1952 4249 vitales

2135 2653 2273 2710 Οὕτε
2312 2653 2464 2724 ὕπνῳ
2507 2654 2581 2725 μὴ
2621 2652 2790 2706 θέλων
2839 2652 3004 2706 ἑάλω·
3055 2653 3116 2705 οὐ
3156 2652 3264 2723 γὰρ
3298 2654 3496 2723 ἡττᾶτο
3528 2652 3611 2706 τοῦ

2065 2749 2290 2812 πάθους,
2330 2750 2358 2802 ὁ
2396 2748 2505 2801 τῶν
2571 2747 2704 2800 ὅλων
2748 2747 2842 2800 καὶ
2883 2746 2976 2798 τοῦ
3019 2745 3185 2799 ὕπνου
3215 2745 3440 2818 Κύριος,
3474 2747 3501 2798 6
3544 2746 3612 2814 μὴ

2065 2839 2248 2894 ὑπνῶν
2279 2839 2416 2910 μηδέ
2443 2835 2744 2902 νυστάζων,
2771 2837 2906 2890 ἀλλὰ
2933 2835 3217 2905 φυλάσσων
3244 2836 3611 2906 Χριστιανοίκ,

2065 2931 2157 2987 κα)⁵
2201 2930 2416 3002 ἀπαθὴς
2464 2933 2528 3000 τῇ
2570 2929 2783 2998 θεότητι
2830 2929 2925 2981 κα).
2958 2929 3014 2980 ἐν
3053 2930 3162 2990 τοῖς
3194 2926 3480 2996 παθήμασι
3515 2927 3613 2980 δια·

2067 3023 2269 3095 μένων·
2305 3022 2380 3086 ὡς
2421 3021 2556 3092 πρὸς
2603 3021 2762 3074 αὐτὸν
2803 3019 3238 3089 ἀναφθέγγεσθαι
3279 3020 3372 3073 τὸν
3406 3019 3613 3089 ψαλμῳ-

2061 3114 2178 3167 δόν·
2222 3133 2240 3164 ι
2298 3112 2641 3183 Ἐξεγέρθητι
2689 3112 2764 3174 ὡς
2803 3113 2832 3164 ὁ
2871 3111 3074 3173 ὑπνῶν,
3119 3109 3310 3180 Κύριε.
3373 3129 3394 3162 ι
3434 3111 3504 3163 T6
3561 3109 3612 3162 ἃ

2068 3225 2085 3256 ι
2137 3205 2212 3269 ὡς
2252 3225 2270 3256 ι
2313 3205 2374 3258 οὐ
2423 3203 2554 3257 καθ’
2593 3203 2741 3267 ἅπαξ
2799 3201 2964 3255 ὕπνον
3007 3202 3294 3272 ἐμφαίνει·
3337 3201 3612 3264 διαναστάς

2061 3295 2170 3366 γάρ
2221 3294 2380 3358 εὐθὺς
2423 3293 2756 3364 ἐπετίμησεν
2790 3293 2864 3357 ὡς
2903 3292 3057 3356 Θεὸς,
3099 3293 3191 3345 καὶ
3216 3293 3264 3344 οἱ
3301 3294 3493 3362 ἄνεμοι
3521 3295 3611 3362 μὲν

2062 3386 2489 3456 κατεστάλησαν,
2543 3387 2576 3456 ἡ
2627 3386 2684 3438 δὲ
2734 3385 2972 3438 θάλαττα
3019 3383 3268 3438 τοσοῦτον
3322 3384 3607 3453 ἐλώφησεν.

2059 3476 2200 3530 ὥστε
2243 3474 2602 3546 κυμαίνεσθαί
2652 3475 2746 3527 καὶ
2791 3474 3111 3544 καχλάζειν,
3170 3475 3370 3543 ἀφεῖσα
3425 3476 3608 3529 τύπτε-

2060 3566 2184 3618 σθαι
2222 3565 2468 3630 κώπαις,
2525 3564 2618 3618 καὶ
2668 3564 2941 3634 πρόφασιν
2993 3563 3159 3635 ὕμνου
3223 3566 3363 3634 μετὰ
3430 3566 3606 3635 μέλους

2057 3654 2252 3707 διδόναι
2304 3651 2588 3715 ναυτικοῦ,
2632 3652 2750 3723 μεθ’
2779 3653 2970 3723 ἡδονῆς
3019 3653 3234 3706 πάντων
3275 3655 3605 3724 κραζόντων·

2063 3761 2082 3817 ι
2122 3743 2345 3813 Χριστέ,
2385 3743 2574 3796 σῶσον.
2608 3761 2626 3795 ι
2660 3743 2829 3796 Ὅταν
2868 3743 2975 3812 γάρ
3017 3745 3049 3813 ἡ
3099 3743 3327 3814 ἀληθινὴ
3361 3745 3474 3816 ζωὴ
3497 3762 3606 3814 νοη-

2057 3833 2174 3904 θείη
2222 3834 2560 3903 κοιμωμένη,
2602 3833 2710 3886 τότ’
2743 3834 2807 3885 ἂν
2851 3834 3066 3904 νοηθείη
3096 3833 3164 3886 τά
3205 3834 3384 3888 πάντα
3432 3836 3608 3904 τεθνη-

2056 3924 2220 3989 κότα,
2255 3924 2331 3986 ὡς
2373 3924 2434 3976 οὕ
2485 3922 2906 3994 ζωοποιούμενα.
2944 3923 3069 3976 Οἴου
3120 3924 3244 3996 γὰρ,
3274 3924 3479 3994 ταύτης
3522 3925 3605 3976 e6-

2053 4015 2269 4084 δούσης,
2309 4016 2398 4068 τὸν
2433 4015 2660 4068 θάνατον
2689 4015 3065 4086 ἐγρηγορέναι,
3096 4017 3189 4068 καὶ
3223 4016 3414 4086 μηδενὶ
3439 4016 3604 4086 ὑπάρ-

2053 4122 2167 4174 χειν
2203 4105 2304 4168 τάς
2340 4102 2572 4167 ζωτικάς
2595 4101 2884 4173 δρέπεσθαι
2927 4101 3122 4173 αὕρας.
3166 4102 3302 4153 Οὕτε
3349 4103 3604 4171 πτιοχεὺει

2052 4191 2165 4259 οὖν,
2195 4195 2271 4258 ὡς
2303 4194 2506 4249 ἄνωθεν
2551 4194 2625 4246 ὢν
2667 4193 2935 4263 ἀνενδεὴς,
2983 4193 3011 4243 6
3059 4192 3311 4255 πλούσιος
3354 4195 3411 4245 ἐν
3453 4194 3601 4253 ἐλέει,

395 4301 558 4340 auras
589 4301 834 4355 carpere.
863 4285 940 4341 Ne
968 4300 1171 4356 pauper
1197 4287 1414 4356 quidem
1458 4296 1540 4340 est
1577 4300 1726 4355 ergo,
1753 4287 1949 4355 quippe

2060 4289 2149 4340 καὶ
2205 4285 2406 4354 ἀγαθὸς
2445 4287 2502 4338 ἐν
2549 4287 2888 4355 οἰκτιρμοῖς,
2935 4285 2963 4336 6
3007 4285 3296 4354 φάρμακον
3335 4284 3412 4354 τῷ
3460 4285 3602 4350 ἄλγει

392 4375 484 4444 qui
522 4375 588 4428 de
614 4374 752 4429 cmlo
785 4382 868 4430 est
901 4375 1098 4430 nullius
1151 4375 1229 4431 rei
1276 4375 1486 4445 indigus
1531 4375 1608 4446 (5)
1660 4375 1725 4441 is,
1755 4375 1846 4444 qui
1869 4386 1952 4430 est

402 4466 552 4522 dives
577 4464 658 4537 (6)
689 4467 740 4520 in
770 4466 1164 4533 misericordia,
1212 4477 1268 4522 et
1298 4467 1466 4521 bonus
1496 4466 1548 4520 in
1586 4467 1951 4521 miserationi-

380 4559 529 4614 bus:
561 4557 759 4627 quique
783 4557 953 4612 dolori
1006 4557 1341 4628 paupertatis
1389 4565 1584 4612 nostra!
1626 4557 1944 4612 medicinam

391 4648 629 4704 adhibuit
663 4647 888 4718 ipsemet
913 4648 1336 4704 incarnationem
1383 4663 1556 4704 suam.
1607 4645 1788 4719 Neque
1811 4649 1942 4703 alie-

385 4756 461 4796 no
490 4742 690 4812 indiget
735 4741 823 4796 ille
877 4741 1106 4798 robore:
1148 4741 1405 4810 scriptum
1465 4748 1549 4793 est
1599 4741 1764 4801 enim,
1803 4738 1944 4808 quod

390 4829 445 4883 in
496 4827 613 4898 ipso
654 4828 731 4899 (7)
782 4839 1034 4884 constant
1077 4829 1256 4884 omnia
1297 4846 1314 4895 ;
1358 4837 1413 4883 ct
1453 4827 1594 4898 quod
1640 4827 1872 4882 flectitur
1894 4829 1943 4883 ei

460 5010 569 5082 (95)
609 5011 766 5080 Ipsis.
791 5009 978 5066 Graeca
1031 5009 1191 5065 editio
1223 5028 1236 5062 :
1267 5006 1445 5062 αὐτῶν
1511 5007 1561 5060 id
1599 5017 1710 5070 est,
1747 5025 1767 5059 ι
1806 5008 1945 5076 ipso-

395 5096 594 5218 migii),
612 5148 821 5218 Omnia.
855 5147 996 5202 Psal.
1027 5162 1143 5218 Clll,
1171 5145 1241 5200 2‘3
1277 5145 1537 5218 (senum).

461 5214 568 5289 (97)
606 5217 745 5272 Illis.
789 5219 974 5273 Graeca
1020 5217 1184 5271 editio
1218 5233 1232 5269 :
1286 5214 1572 5277 αὐτῶν,ίά
1621 5225 1720 5280 est,
1760 5234 1780 5267 ί
1819 5214 1938 5269 illo-

389 5301 530 5349 rum,
565 5305 584 5338 ι
621 5297 674 5355 ιιι
702 5289 860 5355 paulo
889 5296 1033 5355 ante.

445 5355 570 5423 (98)
611 5353 732 5408 Non
757 5358 808 5410 in
837 5372 983 5422 pane.
1017 5353 1204 5408 Matth.
1240 5368 1313 5415 Iv.
1345 5354 1398 5407 4.

483 5425 573 5494 99)
613 5424 716 5490 Qui
736 5428 888 5478 venit.
920 5423 1074 5478 Joau.
1107 5439 1182 5486 vt,
1208 5423 1296 5476 55.

488 5495 532 5564 ι)
556 5493 803 5549 Εειιτὶει.
839 5496 1037 5564 (Index,
1065 5495 1291 5564 πεινήσῃ
1324 5509 1417 5562 pro
1443 5493 1690 5562 πεινάσῃ.

424 5562 537 5644 ,(θὲ)
579 5564 802 5616 Educet.
833 5562 966 5618 Gen.
999 5577 1039 5626 ι,
1079 5563 1164 5617 12.
1208 5562 1434 5617 sensum
1468 5574 1642 5616 tamen
1681 5567 1938 5616 duntaxat

388 5644 537 5772 αιῖό)
575 5700 756 5756 Sciens
795 5700 1052 5756 Christus.
1075 5699 1228 5756 Joan.
1259 5717 1367 5766 XIX,
1417 5699 1506 5754 9.8.
1541 5700 1706 5755 Biblia
1742 5701 1938 5756 habent

2047 4379 2145 4447 τῆς
2190 4377 2463 4447 πτωχείας
2501 4376 2598 4447 τὴν
2651 4378 2782 4446 παρ’
2837 4375 3031 4428 ἑαυτοῦ
3079 4376 3394 4446 οἰκονομίαν
3441 4392 3597 4445 χορη-

2047 4469 2177 4538 γῶν.
2215 4469 2348 4521 Οὐδὲ
2389 4467 2570 4538 ἰσχύος
2599 4467 2862 4520 ἐπιδεῖται
2891 4467 3174 4538 ἀλλοτρίας
3206 4468 3441 4530 ἐκεῖνος·
3478 4469 3600 4538 γρά-

2051 4575 2139 4626 φει
2171 4558 2306 4629 γὰρ,
2340 4558 2416 4620 ὡς
2463 4559 2520 4609 ἐν
2557 4557 2703 4627 αὑτῴ
2743 4556 3073 4627 συνέστηκεν
3123 4558 3192 4611 τά
3245 4557 3461 4620 πάντα,
3514 4559 3600 4611 καὶ

2050 4647 2124 4710 ὼς
2179 4647 2416 4715 κάμπτει
2460 4645 2606 4716 αὐτῷ
2650 4648 2756 4698 πᾶν
2786 4646 2912 4712 γόνυ
2953 4646 3320 4716 ἐπουρανίων,
3366 4648 3458 4699 καὶ
3490 4650 3599 4698 ἑπιο

2049 4736 2230 4804 γείων.
2264 4737 2355 4789 καὶ
2405 4737 2794 4806 καταχθονίων,
2837 4737 2933 4788 καὶ
2977 4737 3057 4789 ὅτι
3103 4738 3158 4789 ἐν
3196 4737 3327 4809 [195
3368 4740 3422 4812 b]
3470 4741 3595 4809 αὐτῇ

2049 4829 2114 4897 τῇ
2153 4828 2431 4898 οἰκονομίᾳ
2461 4827 2846 4898 προσελθόντες
2871 4828 3091 4897 ἄγγελοι
3131 4829 3408 4899 διηκόνουν
3436 4831 3594 4900 αὐτῷ,

2048 5025 2068 5058 ι
2103 5005 2259 5078 Jesus
2296 5028 2314 5060 ι
2355 5025 2451 5078 pro
2491 5027 2509 5058 ι
2547 5009 2812 5062 Christus.
2853 5030 2870 5062 ι

2236 5075 2505 5151 Εςιτδιὶνρεη
2543 5078 2679 5132 Psal.
2736 5096 2885 5140 thIt,
2938 5080 3008 5134 25
3063 5082 3173 5150 (seu
3235 5083 3349 5151 23).
3411 5085 3588 5139 Graeca

2037 5147 2245 5221 editio:
2280 5149 2367 5221 ἳνα
2391 5149 2442 5202 τί
2485 5149 2689 5221 ὑπνοῖς,
2725 5151 2773 5202 id
2802 5163 2903 5208 est.
2936 5170 2952 5200 ι
2993 5147 3157 5218 quare
3189 5147 3409 5212 dormis.
3451 5175 3467 5204 ι
3502 5172 3589 5221 pm

2036 5215 2112 5291 ᾡς
2139 5218 2167 5268 6
2201 5218 2400 5291 ὑπνῴν.
2429 5220 2563 5291 Δξυιι
2616 5219 2755 5291 ΙξδιιΙ.
2812 5215 3039 5291 Lxxv'tl,‘
3077 5222 3144 5291 11
3205 5224 3319 5291 (seu
3375 5225 3464 5291 65)
3503 5215 3587 5276 'ie-

2035 5287 2178 5354 gitur
2226 5306 2238 5342 :
2281 5287 2578 5362 ἐξηγέρθη,
2629 5288 2703 5352 ὡς
2754 5291 2787 5362 ὁ,
2833 5284 3023 5362 ὑπνῶν
3076 5284 3311 5362 Κύριος,
3378 5284 3585 5355 ἰιΙόῡι,

2039 5371 2058 5404 ι
2089 5363 2411 5419 exsurrexit,
2447 5361 2587 5410 velut
2620 5361 2912 5419 dormiens.
2950 5361 3221 5413 llomiuus.
3256 5380 3274 5411 ι

2033 5425 2441 5547 “(ac-ﬂuuius
2483 5429 2556 5480 rei
2596 5427 2822 5498 indigns.
2858 5429 3060 5493 Codex,
3091 5431 3296 5502 ἐνδεής.
3341 5429 3445 5486 Sed
3475 5439 3583 5502 leg-1

2071 5511 2300 5561 νενοεης.

2129 5565 2183 5636 6)
2223 5565 2392 5636 ῌίυεε.
2427 5567 2620 5636 Ephes.
2650 5582 2711 5627 tt,
2740 5567 2794 5621 4.

2132 5634 2183 5706 7)
2223 5634 2288 5690 In
2318 5638 2447 5706 ipso.
2472 5634 2693 5693 ’Coloss.
2735 5653 2775 5705 ι,
2807 5636 2892 5692 Π.
