3716 6308
402 320 509 373 915

1624 341 1863 397 DIDYMI
1900 340 2370 398 ALEXANDRINI

3514 352 3609 412 9:0

401 436 531 536 Inde
553 450 739 536 autem
772 447 970 515 petitur
1018 455 1315 524 responsio,
1366 466 1420 512 et
1459 460 1780 529 contutatio,
1825 468 1921 518 und

2070 463 2161 515 καὶ
2209 461 2456 531 βαθεῖαν,
2491 462 2640 533 ὅμως
2679 464 2987 536 θεοπρεπῆ,
3028 466 3125 520 καὶ
3166 468 3267 521 οὐκ
3306 467 3607 531 ἀσύνοπτοι,

402 524 503 621 ipsi
535 530 819 621 desumunt
858 541 1281 599 accusationem.
1319 544 1460 601 Idem
1498 549 1643 603 enim
1674 524 1959 621 Apostolus

402 630 431 671 a
465 618 664 685 Spiritu
701 622 993 694 Sapientia:
1019 633 1232 702 sapiens
1271 633 1447 691 factus
1468 618 1795 695 sententiam
1817 643 1957 696 scri-

400 705 478 759 bit
536 721 883 782 summopere
925 733 1104 775 acrem
1153 724 1574 793 quodammodo,
1625 738 1681 783 et
1733 729 1958 799 profun-

402 798 547 863 dam,
597 801 706 857 Deo
747 814 924 861 tamen
960 813 1388 878 convenientem,
1426 829 1523 869 nec
1550 817 1616 869 ad
1657 798 1959 886 intelligen-

402 889 527 942 dum
571 892 861 965 diﬂicilem,
910 911 965 955 et
993 916 1057 956 ex
1089 918 1244 972 aequo
1290 920 1409 960 cum
1458 909 1523 961 ad
1576 909 1956 965 sublimitatem

404 976 677 1050 Unigeniti
714 996 822 1042 tum
867 991 931 1044 ad
959 993 1073 1061 ejus
1108 995 1622 1052 condescensionem
1682 1000 1960 1067 pertinen-

404 1084 536 1144 tem,
563 1094 681 1147 quze
727 1082 805 1137 sie
832 1099 891 1138 se
914 1085 1077 1141 habet
1114 1106 1129 1142 :
1168 1105 1186 1138 ι
1218 1089 1317 1155 Qui
1350 1092 1401 1143 in
1445 1091 1631 1147 diebus
1649 1093 1760 1163 (I5)
1782 1096 1960 1150 carnis

406 1181 517 1221 sua:
540 1208 555 1232 ,
601 1185 787 1239 preces
822 1175 1344 1248 supplicationesque
1376 1182 1441 1233 ad
1472 1196 1591 1235 eum
1614 1224 1629 1249 ,
1666 1185 1754 1252 qui
1792 1186 1961 1253 possit

403 1256 549 1311 illum
567 1262 768 1315 salvum
790 1262 967 1319 facere
986 1282 1014 1319 a
1040 1279 1229 1331 morte,
1245 1285 1365 1325 cum
1401 1276 1633 1328 clamore
1649 1275 1823 1329 valido
1850 1274 1960 1346 (I6)

403 1348 654 1416 oﬁ‘erens,
702 1364 756 1409 et
784 1358 1071 1414 exauditus
1103 1360 1172 1413 ob
1207 1361 1514 1427 εὐλάϐειαν,
1546 1365 1596 1418 id
1654 1377 1759 1430 est,
1794 1368 1962 1436 pieta.

408 1452 538 1507 tem,
597 1448 697 1501 etsi
753 1460 899 1504 esset
933 1450 1122 1517 Filius,
1152 1453 1343 1509 didicit
1380 1471 1444 1510 ex
1480 1456 1576 1524 iis,
1606 1472 1723 1526 qua:
1770 1474 1958 1527 passus

403 1546 505 1598 est,
542 1537 925 1597 obedientiam.
962 1562 981 1595 ι
1028 1543 1318 1615 Postquam
1348 1562 1477 1617 ergo
1522 1548 1653 1618 ipse,
1700 1560 1963 1619 quatenus

403 1639 468 1678 ex
522 1628 728 1685 duabus
769 1633 975 1687 naturis
1019 1646 1299 1699 constans,
1333 1636 1427 1692 Dei
1471 1637 1638 1693 Filius
1704 1642 1963 1697 naturalis

404 1716 805 1777 demonstratus
829 1734 931 1789 est,
1001 1740 1105 1779 non
1134 1741 1264 1781 vero
1289 1727 1442 1793 alias,
1473 1744 1538 1784 ac
1568 1741 1825 1799 praeterea
1857 1749 1959 1786 non

2066 551 2159 603 καὶ
2198 550 2741 621 ἑπαμφοτερίζουσαν
2775 555 2851 625 τῷ
2883 572 2941 607 τε
2976 555 3226 626 ὑψώματι
3266 557 3361 610 τοῦ
3395 561 3599 629 Movere.

2064 640 2187 705 νοῦς
2209 643 2302 695 καὶ
2327 644 2392 712 τῇ
2426 644 2825 710 συγκαταϐάσει
2851 647 3011 699 αὑτοῦ
3038 649 3216 717 ῥῆσιν,
3242 648 3467 716 ἔχουσαν
3493 646 3603 705 ὧδε⁶

2072 752 2090 784 ι
2130 734 2226 795 Ὃς
2256 734 2314 786 ἐν
2346 736 2467 796 ταῖς
2498 734 2730 806 ἡμέραις
2754 736 2853 806 τῆς
2882 738 3080 809 σαρκὸς
3109 740 3273 792 αὐτοῦ
3300 740 3501 809 δεήσεις
3524 744 3603 795 καὶ

2069 822 2347 893 ἱκετηρίας
2389 823 2521 893 πρὸς
2551 825 2642 878 τὸν
2674 826 2966 898 δυνάμενον
3000 830 3161 883 αὑτὸν
3206 831 3403 894 σώζειν
3439 836 3499 886 ἐκ
3526 835 3606 887 θα-

2065 913 2226 966 νάτου
2256 914 2393 985 μετὰ
2420 918 2665 988 κραυγῆς
2693 920 2919 991 ἰσχυρᾶς
2948 922 3344 992 προσενέγκας,
3394 925 3483 976 καί
3518 926 3609 976 εἱσ-

2066 1005 2345 1069 ακουσθεὶς
2369 1007 2475 1060 ἀπὸ
2496 1009 2595 1078 τῆς
2617 1010 2917 1076 εὐλαϐείας,
2942 1013 3140 1078 καίπερ
3160 1012 3234 1065 ὣν
3256 1015 3403 1079 Υίὸς,
3429 1016 3607 1085 ἔμαθεν

2065 1098 2157 1167 ἀφ’
2188 1093 2262 1151 ῶν
2288 1098 2508 1166 ἔπαθεν,
2535 1101 2634 1172 τὴν
2656 1102 2920 1173 ὑπακοήν,
2954 1123 2972 1155 ›
3016 1104 3139 1167 Υἱὸς
3161 1100 3252 1158 οὖν
3284 1108 3503 1174 φυσικὸς
3527 1108 3605 1160 τοῦ

2066 1186 2202 1239 Θεοῦ
2246 1190 2386 1242 κατὰ
2418 1190 2480 1243 τὸ
2517 1191 2575 1257 ἐξ
2619 1193 2822 1263 ἀμφοῖν
2863 1194 3234 1265 δεδειγμένος,
3265 1199 3365 1250 οὐκ
3406 1198 3605 1263 ἄλλοτε,

2066 1278 2184 1331 οὐδὲ
2214 1279 2302 1334 διὰ
2334 1280 2431 1351 τὴν
2465 1282 2659 1335 ἑαυτοῦ
2692 1283 2919 1355 θεότητα
2940 1326 2953 1346 ,
2985 1287 3098 1338 ἀλλ’
3132 1288 3220 1340 ὅτε
3248 1284 3317 1359 ἦν
3351 1290 3409 1341 ὲν
3445 1293 3608 1360 σαρκὶ,

2052 1369 2155 1423 -διὰ
2182 1371 2281 1434 τὰς
2321 1374 2525 1444 σάρκας
2552 1375 2644 1427 καὶ
2678 1376 2815 1446 ὑπὲρ
2836 1377 2945 1430 τῶν
2975 1379 3191 1450 σαρκῶν
3221 1381 3515 1451 ἱκετηρίας,
3548 1383 3612 1446 ὡς

2075 1463 2324 1534 εὐλαϐὴς,
2344 1465 2614 1520 τουτέστιν
2641 1486 2659 1518 ι
2696 1468 3095 1541 ἀναμάρτητος,
3142 1493 3160 1525 ι
3185 1474 3460 1526 ἀνέτεινεν
3492 1476 3611 1549 ὑπὲρ

2068 1553 2406 1624 ἁμαρτωλῶν
2436 1556 2647 1627 ἐκείνῳ,
2681 1561 2739 1611 ἐν
2844 1556 2932 1630 ῆν,
2965 1563 3059 1614 καὶ
3085 1562 3142 1614 ὃν
3173 1558 3318 1632 εἶχεν
3346 1566 3406 1616 ἐν
3435 1566 3609 1636 ἐαυτῷ,

2068 1642 2202 1695 καθὸ
2218 1644 2393 1713 ἤνωτο
2424 1647 2571 1718 αὐτῷ
2592 1653 2656 1721 τῇ
2679 1649 2911 1723 θεότητι,
2938 1671 2954 1703 ι
2985 1648 3160 1721 ἀφ’ὧν
3192 1655 3415 1718 ἔπαθεν,
3448 1676 3464 1706 ι
3489 1658 3612 1720 ἰδίως

2070 1735 2405 1803 κοινωνήσας
2432 1739 2565 1806 ἡμῖν
2597 1741 2779 1809 σαρκὶ,
2819 1741 3007 1811 μαθὼν
3033 1745 3262 1811 γενικῶς
3300 1746 3404 1815 τῆς
3436 1748 3611 1817 σαρκὸς

406 1820 623 1877 propter
646 1829 797 1867 suam
839 1817 1114 1886 deitatem,
1141 1820 1235 1875 sed
1264 1823 1475 1891 quando
1512 1833 1631 1879 erat
1693 1826 1745 1880 in
1802 1843 1921 1882 carn

2072 1824 2198 1894 «τὴν
2222 1826 2534 1897 ὑπακοήν-ι
2571 1830 2598 1882 ὅ
2619 1832 2765 1884 ἐστιν
2785 1874 2798 1898 ,
2824 1833 3041 1897 ἐδέξατο
3085 1837 3183 1907 τὴν
3227 1837 3494 1907 ὑπακοὴν,
3533 1840 3613 1891 καὶ

406 1911 623 1968 propter
686 1920 910 1969 carnes,
950 1919 1005 1963 et
1069 1926 1166 1979 pro
1204 1913 1460 1968 carnibus
1524 1916 1960 1985 supplicationes,

407 2001 466 2044 ut
493 1992 747 2066 εὐλαϐὴς,
777 1996 881 2053 1ιοε
909 2009 1011 2063 εει,
1065 2020 1082 2052 ι
1113 2002 1253 2071 pius,
1299 2022 1318 2056 ι
1363 2004 1414 2059 id
1452 2015 1568 2068 est,
1612 2008 1816 2075 peccati
1868 2023 1965 2063 ex-

404 2098 555 2151 pers,
608 2084 747 2139 fudit
783 2101 883 2157 pro
925 2091 1295 2159 peccatoribus
1351 2092 1420 2158 ei,
1468 2094 1519 2147 in
1574 2109 1681 2165 quo
1727 2105 1863 2163 erat,
1913 2106 1967 2153 et

405 2189 562 2244 quem
586 2176 819 2232 habebat
858 2180 912 2233 in
960 2182 1269 2251 semetipso,
1326 2194 1590 2253 quatenus
1643 2187 1784 2241 idem
1841 2203 1963 2245 cum

405 2266 522 2334 ipso
550 2276 667 2323 erat
696 2270 914 2334 deitate,
947 2287 1014 2328 ex
1048 2290 1067 2325 ‹
1104 2274 1169 2329 iis
1190 2314 1205 2342 ,
1238 2289 1356 2344 qua:
1397 2290 1589 2345 passus
1617 2286 1719 2341 est,
1755 2296 1775 2333 ι
1808 2292 1969 2347 pecu-

406 2357 616 2414 liariter
654 2378 672 2412 ι
709 2362 1115 2419 communicans
1159 2365 1314 2421 nobis
1362 2380 1548 2431 carne,
1593 2376 1648 2422 et
1689 2368 1903 2423 discens
1940 2388 1961 2424 ι

407 2454 706 2522 generatim
733 2457 914 2511 carnis
953 2475 972 2507 ι
1003 2457 1368 2513 obedientiam
1402 2475 1417 2511 :
1465 2477 1486 2512 ι
1522 2458 1573 2513 id
1597 2467 1701 2524 est,
1731 2460 1971 2529 suscepit

405 2545 789 2609 obedientiam.
816 2558 871 2602 et
906 2558 1143 2603 veterem
1176 2558 1411 2605 nostram
1441 2548 1857 2604 inobedientiam
1883 2551 1971 2605 de-

2068 1916 2366 1986 ἀπήλειψεν
2400 1919 2495 1989 τὴν
2526 1922 2756 1993 ἀρχαίαν
2786 1928 3095 1999 παρακοήν.
3130 1928 3335 1998 Εῦηθες
3367 1930 3536 1982 τοίνυν
3559 1931 3613 1983 ἂν

2068 2009 2152 2079 εἴη
2202 2010 2281 2072 είς
2305 2011 2402 2080 τὴν
2439 2011 2665 2083 θεότητα
2715 2015 3026 2084 λογίζεσθαι
3057 2019 3116 2071 τὸ
3148 2019 3440 2083 δειλιᾶσαι,
3482 2021 3614 2091 ῆδα-

2072 2095 2292 2166 κρῦσαι,
2323 2099 2354 2169 ἢ
2387 2102 2672 2169 κοπιᾶσαι,
2706 2104 2800 2157 καὶ
2825 2105 2925 2158 ὅσα
2952 2105 3274 2178 προελέχθη.
3309 2108 3490 2160 Πάντα
3524 2108 3616 2177 γὰρ

2070 2187 2291 2241 δύναται
2331 2191 2359 2242 ὁ
2399 2191 2525 2256 Υἱὸς
2559 2193 2754 2262 Λόγος,
2803 2196 2941 2267 πλὴν
2989 2197 3083 2250 τοῦ
3130 2199 3272 2251 κατὰ
3306 2200 3407 2268 τὴν
3447 2216 3618 2269 πατρι-

2066 2279 2166 2350 κὴν
2202 2281 2461 2352 γέννησιν
2485 2284 2658 2338 ταῦτα
2696 2287 3023 2360 ὑποστῆναι,
3064 2288 3139 2352 ῶς
3182 2291 3332 2344 ἐστιν
3380 2290 3616 2343 ἀδύνατον

2067 2370 2373 2440 ψεύσασθαι
2405 2375 2497 2428 τὸν
2542 2376 2695 2442 Θεὸν,
2743 2379 2886 2433 καθὰ
2932 2381 3133 2452 γράψει
3163 2382 3379 2445 Παῦλος
3412 2384 3619 2453 δυσαρεο

2069 2462 2208 2516 στῶν
2241 2467 2352 2528 τοῖς
2397 2466 2677 2532 τοιούτοις.
2717 2471 2868 2540 Ἔχει
2906 2472 2963 2525 δὲ
3001 2466 3131 2526 ὦδε·
3173 2494 3190 2525 ι
3235 2474 3325 2526 Ἐν
3368 2470 3452 2539 οἷς
3479 2476 3610 2529 ἐστιν

2067 2552 2323 2608 ἀδύνατον
2353 2554 2481 2629 [194
2507 2558 2560 2630 b]
2602 2558 2904 2629 ψεύσασθαι
2932 2563 3023 2616 τὸν
3055 2564 3205 2617 Θεόν.
3241 2584 3260 2617 ι

407 2636 557 2693 levit.
594 2640 827 2695 Stultum
852 2656 981 2712 ergo
1017 2642 1156 2697 foret
1200 2644 1253 2698 in
1282 2643 1481 2698 deitate
1508 2644 1757 2700 timorem
1786 2644 2091 2715 concipere,
2121 2657 2212 2703 aut
2251 2648 2457 2713 ﬂetum,
2523 2663 2615 2707 aut
2680 2655 3138 2725 defatigationem,
3202 2666 3256 2710 et
3304 2670 3618 2725 quaecunque

405 2733 738 2815 antea/dicta
787 2744 912 2789 sunt
953 2753 965 2788 :
1007 2735 1189 2789 omnia
1266 2735 1410 2790 enim
1494 2747 1674 2806 potest
1739 2734 1914 2790 Filius
1953 2735 2212 2806 Verbum,
2258 2744 2360 2798 hoc
2409 2752 2617 2799 tantum
2671 2757 2917 2815 excepto,
2969 2749 3111 2817 quod
3147 2748 3233 2803 his
3277 2750 3471 2819 subj-ci
3524 2764 3617 2801 non

404 2833 583 2891 potest
615 2826 909 2880 secundum
935 2836 1214 2895 paternam
1255 2827 1681 2895 generationem,
1713 2842 1778 2882 eo
1807 2828 1964 2883 modo
2000 2843 2107 2898 quo
2131 2831 2247 2887 ﬁeri
2278 2849 2382 2888 non
2419 2846 2613 2903 potest,
2686 2849 2742 2891 ut
2794 2839 2929 2893 Deus
2995 2841 3310 2902 mentiatur,
3340 2843 3479 2894 sicut
3506 2839 3620 2893 scri-

406 2916 483 2971 bit
511 2916 708 2972 Paulus
770 2917 1072 2987 hujusmodi
1138 2918 1446 2975 hominibus
1494 2920 1749 2976 irascens.
1797 2918 1889 2977 Sic
1950 2932 2128 2979 autem
2186 2926 2391 2983 habet:
2426 2948 2444 2981 ι
2476 2927 2531 2983 In
2571 2930 2765 3000 quibus
2799 2932 2908 3004 (I7)
2963 2940 3045 2987 est
3095 2932 3437 3002 impossibile
3482 2949 3617 2987 meu-

406 3009 499 3064 tiri
542 3009 729 3065 Deum.
760 3029 778 3062 ι

478 3100 663 3172 Itaque
696 3103 933 3159 haareticr
978 3122 999 3153 ι
1029 3120 1081 3158 ιη
1112 3118 1267 3160 camo
1300 3105 1447 3177 (I8),
1472 3115 1526 3161 et
1558 3103 1711 3161 freno
1741 3107 1921 3162 maxill

2150 3106 2358 3160 Οὐκοῦν
2390 3125 2408 3158 ι
2432 3106 2670 3179 ἐνίκημῷ
2691 3108 3109 3180 καὶχαλινῷτὰς
3140 3110 3396 3180 σιαγόνας
3430 3111 3617 3165 αὐτῶν.

407 3207 593 3249 eorum
646 3195 953 3251 constrictis
983 3194 1130 3265 (19),
1169 3214 1188 3246 ι
1233 3196 1300 3251 ab
1329 3195 1414 3261 iis,
1454 3210 1575 3265 quae
1616 3198 1830 3267 assequi
1874 3214 1971 3251 ne-

409 3294 631 3353 queunt,
668 3284 943 3350 recedant,
970 3294 1024 3341 et
1060 3301 1178 3356 qua:
1214 3286 1537 3357 investigare
1571 3287 1719 3343 nefas
1744 3297 1846 3353 est,
1874 3303 1972 3343 cu-

406 3376 553 3431 riose
599 3390 703 3430 non
747 3376 1054 3443 inquirant:
1093 3377 1219 3445 quid
1261 3377 1402 3431 enim
1446 3379 1528 3432 his
1559 3394 1693 3446 opus
1734 3379 1974 3435 habent?

407 3465 513 3523 Sed
536 3484 655 3522 cum
680 3468 904 3523 audiunt
926 3482 1045 3538 quae
1065 3468 1223 3523 allata
1248 3468 1415 3535 fuere,
1434 3470 1513 3524 sic
1542 3469 1626 3522 illa
1653 3468 1970 3536 intelligant,

407 3569 469 3613 ut
495 3559 596 3614 alia
628 3560 841 3627 quidem
874 3559 1070 3617 dixerit
1100 3567 1158 3613 ut
1186 3558 1367 3623 homo,
1394 3558 1558 3631 404
1582 3559 1684 3614 alia
1712 3568 1770 3613 ut
1796 3558 1971 3627 Deus;

409 3661 463 3705 et
491 3650 835 3716 ineffabilem,
864 3663 1026 3720 atque
1053 3650 1472 3720 inexplicabilem
1497 3653 1613 3722 ejus
1642 3652 1692 3706 in
1729 3652 1974 3706 homines

409 3741 792 3811 benignitatem
843 3742 1124 3797 nobiscum
1166 3750 1487 3812 agnoscant,
1536 3750 1590 3795 et
1628 3740 1884 3802 adorent,
1921 3749 1975 3794 et

411 3846 530 3883 cum
560 3830 836 3901 Apostolo,
864 3839 917 3885 et
936 3831 1214 3887 nobiseum
1242 3829 1476 3885 clament
1501 3849 1514 3884 :
1550 3850 1568 3882 ι
1604 3830 1711 3884 Pax
1739 3829 1852 3901 (20)
1878 3829 1972 3883 Dei

407 3932 692 3991 exsuperat
741 3937 952 3976 omnem
998 3930 1267 3990 mentem;
1322 3942 1341 3975 ι
1388 3933 1441 3977 ει
1484 3940 1498 3977 :
1545 3941 1565 3975 ‹
1609 3921 1814 3977 Divitiae
1860 3921 1972 3989 (21)

409 4013 610 4067 Christi
648 4022 773 4067 sunt
817 4014 1269 4084 iuinvestigabiles
1303 4031 1316 4068 :
1355 4032 1375 4066 ι
1410 4029 1532 4069 eum
1577 4012 1757 4067 Psalle
1796 4024 1974 4066 autem

409 4105 641 4175 psallant
668 4122 680 4158 :
719 4123 737 4155 ι
769 4103 977 4158 Domini
1000 4105 1198 4174 judicia
1228 4104 1339 4175 (22)
1367 4104 1590 4175 abyssns
1622 4104 1807 4164 multa.
1843 4122 1861 4153 ι
1895 4101 1975 4156 Ita

409 4196 627 4265 quidem
660 4196 772 4250 veri
802 4196 1003 4261 ﬁdeles,
1042 4206 1097 4250 et
1121 4196 1357 4249 accurati
1400 4195 1800 4263 praedicatores.
1844 4194 1976 4248 Pro-

409 4287 521 4341 fani
544 4302 668 4342 vero
692 4301 905 4356 quoque
932 4286 1043 4340 hinc
1073 4285 1319 4352 consilia,
1355 4301 1418 4340 ac
1443 4287 1640 4339 monita
1676 4285 1971 4339 dederunt:

410 4378 621 4437 Arcana
650 4394 712 4431 ne
740 4387 931 4430 tractes
961 4392 978 4430 :
1014 4394 1073 4430 ne
1104 4377 1371 4445 investiges
1399 4376 1600 4430 Deum:

420 4447 526 4502 Nec
546 4450 679 4501 enim
703 4456 779 4500 est
813 4458 959 4500 tanta
992 4448 1188 4500 homini
1212 4451 1310 4508 vis,

416 4514 485 4570 Ut
519 4519 752 4572 omnium
794 4517 1157 4582 insuectorem,
1181 4527 1227 4570 et
1272 4515 1836 4585 incutttprehensibilem
1881 4531 1971 4569 na-

1672 4584 1864 4655 [turam

414 4657 655 4713 Invenire
686 4664 847 4722 possit
879 4658 1257 4725 investigando,
1288 4664 1337 4709 et
1362 4658 1724 4723 excogitando.

410 4728 716 4795 Assequeris
745 4737 918 4780 autem
963 4724 1080 4777 eunt
1110 4726 1287 4793 facile,
1318 4728 1361 4778 si
1391 4741 1667 4791 persuasus
1703 4724 1863 4789 fueris

410 4798 702 4862 Maximum
730 4812 839 4851 esse
863 4795 1196 4852 Conditorem
1240 4797 1595 4848 universarum
1635 4810 1827 4847 rerum.

1005 4884 1158 4941 CAP.
1211 4884 1376 4948 XXII.

484 4978 590 5032 Sed
638 4978 707 5033 ad
759 4978 904 5034 aliud
956 4989 1113 5046 caput
1168 4976 1597 5047 progrediamur.
1660 4974 1843 5045 Itaque
1896 4991 1975 5029 re-

411 5087 665 5138 sponsum
692 5071 853 5125 etiam
905 5069 1360 5139 sapientissimum
1409 5068 1475 5120 ad
1516 5068 1819 5137 generalem
1854 5066 1974 5120 uni-

410 5159 551 5211 \‘ersi
604 5160 761 5211 linem
817 5168 1086 5227 spectans,
1147 5159 1284 5226 quod
1336 5157 1404 5210 ab
1452 5157 1692 5210 omnium
1745 5153 1973 5209 Domino

413 5247 633 5317 apostoli
667 5250 806 5317 apud
848 5248 1084 5303 Marcum
1128 5249 1405 5305 tulerunt:
1446 5266 1465 5299 ι
1503 5248 1575 5301 De
1617 5246 1704 5301 die
1736 5245 1851 5316 (25)
1884 5261 1974 5299 au-

483 5428 597 5496 (15)
632 5426 733 5495 Qui
757 5428 812 5485 in
834 5428 1033 5485 diebus.
1068 5428 1225 5484 Hebr.
1262 5444 1316 5493 ν,
1345 5427 1401 5494 7,
1442 5427 1495 5483 8.

485 5498 592 5567 (I6)
644 5496 849 5553 Valide.
880 5498 1008 5554 Post
1054 5500 1191 5553 hanc
1221 5513 1407 5552 vocem
1434 5498 1637 5553 addunt
1665 5497 1835 5553 Biblia
1876 5497 1972 5560 καὶ

408 5567 681 5641 δακρύων,
713 5568 764 5621 id
794 5578 896 5641 est,
926 5579 1035 5641 cet
1055 5585 1174 5623 cum
1208 5569 1513 5641 Iacrymisa

482 5638 595 5705 (t7)
628 5640 689 5708 In
714 5640 922 5708 quibus.
955 5639 1115 5694 Hebr.
1152 5655 1222 5701 vr,
1269 5638 1354 5694 I8.

484 5710 593 5777 (18)
633 5707 698 5761 In
726 5707 897 5767 canto.
927 5709 1003 5764 Ex
1034 5708 1167 5775 psal.
1202 5724 1349 5771 χχχι,
1379 5724 1517 5763 vers.
1553 5708 1639 5761 12.

483 5775 593 5856 (l9)
632 5777 958 5837 Constrictis.
997 5779 1199 5848 Codex,
1228 5778 1503 5855 ἀχθέντες.
1538 5779 1642 5835 Sed
1669 5775 1971 5849 legendum,

2078 3196 2375 3266 ἀγχθέντες
2403 3198 2693 3269 αἱρετικοὶ,
2711 3199 2819 3252 τῶν
2850 3199 2947 3270 μὲν
2972 3200 3315 3253 ἀνεπιϐάτων
3345 3202 3623 3272 ἀναχωρείο

2075 3304 2277 3349 τωσαν,
2316 3288 2409 3341 καὶ
2442 3288 2476 3342 ἂ
2512 3290 2585 3360 μὴ
2631 3288 2811 3359 θέμις,
2860 3290 2934 3361 μὴ
2981 3290 3621 3360 πολυπραγμονείτωσαν·

2073 3377 2174 3430 ποῦ
2196 3378 2303 3451 γάρ
2320 3381 2413 3433 καὶ
2439 3381 2597 3451 χρεία
2620 3381 2805 3433 τούτου
2834 3382 3049 3445 αὑτοῖς;
3091 3381 3231 3434 Ἀλλ’
3256 3382 3542 3445 ἀκούοντες
3566 3380 3622 3435 τά

2075 3470 2434 3541 προκείμενα,
2464 3471 2775 3537 νοείτωσαν,
2799 3472 2876 3536 ὡς
2902 3471 2937 3525 ἃ
2962 3473 3061 3545 μὲν
3088 3474 3270 3542 ἔλεγεν
3288 3478 3344 3527 ὲν
3369 3477 3481 3539 τοῖς
3502 3478 3623 3545 ἡμε-

2073 3558 2286 3630 τέροις,
2317 3560 2353 3614 ἃ.
2396 3560 2453 3613 δὲ
2496 3563 2553 3613 ὲν
2593 3564 2709 3625 τοῖς
2764 3561 2995 3615 ἐαυτοῦο
3037 3564 3130 3615 καὶ
3172 3564 3269 3635 τὴν
3310 3566 3511 3632 ἄφατον
3541 3565 3623 3617 καὶ

2074 3652 2464 3723 ἀνεκδιήγητον
2488 3652 2650 3705 αὐτοῦ
2687 3652 3093 3725 φιλανθρωπίαν
3124 3654 3239 3724 μεθ’
3269 3655 3425 3723 ἡμῶν
3442 3672 3623 3725 γνωρι-

2076 3742 2317 3807 ζέτωσαν
2340 3744 2428 3796 καὶ
2456 3743 2952 3812 προσκυνείτωσαν,
2980 3747 3071 3797 καὶ
3100 3747 3194 3798 σὺν
3223 3745 3299 3815 τῷ
3337 3746 3623 3816 Ἀποστόλῳ

2075 3835 2171 3889 καὶ
2203 3837 2333 3905 ἡμῖν
2364 3835 2713 3907 κραζέτωσαν
2734 3854 2747 3868 ο
2783 3855 2802 3889 ι
2855 3837 2917 3889 Ἡ
2946 3838 3133 3908 εἰρήνη
3162 3837 3254 3890 τοῦ
3284 3836 3421 3890 Θεοῦ
3478 3839 3625 3906 ὑπερ-

2075 3925 2188 3996 έχει
2232 3926 2407 3979 πάντα
2435 3927 2591 3980 νοῦνο
2630 3947 2647 3979 ι
2677 3928 2791 3991 καὶ,
2830 3948 2847 3979 ι
2906 3929 2962 3980 Ὁ
3001 3928 3229 3991 πλοῦτος
3272 3928 3365 3981 τοῦ
3392 3927 3621 3998 Χριστοῦ

2075 4016 2513 4087 ἀνεξιχνίαστοςο
2552 4035 2571 4069 ι
2623 4017 2741 4089 ἅμα
2782 4018 2837 4071 δὲ
2882 4017 2958 4088 τῷ
2995 4018 3215 4088 μελῳδῷ
3253 4018 3619 4087 ψαλλέτωσαν·

2080 4124 2098 4157 ι
2133 4106 2239 4159 Τοῦ
2276 4106 2480 4178 Κυρίου
2512 4107 2579 4160 τὰ
2622 4107 2863 4179 κρίματα.
2895 4108 3126 4172 ἄϐυσσος
3152 4109 3343 4179 πολλή.
3385 4129 3404 4161 ι
3437 4107 3610 4162 Ταῦτα

2079 4197 2178 4267 μὲν
2216 4198 2267 4249 oi
2312 4197 2578 4269 ἀληθινῶς
2612 4199 2791 4251 πιστοὶ
2822 4199 2915 4252 καὶ
2942 4200 3187 4270 ἀκριϐεῖς
3223 4201 3487 4271 κήρυκες.
3526 4199 3623 4255 Καὶ

2073 4290 2122 4347 oi
2148 4288 2252 4353 ἔξω
2281 4288 2338 4340 δὲ
2366 4287 2790 4341 συνεϐούλευσαν
2820 4289 2915 4341 καὶ
2948 4289 3306 4360 ὲνουθέτησαν
3335 4290 3461 4344 τάδε
3479 4307 3493 4321 ·

2081 4378 2341 4456 ξᾼρῤητα
2366 4376 2452 4445 μὴ
2479 4376 2704 4456 ολάυζευρ
2729 4395 2742 4408 ·
2772 4379 2859 4447 μὴ
2880 4377 3055 4456 ’ζήτει
3083 4380 3248 4432 Θεόν.

2005 4478 2047 4533 D
2341 4446 2829 4533 roao'i'ro'rréat‘tr
2861 4447 3145 4533 ᾀνὸξρὼπῳ
3183 4448 3421 4533 σθένος,

2082 4514 2207 4569 Τύνί
2232 4517 2676 4584 παντεπόπτην,
2719 4516 2835 4585 τὴν
2862 4514 3171 4587 ἀχώρητον
3203 4520 3394 4588 φύσιν

2065 4647 2278 4715 Εὑρεῖν
2319 4649 2694 4715 ἀνιχνεύων-λιι
2729 4650 2825 4701 καὶ
2866 4649 3227 4718 τεχνωμένῳ.

2076 4721 2284 4786 Τύχοις
2322 4718 2371 4770 δ’
2405 4718 2481 4771 ἂν
2510 4719 2693 4772 αὐτοῦ
2715 4719 2957 4787 ῥᾳδίως,
3006 4720 3406 4788 πεπεισμένος

2069 4789 2371 4858 Μέγιστον
2402 4789 2553 4842 εἶναι
2590 4790 2694 4842 τὸν
2734 4788 2995 4855 Ποιητὴν
3020 4788 3137 4841 τῶν
3169 4790 3347 4844 ὅλων.

2683 4880 2839 4933 ΚΕΦ,
2885 4880 3010 4933 KB’.

2155 4970 2294 5023 Ἀλλ’
2333 4971 2417 5040 ἐφ’
2462 4970 2647 5041 ἕτερον
2696 4970 2988 5038 κεφάλαιον
3025 4970 3306 5042 προΐωμεν
3331 5012 3344 5025 .
3384 4971 3493 5022 Και
3530 4967 3619 5037 τὴν

2073 5063 2130 5114 ὲν
2157 5063 2369 5132 Μάρκῳ
2415 5061 2593 5116 τοίνυν
2627 5062 2932 5133 φερομένην
2964 5064 3100 5133 πρὸς
3147 5065 3273 5126 τοὺς
3303 5062 3617 5121 ἀποστόλους

2071 5156 2342 5224 πάνσοφον
2358 5154 2451 5207 τοῦ
2480 5154 2691 5211 πάντων
2717 5155 2986 5208 Δεσπότου
3012 5157 3324 5227 ἀπόκρισιν,
3349 5156 3447 5225 τὴν
3467 5154 3618 5205 ἕνεκα

2068 5246 2163 5300 τοῦ
2198 5246 2414 5315 γενικοῦ
2446 5245 2631 5309 τέλους
2664 5245 2927 5314 λέγουσαν
2970 5247 3160 5303 ταυτίο
3196 5266 3215 5299 ι
3260 5247 3394 5317 Περὶ
3433 5244 3491 5297 δὲ
3527 5242 3617 5310 τῆς

2067 5436 2204 5561 ἓιὲι
2240 5428 2378 5496 lego,
2424 5443 2487 5484 ex
2524 5427 2723 5491 Psalte,
2754 5425 3073 5497 ἀγχθέντες·
3116 5424 3227 5492 ipse
3285 5422 3423 5478 enim
3472 5420 3621 5476 habet

2105 5515 2138 5561 γ
2173 5514 2246 5550 αι.

2105 5514 2246 5567 γςαι.

2141 5569 2251 5638 (20)
2291 5565 2427 5638 Pax.
2474 5565 2701 5638 Philipp.
2730 5582 2803 5630 tv,
2835 5564 2887 5616 7.
2911 5633 2931 5638 Α
2993 5632 3039 5638 __
3378 5610 3385 5617 .

2164 5632 2254 5705 21)
2298 5636 2527 5690 Βὶυἱιίιε.
2560 5632 2754 5703 Ephes.
2790 5652 2873 5696 ιιι.
2905 5633 2963 5705 8ἶ
2984 5632 3123 5688 Citat
3146 5648 3380 5691 sensum.

2166 5703 2255 5776 22)
2292 5707 2528 5759 Judicia.
2561 5706 2704 5776 Psal.
2742 5703 2970 5776 μωμᾷ
3000 5713 3131 5773 (seu
3166 5704 3250 5776 '7).

2146 5710 2233 5776 (22
2292 5710 2528 5759 Judicia.
2566 5710 2704 5759 Psal.
2742 5710 2970 5768 xxxv,,6

2146 5710 2255 5849 (251
2295 5776 2369 5831 De
2404 5778 2509 5832 die.
2552 5775 2714 5830 Marc.
2759 5791 2876 5840 xui,
2905 5774 2993 5829 52.
