3758 6304
119 309 214 363 917

1218 309 1307 364 DE
1346 308 1717 363 TRINITATE
1760 307 1959 364 LIBER
2000 309 2322 368 TERTIUS.

3253 314 3355 369 918

121 428 326 497 ἡμέρας
371 423 621 493 ἐκείνης,
661 424 824 494 ἢτῆς
861 424 1031 496 ὧρας,
1074 424 1248 489 οὐδεὶς
1288 422 1460 492 οἶδεν,
1500 424 1619 477 οὐδὲ
1648 427 1695 477 οἱ

1813 440 1903 479 .em
1940 426 2048 492 illo,
2090 435 2181 480 aut
2221 427 2373 493 hora,
2409 440 2565 480 nemo
2597 426 2774 491 novit,
2814 442 2985 496 neque
3016 429 3228 498 angeli,
3259 433 3350 499 qui

121 517 332 586 ἄγγελοι
360 517 410 567 oi
440 517 501 569 ἐν
534 515 767 587 οὐρανῷ,
799 516 919 569 οὐδὲ
947 519 975 569 6
1005 517 1151 580 Υἱὸς,
1180 519 1227 569 εί
1262 518 1336 590 μὴ
1360 520 1388 571 6
1418 517 1627 588 Πατὴρ,
1661 536 1679 569 ι

123 606 414 678 θεωροῦσιν
459 606 565 674 οὐχ
604 604 789 672 ὑγιῶς.
839 604 1117 669 Ῐνιατθαῖος
1172 604 1300 675 [195
1334 606 1387 676 a]
1444 605 1544 674 μὲν
1589 604 1695 673 γὰρ

124 696 221 766 πρὸ
263 694 433 748 αὑτοῦ
486 694 634 746 κατὰ
672 694 779 747 τῶν
824 694 999 748 ἄλλων
1033 694 1232 760 λέξεων
1277 694 1696 761 ἁπαραλείπτως

127 786 309 849 ἐλθὼν,
358 786 465 838 οὐκ
516 782 671 837 εἶπεν
721 785 811 837 τὸν
845 786 973 839 Υίὸν
1020 788 1268 854 ἀγνοεῖν,
1317 786 1451 839 ἀλλὰ
1502 786 1594 838 καὶ
1639 786 1697 837 τὸ

127 879 301 946 σχῆμα
344 876 483 930 αὐτὸ
550 876 643 929 τοῦ
685 877 872 940 τέλους
918 877 1115 931 εἰδέναι
1170 878 1384 942 ἐξέθετο
1440 878 1693 931 τοιῶσδε·

133 991 148 1019 ι
185 968 404 1039 Περὶ,δέ
448 968 555 1037 τῆς
587 968 798 1039 ἡμέρας
830 970 1062 1040 ἐκείνης,
1102 970 1135 1040 ἢ
1167 970 1268 1039 τῆς
1314 968 1481 1041 ὥρας,
1523 969 1696 1033 οὐδεὶς

126 1054 421 1119 οἷδεν,ούδὲ
446 1057 741 1125 οίᾶγγελοι
764 1057 871 1109 τῶν
913 1058 1178 1127 οὐρανῶν,
1228 1060 1275 1110 εί
1327 1058 1400 1128 μὴ
1446 1059 1472 1109 6
1509 1059 1697 1128 Πατὴρ

134 1149 298 1217 μόνος.
325 1148 554 1219 Ὠσπερ
580 1148 688 1219 γὰρ
718 1151 772 1200 αί
810 1148 1012 1218 ἡμέραι
1043 1148 1134 1201 τοῦ
1159 1148 1304 1209 Νῶε,
1337 1147 1509 1210 οὕτως
1544 1147 1695 1201 ἔσται

130 1240 159 1305 ἡ
210 1238 488 1306 παρουσία
535 1237 632 1289 τοῦ
676 1237 803 1290 Υίοῦ
851 1238 944 1290 τοῦ
991 1236 1297 1308 ἀνθρώπου.
1342 1237 1549 1309 ’Ὠσπερ
1587 1237 1695 1308 γὰρ

128 1321 256 1395 ἦσαν
300 1326 359 1376 ἐν
403 1327 535 1388 ταῖς
583 1326 821 1397 ήμέραις
862 1328 984 1389 ταῖς
1028 1326 1134 1397 πρὸ
1176 1321 1267 1379 τοῦ
1310 1325 1695 1395 κατακλυσμοῦ

132 1415 448 1485 τρώγοντες,
488 1418 586 1469 καὶ
613 1417 881 1479 πίνοντες,
913 1415 1221 1487 γαμοῦντες
1252 1417 1345 1469 καὶ
1375 1416 1699 1487 ἐκγαμίζον-

133 1524 234 1569 τες,
264 1508 393 1577 ἄχρι
424 1504 496 1579 ἧς
524 1509 743 1579 ἡμέρας
777 1507 1028 1577 εἰσῆλθεν
1061 1507 1183 1561 Νῶε
1211 1510 1289 1571 εἰς
1316 1508 1413 1577 τὴν
1444 1507 1695 1572 κιϐωτὸν,

137 1600 223 1650 καὶ
249 1600 345 1650 οὐκ
383 1598 663 1666 ἔγνωσαν,
706 1600 810 1663 ἕως
845 1599 1081 1669 ἐπῆλθεν
1112 1601 1140 1652 6
1171 1600 1572 1670 κατακλυσμὸς,
1605 1600 1697 1653 καὶ

134 1682 254 1754 ἦρεν
286 1686 497 1750 πάντας
518 1704 533 1717 ο
561 1688 734 1751 οὕτως
768 1688 920 1742 ἐσται
950 1690 1041 1742 κα)⁸
1076 1691 1107 1760 ἡ
1146 1690 1413 1760 παρουσία
1445 1689 1539 1742 τοῦ
1567 1688 1696 1743 Υἱοῦ

137 1779 220 1830 τοῦ
268 1778 586 1849 ἀνθρώπου.
633 1799 652 1832 ι
696 1782 759 1833 υί
808 1776 902 1833 οὖν
953 1780 1103 1834 ἄλλοι
1152 1781 1532 1848 εὐαγγελισταὶ
1580 1782 1698 1835 οὐδὲ
1728 1769 1770 1823 Β

136 1870 258 1931 ὅλως
283 1871 703 1940 ἐμνημόνευσαν
743 1870 965 1924 τούτου·
1016 1871 1152 1924 ἀλλὰ
1182 1873 1320 1925 κατὰ
1358 1872 1559 1944 ταύτης
1599 1874 1697 1943 τῆς

140 1962 403 2032 cipe-uixi};
449 1962 827 2028 ἐναντιώσεως
875 1963 1027 2015 λύσιν
1059 1965 1332 2034 παρέσχον
1373 1966 1423 2016 ot
1464 1964 1693 2017 ἀπόσιτοι

139 2051 226 2113 λοι,
272 2053 329 2104 ἐν
370 2053 449 2122 τῷ
493 2053 642 2106 κατὰ
690 2054 941 2123 Ἰωάννην
986 2055 1300 2124 Εύαγγελίῳ
1345 2055 1574 2123 φάμενοι
1609 2054 1699 2107 οὖ·-

140 2156 263 2203 τως·
296 2160 312 2191 ι
362 2142 477 2194 Νῦν
524 2143 775 2212 οἴδαμεν,
821 2145 901 2196 ὅτι
945 2143 1121 2196 πάντα
1164 2138 1340 2206 οἶδας·
1373 2162 1391 2196 ι
1428 2143 1544 2208 ἅτε,
1596 2160 1699 2215 φη-

144 2232 239 2292 σὶν,
263 2230 386 2294 Υἱὸς
413 2232 594 2301 Λόγος
635 2233 730 2286 τοῦ
761 2233 918 2296 Θεοῦ,
949 2234 1015 2286 δι’
1050 2226 1111 2285 οὗ
1144 2234 1211 2286 τά
1243 2234 1694 2301 πάντα·ἐγένετο’

145 2322 197 2386 ἐξ
220 2316 289 2375 ὧν
324 2324 546 2377 πάντων
586 2324 733 2377 ἐστὶν
768 2325 863 2376 καὶ
899 2325 931 2393 ἡ
977 2324 1179 2394 ἐσχάτη
1216 2325 1417 2396 ἡμέρα.
1450 2324 1561 2377 Καὶ
1594 2325 1698 2397 χρὴ

145 2413 194 2464 δὲ
223 2413 292 2483 μὴ
324 2414 679 2485 καθηκόντως
712 2414 1076 2484 ἐκλαμϐάνειν
1108 2415 1168 2467 τὸ
1197 2414 1570 2485 προνοητικῶς
1602 2417 1700 2487 ἀρ-

146 2504 308 2574 νηθέν.
343 2506 619 2577 Καθάπερ
650 2506 758 2576 γὰρ
794 2507 860 2558 δι’
887 2507 1035 2575 ἡμᾶς
1070 2506 1243 2559 εἵλετο
1275 2508 1487 2577 μορφὴν
1513 2507 1699 2560 δούλου

150 2594 343 2658 λαϐεῖν,
379 2594 525 2648 οὕτω
582 2596 675 2648 καὶ
706 2596 767 2648 τὸ
815 2596 1020 2659 εἰπεῖν,
1056 2596 1136 2649 ὃτι
1171 2598 1373 2665 ἀγνοεῖ.
1422 2599 1700 2670 Φαρμάκῳ

151 2685 244 2756 γὰρ
274 2682 380 2739 οἷον
421 2688 601 2757 τούτῳ
634 2689 927 2759 ἐχρήσατο,
966 2687 1054 2740 διὰ
1083 2692 1144 2741 τὸ
1173 2691 1469 2761 συμφέρειν
1508 2694 1573 2762 τῇ
1609 2693 1702 2745 ἀν-

158 2776 446 2849 θρωπότητι
481 2780 558 2851 μὴ
594 2780 795 2849 γνῶναι
843 2782 941 2847 τὴν
974 2781 1239 2853 ἐρώτησιν
1280 2783 1486 2853 αὐτῆς·
1519 2784 1584 2837 ἵν’
1617 2784 1702 2837 ἀεὶ

155 2869 504 2938 προσδοκῶσα,
552 2872 649 2925 καὶ
690 2872 783 2924 ἐπὶ
839 2872 1033 2943 θύραις
1078 2869 1214 2925 εῖναι
1262 2874 1557 2943 νομίζουσα
1602 2875 1703 2943 τῆς

157 2959 366 3028 κρίσεως
396 2962 485 3015 τὸν
517 2962 732 3034 καιρὸν,
766 2963 983 3036 ἕτοιμος
1019 2964 1246 3034 γένηται
1285 2964 1352 3016 δι’
1398 2964 1573 3035 ἔργων
1610 2968 1703 3019 καὶ

1796 517 1846 570 in
1876 518 2011 572 caelo
2050 526 2195 579 sunt,
2225 532 2396 585 neque
2418 516 2608 581 Filius,
2643 518 2743 572 nisi
2783 516 2962 583 Pater,
3008 538 3026 569 ι
3072 535 3355 590 perperam

1796 608 2237 677 interpretantur.
2280 608 2409 662 Nam
2461 608 2741 663 Matthaeus
2776 609 2987 678 quidem
3040 622 3162 663 ante
3212 610 3355 664 Mar-

1798 714 1917 750 cum
1968 697 2088 751 aliis
2148 697 2325 752 verbis
2375 698 2486 768 (24)
2548 700 2789 754 eamdem
2847 715 2956 753 rem
3018 699 3147 753 nihil
3192 701 3355 755 omit-

1799 790 1957 842 tendo
1989 803 2236 853 narrans,
2265 803 2369 842 non
2401 788 2557 853 dixit,
2600 789 2792 843 Filium
2824 789 3069 860 ignorare
3104 790 3239 859 (‘25),
3264 793 3355 847 sed

1797 878 1878 931 vel
1909 879 2077 947 ipsum
2112 879 2325 932 modum
2375 878 2851 933 consummationis
2878 879 3056 933 mundi
3092 879 3226 933 Filio
3262 896 3356 932 no-

1797 979 1905 1022 tum
1939 984 2059 1024 esse
2089 969 2379 1024 ostendens
2409 970 2479 1023 ita
2505 984 2624 1021 eum
2650 970 2895 1039 exposuit
2924 988 2935 1023 :
2977 988 2994 1021 ι
3034 970 3107 1024 De
3132 971 3215 1024 die
3242 970 3353 1042 (26)

1796 1067 1973 1112 autem
2016 1058 2124 1116 illa.
2159 1068 2249 1110 aut
2274 1059 2404 1112 hora
2455 1058 2771 1129 (27),nemo
2814 1060 2937 1123 scit,
2969 1075 3143 1128 neque
3182 1061 3353 1127 angeli

1797 1149 2078 1214 cmlorum,
2106 1148 2206 1202 nisi
2234 1146 2398 1201 Pater
2423 1148 2534 1217 (28)
2554 1148 2717 1203 solus.
2750 1147 2899 1203 Sicut
2920 1149 3060 1202 enim
3087 1148 3200 1202 dies
3222 1147 3356 1211 Noe,

1799 1241 1867 1293 ita
1897 1240 1999 1294 erit
2018 1243 2278 1294 adventus
2304 1238 2423 1293 Filii
2456 1239 2710 1294 hominis.
2733 1237 2885 1291 Sicut
2908 1239 3048 1292 enim
3071 1238 3181 1309 (‘29)
3201 1247 3358 1292 erant

1796 1330 1987 1387 diebus
2027 1341 2151 1385 ante
2180 1330 2439 1385 diluvium
2470 1330 2813 1384 comedentes
2853 1339 2908 1383 et
2952 1329 3217 1392 bibentes,
3254 1344 3356 1381 nuo

1798 1422 1988 1477 bentes
2050 1432 2103 1476 et
2154 1423 2339 1492 nuptui
2379 1422 2673 1486 tradentes,
2718 1436 2886 1491 usque
2941 1421 3006 1475 ad
3051 1436 3171 1499 eum
3215 1421 3354 1475 diem

1798 1528 1907 1583 quo
1954 1514 2176 1567 intravit
2214 1515 2325 1569 Noe
2380 1514 2430 1567 in
2480 1528 2685 1575 arcam,
2729 1523 2782 1567 et
2823 1527 2927 1565 non
2969 1521 3356 1580 cognoverunt,

1799 1606 1968 1660 donec
1998 1604 2301 1671 supervenit
2331 1604 2446 1673 (50)
2490 1604 2768 1668 diluvium,
2804 1613 2858 1657 et
2880 1602 3000 1656 tulit
3032 1617 3251 1657 omnes:
3285 1603 3355 1656 ita

1800 1696 1999 1749 eritet‘
2035 1695 2295 1747 adventus
2350 1692 2474 1747 Filii
2538 1694 2792 1747 hominis.
2856 1711 2874 1744 ι
2932 1693 3121 1746 Czeteri
3178 1703 3356 1745 autem

1797 1785 2136 1854 evangelista:
2174 1785 2334 1853 hujus
2368 1786 2443 1838 rei
2468 1784 2628 1856 405
2665 1799 2730 1839 ne
2760 1784 3116 1837 meminerunt
3140 1783 3355 1851 quidem

1796 1878 2036 1931 omnino.
2071 1874 2177 1929 Sed
2231 1890 2572 1943 responsum,
2614 1890 2720 1945 quo
2767 1874 2931 1930 hocce
2976 1875 3355 1927 haereticorum

1798 1978 2171 2034 argumentum
2248 1964 2611 2028 solveremus,
2682 1965 2835 2019 nobis
2884 1966 3360 2020 suhtniuistrarunt

1798 2053 2049 2121 apostoli,
2089 2054 2181 2123 qui
2225 2054 2277 2107 in
2318 2053 2606 2122 Evangelia
2647 2055 2940 2108 secundum
2987 2052 3245 2108 Joannem
3278 2053 3359 2105 sic

1798 2144 2129 2213 loquuntur:
2186 2162 2205 2196 ι
2246 2143 2401 2199 Nunc
2445 2144 2558 2215 (51)
2594 2144 2962 2215 cognovimus,
2992 2143 3135 2212 quod
3178 2143 3358 2197 omnia

1798 2237 1903 2291 scis
1936 2255 1950 2290 :
1987 2255 2005 2288 ι
2039 2252 2250 2307 nempe,
2302 2247 2570 2307 quatenus
2620 2235 2793 2290 Filius
2823 2234 3058 2290 Verbum
3112 2233 3230 2300 Dei,
3264 2249 3359 2301 per

1800 2342 1958 2396 quem
1986 2329 2165 2382 omnia
2206 2326 2347 2381 facta
2391 2334 2543 2392 sunt;
2584 2326 2635 2380 in
2677 2326 2913 2381 omnium
2959 2336 3133 2379 autem
3178 2340 3357 2379 rerum

1801 2433 1965 2470 censu
1995 2417 2468 2485 comprehenditur
2508 2418 2668 2471 etiam
2717 2416 2937 2469 ultimus
2978 2414 3111 2468 dies.
3154 2413 3361 2468 Conve-

1801 2509 1965 2562 nienti
1996 2518 2172 2562 autem
2200 2507 2311 2578 (52)
2343 2524 2502 2563 sensu
2550 2507 2893 2578 interpretari
2941 2514 3174 2576 oportet,
3220 2504 3361 2574 quod

1801 2600 2017 2670 provide
2050 2599 2326 2654 aChristo
2377 2609 2623 2670 negatum
2673 2608 2774 2654 est.
2829 2598 2961 2652 Nam
3018 2598 3364 2667 quemadmo-

1802 2692 1927 2744 dum
1957 2699 2175 2760 praptcr
2206 2705 2300 2745 nos
2329 2689 2553 2745 formam
2579 2692 2718 2746 servi
2745 2691 2989 2760 accipere
3029 2687 3359 2757 voluit'(55),

1802 2782 1883 2837 sic
1905 2782 2067 2837 etiam
2093 2782 2271 2836 dicere
2316 2781 2486 2837 voluit
2545 2796 2603 2837 se
2652 2781 2895 2845 nescire;
2927 2782 3026 2834 hoc
3079 2779 3222 2833 enim
3254 2780 3364 2832 vel-

1803 2874 1877 2927 uti
1924 2874 2217 2943 pharmaco
2251 2888 2378 2929 usus
2410 2882 2513 2939 est,
2562 2873 2685 2942 quia
2716 2874 2933 2941 prodest
2959 2870 3276 2924 humanitati
3312 2870 3360 2921 id

1803 2963 2030 3027 nescire,
2064 2963 2127 3017 de
2152 2976 2257 3030 quo
2300 2963 2410 3031 ipsa
2453 2963 2785 3031 interrogat:
2830 2972 2888 3016 ut
2926 2976 3140 3031 semper
3169 2976 3362 3030 exspe-

158 3051 367 3117 πίστεως
395 3056 474 3119 εἰς
524 3056 589 3108 τὸ
626 3056 883 3126 σωθῆναι.
920 3056 1054 3109 Οὐδὲ
1089 3057 1195 3128 γὰρ
1219 3056 1408 3109 ἔλαθεν
1436 3058 1701 3129 δημιουρ-

1813 3063 1978 3119 etans,
2005 3062 2059 3109 et
2090 3054 2141 3107 in
2170 3052 2350 3121 januis
2376 3068 2509 3109 esse
2549 3063 2738 3123 putans
2771 3053 2957 3123 judicii
3002 3064 3232 3123 tempus,
3264 3067 3360 3121 per

160 3144 312 3212 γήσας
355 3147 574 3219 χρόνον,
620 3146 679 3200 ὃν
708 3149 808 3202 οὐκ
849 3149 1147 3217 ἠπίστατο·
1178 3150 1287 3201 οὐδ’
1338 3145 1403 3202 αὖ
1436 3150 1700 3219 ἠγνόησεν

160 3234 245 3301 τὴν
274 3237 458 3289 ἑαυτοῦ
484 3238 747 3309 δευτέραν
776 3238 904 3311 [195
943 3239 995 3311 b]
1042 3240 1361 3311 παρουσίαν,
1392 3240 1420 3291 6
1446 3238 1521 3292 ὢν
1543 3241 1601 3292 ἐν
1626 3238 1703 3310 τῷ

165 3322 335 3393 Πατρὶ,
366 3328 457 3380 καὶ
504 3328 599 3381 τὸν
632 3329 852 3400 Πατέρα
888 3329 1025 3399 ἔχων
1076 3332 1133 3382 ἐν
1183 3329 1392 3399 ἐαυτῷυ
1433 3330 1589 3400 δῆλον
1633 3330 1701 3395 δ’,

166 3413 233 3464 ὅτι
262 3416 349 3469 σὺν
384 3422 448 3489 τῇ
480 3421 691 3490 εἰδήσει
718 3437 731 3450 ·
763 3422 812 3472 εί
844 3420 952 3492 γὰρ
989 3422 1045 3474 ἐν
1079 3422 1225 3492 αύτῷ
1260 3424 1407 3474 ἐστιν
1432 3422 1459 3473 6
1493 3421 1703 3491 Πατὴρ,

167 3504 191 3554 ὁ
218 3506 373 3561 πάντα
401 3510 557 3573 εἰδὼς
579 3550 595 3574 ,
626 3506 763 3565 οἶδεν
790 3512 883 3564 καὶ
914 3512 1094 3575 αὐτὸς,
1128 3514 1155 3566 6
1184 3513 1361 3566 πάντα
1397 3512 1617 3584 θεωρῶν
1644 3514 1704 3567 ἐν

167 3594 233 3660 τῷ
262 3598 437 3669 Πατρί.
475 3601 607 3665 Πῶς
656 3600 766 3672 γὰρ
800 3600 866 3654 ἂν
913 3602 1007 3656 καὶ
1051 3602 1125 3673 μὴ
1176 3602 1379 3673 βλέποι,
1416 3605 1445 3655 ὁ
1484 3602 1544 3656 τὸ
1590 3602 1703 3671 φῶς

170 3685 284 3755 ἔχων
314 3690 366 3743 ἐν
402 3693 604 3764 ἐαυτῷ,
634 3695 663 3746 6
697 3692 874 3746 πάντα
912 3694 991 3757 είς
1030 3694 1181 3759 τάξιν
1227 3695 1319 3746 καὶ
1351 3693 1704 3763 διακόσμησιν

171 3776 383 3846 ἀγαγὼν,
421 3785 449 3836 6
484 3786 666 3839 πάντα
704 3782 858 3847 είδὼς
892 3784 996 3854 πρὸ
1042 3783 1305 3851 γενέσεως
1336 3782 1533 3846 αὐτῶν,
1562 3785 1591 3836 6
1621 3783 1707 3853 δη-

177 3872 403 3940 μιουργὸς
430 3876 536 3929 τῶν
566 3876 792 3947 χρόνων,
820 3877 849 3927 6
876 3876 970 3928 καὶ
996 3876 1143 3946 ὃριον
1170 3875 1391 3944 θέμενος
1415 3877 1479 3945 τῇ
1509 3874 1703 3939 κτίσει,

177 3958 254 4009 καὶ
279 3961 517 4018 τὸ-ποσὸν
556 3965 665 4017 τῶν
695 3964 913 4035 ἡμερῶν
954 3964 1242 4033 παγιῶσας
1268 3965 1367 4034 τῆς
1400 3964 1704 4029 συστάσεως

176 4048 337 4121 αὐτῆς,
378 4057 468 4109 καὶ
494 4055 701 4109 εἰπών’
750 4075 768 4107 ι
829 4058 913 4120 Ὠς
942 4057 1182 4127 κλέπτης
1205 4059 1261 4109 ἐν
1308 4058 1469 4109 νυκτὶ·
1492 4056 1707 4129 ἔρχεται

179 4139 207 4207 ἡ
255 4143 520 4202 τελευταία
571 4148 780 4219 ἡμέρα⁶
820 4168 837 4201 ι
876 4150 970 4201 καὶ
1004 4148 1191 4202 πάλιν·
1229 4167 1248 4199 ι
1295 4150 1407 4201 Οὐκ
1464 4148 1613 4202 ἔσται
1650 4150 1708 4203 ἐν

180 4236 329 4297 νυκτὶ,
369 4239 450 4292 ἵνα
482 4243 514 4311 ἠ
546 4241 729 4312 ἡμέρα
766 4242 823 4293 ἐν
867 4241 1054 4311 σκοτίᾳ
1091 4241 1234 4310 ὑμᾶς
1272 4239 1579 4313 καταλάϐῃ*
1622 4259 1639 4291 ι
1681 4241 1709 4292 6

182 4323 259 4375 καὶ
298 4328 360 4381 τὰ
409 4333 645 4403 ἐσόμενα
694 4335 896 4403 σημεῖα
958 4333 1085 4402 περὶ
1137 4333 1342 4386 ἐκεῖνον
1379 4333 1470 4385 τὸν
1520 4331 1709 4404 καιρὸν

1801 3160 1988 3215 opera,
2036 3155 2091 3201 et
2139 3161 2235 3217 per
2284 3146 2442 3201 ﬁdem
2481 3154 2665 3217 parata
2720 3155 2953 3209 maneat,
3000 3155 3059 3198 ut
3103 3148 3359 3199 salvetur.

1802 3237 1910 3293 Nec
1954 3238 2097 3292 enim
2142 3238 2455 3309 imprudens
2495 3236 2734 3293 condidit
2780 3238 2895 3307 ipse
2947 3236 3073 3289 illud
3132 3246 3360 3303 tempus,

1801 3330 1943 3399 quod
1984 3329 2252 3393 nesciret,
2300 3341 2475 3397 neque
2516 3337 2776 3396 praeterea
2817 3326 3041 3379 alterum
3072 3339 3225 3378 suum
3273 3323 3366 3376 ad-

1802 3430 2023 3477 ventum
2053 3422 2321 3488 ignoravit
2351 3421 2395 3474 is
2424 3420 2513 3489 qui
2542 3428 2595 3473 et
2634 3430 2718 3473 est
2758 3418 2810 3471 in
2840 3416 3018 3479 Patre,
3065 3425 3119 3470 et
3151 3412 3365 3467 Patren

1803 3514 1965 3567 habet
1996 3514 2049 3566 in
2080 3512 2411 3580 semetipso:
2466 3510 2608 3564 haud
2650 3508 2867 3563 dubium
2898 3522 3025 3561 vero
3065 3505 3194 3575 quin
3242 3517 3365 3557 eum

1803 3604 1996 3659 habeat
2023 3618 2145 3657 cum
2192 3601 2498 3669 cognitione
2532 3614 2691 3669 quam
2726 3598 2886 3651 habet
2912 3595 3090 3648 Pater.
3135 3594 3190 3648 Si
3224 3593 3364 3646 enim

1806 3695 1857 3748 iu
1888 3695 2001 3762 ipso
2033 3702 2116 3747 est
2156 3690 2316 3745 Pater
2344 3691 2435 3759 qui
2472 3690 2651 3745 omnia
2682 3688 2806 3754 scit,
2864 3690 3009 3741 novit
3052 3686 3104 3739 id
3164 3697 3218 3741 et
3252 3685 3368 3753 ipse

1806 3785 1895 3854 qui
1940 3785 2122 3838 omnia
2151 3779 2547 3848 contemplatur
2579 3780 2633 3833 in
2682 3777 2871 3832 Patre.
2906 3776 3182 3842 Quomodo
3222 3778 3366 3831 enim

1807 3890 1908 3929 non
1943 3874 2133 3927 videat'
2166 3873 2212 3925 is
2250 3870 2341 3940 qui
2384 3870 2555 3924 lucem
2597 3869 2757 3923 habet
2805 3867 2856 3921 in
2902 3866 3226 3933 semetipso;
3276 3866 3367 3934 qui

1806 3967 1985 4021 omnia
2032 3964 2085 4018 in
2129 3963 2373 4017 ordinem
2411 3959 2637 4029 redegit,
2670 3967 2724 4013 et
2752 3957 3004 4021 ornavit;
3053 3955 3142 4023 qui
3188 3955 3368 4008 oumia

1807 4055 1913 4110 scit
1937 4061 2220 4122 antequam
2244 4052 2522 4115 oriantur;
2556 4048 2647 4118 qui
2677 4058 2759 4103 est
2779 4057 2991 4102 creator
3023 4054 3323 4113 temporum
3350 4058 3369 4107 ;

1808 4147 1897 4214 qui
1927 4155 1981 4199 et
2014 4144 2302 4197 terminum
2330 4142 2507 4211 posuit
2540 4150 2822 4206 creature,
2855 4148 2907 4192 et
2938 4151 3220 4190 numerum
3260 4135 3374 4187 die-

1808 4249 1925 4288 rum
1981 4231 2256 4293 stabilivit,
2307 4230 2500 4299 quibus
2553 4230 2722 4300 ipsius
2766 4238 3025 4283 creaturae
3060 4224 3375 4281 consdtutio

1811 4337 2221 4400 perseveratura
2253 4339 2333 4382 est
2364 4345 2378 4392 ;
2408 4326 2608 4395 quique
2652 4325 2788 4379 dixit
2822 4342 2834 4379 :
2871 4342 2889 4375 ι
2930 4323 3084 4378 Sicut
3130 4321 3243 4393 (δι)
3287 4319 3373 4374 tur

182 4422 510 4491 προειρηκὼς,
547 4424 643 4477 καὶ
678 4424 889 4495 μέλλων
933 4424 1148 4493 ἐκείνην
1187 4423 1354 4493 αὐτὴν
1396 4422 1704 4476 ἀνατέλλειν

1813 4424 1863 4476 in
1911 4429 2085 4482 nocte,
2135 4420 2281 4474 venit
2326 4418 2512 4472 ultima
2562 4418 2707 4483 dies;
2746 4436 2764 4468 ι
2806 4425 2859 4471 et
2912 4430 3138 4470 rursus:
3182 4432 3199 4464 ι
3250 4411 3369 4466 Non

184 4505 265 4575 τὴν
300 4514 519 4587 φοϐερὰν
552 4517 647 4570 καὶ
685 4516 983 4588 ἁνέσπερον
1010 4515 1243 4587 ἡμέραν,
1272 4517 1300 4567 6
1328 4516 1420 4568 καὶ
1448 4515 1548 4586 τῆς
1584 4514 1704 4587 κρί-

210 4692 340 4770 ᾸΞᾹ)
376 4701 501 4759 Aliis
540 4707 728 4758 verbis.
774 4704 952 4759 Codex
998 4704 1177 4757 hocin
1204 4702 1321 4757 loco
1366 4702 1582 4771 aliquod
1627 4702 1707 4753 vi-

191 4768 298 4817 lium
328 4771 492 4828 habet.
531 4775 792 4843 Equidem
818 4774 934 4844 lego
965 4774 1107 4827 κατὰ
1133 4774 1242 4826 τῶν
1266 4768 1566 4842 ἄλλωνῖπο
1615 4772 1709 4823 καὶ

190 4830 243 4883 τὰ
263 4835 355 4889 τῶν
378 4841 563 4898 ἄλλων.

250 4885 670 4982 -Νϐιῖνᾶἱπξι
701 4912 900 4967 Filium
931 4915 1193 4982 ignorare.
1225 4910 1582 4982 Hieronymus
1613 4910 1706 4982 lih,

196 4978 319 5053 ξνοῡι
351 4978 646 5053 illati/mum:
684 4998 800 5053 cap.
851 4978 999 5046 xxiv,
1050 4982 1261 5053 de_hoc
1310 4978 1444 5053 ipso:
1480 4980 1711 5053 Matthzei

198 5048 316 5121 ξὲᾏω
355 5048 586 5121 l9quens,
622 5048 779 5121 quem
824 5054 907 5107 hie
938 5053 1094 5106 atl‘ert
1123 5048 1395 5121 Didymus,
1425 5050 1537 5103 haec
1578 5049 1713 5103 scri-

199 5106 296 5162 bit:
329 5132 344 5163 ι
376 5106 765 5184 lnquibitsilani
798 5106 1005 5177 Latinis
1033 5106 1308 5175 codicibus
1331 5106 1568 5171 additum
1605 5125 1707 5181 est,

204 5186 591 5259 mequeFilius,»
619 5208 738 5246 cum
765 5194 815 5245 in
832 5192 1051 5252 Grecis,
1078 5200 1131 5244 et
1157 5190 1386 5243 maxime
1406 5189 1709 5242 Adamanlii

201 5255 245 5296 et
270 5247 407 5309 l’ierii
450 5263 842 5316 exemplaribus
886 5264 989 5316 hoc
1054 5276 1158 5314 nou
1216 5261 1479 5312 habeatur
1537 5259 1708 5311 ascri-

204 5279 407 5309 υιιιιςΠΙ
450 5279 842 5329 exemplaribus
887 5279 989 5316 Hoc
1054 5279 1158 5314 11011
1216 5279 1479 5312 Itauealur
1537 5279 1704 5311 aSCl'I‘

204 5324 354 5403 ﬂumg'
377 5344 393 5376 ι
426 5327 548 5385 Vide
583 5333 925 5403 Ambrosium
946 5332 1023 5403 lib
1049 5346 1080 5382 v
1116 5330 1190 5381 De
1216 5328 1320 5397 ﬁde
1353 5326 1584 5403 θόρε-ψ,
1616 5327 1704 5381 ubi

205 5380 446 5470 'JFTQlicos
482 5402 785 5470 redarguit,
814 5380 1228 5470 quod-voces;
1255 5416 1274 5448 ι
1300 5380 1435 5470 neci
1460 5380 1649 5470 Filius,
1688 5415 1710 5447 ι

206 5449 401 5515 Matthaai
427 5449 964 5525 iesiiii—a‘ililidissent.
994 5449 1099 5524 sed
1111 5449 1476 5523 ‘Al'exandirini
1501 5449 1717 5523 codices

209 5535 277 5603 ea,
284 5540 600 5603 corruptione
634 5538 813 5595 infecti
852 5556 957 5595 non
988 5549 1164 5594 erant.

394 5596 459 5659 De
485 5611 589 5664 die.
622 5610 808 5665 Matth.
839 5626 981 5670 sxw,
1013 5608 1196 5664 56-59.

269 5668 360 5743 ίῗῖ)
398 5676 505 5743 Aut.
536 5680 719 5736 Graeca
745 5682 930 5741 editio,
962 5668 1076 5743 καί,
1112 5680 1162 5733 id
1187 5686 1291 5742 est,
1321 5695 1339 5723 ι
1372 5687 1444 5731 et.
1482 5695 1511 5728 »ς

270 5734 363 5808 (28)
399 5734 565 5804 Pater.
624 5734 1238 5807 ercaiveditio'addit
1278 5734 1432 5818 μου,
1495 5748 1547 5802 id
1603 5754 1725 5813 est,

1812 4515 1915 4571 erit
1940 4513 2052 4585 (55)
2083 4513 2134 4566 iu
2164 4521 2339 4578 nocte,
2370 4520 2429 4565 ut
2458 4511 2573 4564 dies
2614 4510 2666 4563 in
2693 4510 2927 4565 tenebris
2950 4523 3047 4563 vos
3076 4510 3383 4577 deprehene

1817 4719 1835 4751 ι
1871 4716 2039 4756 meus.
2084 4719 2102 4751 ι
2146 4700 2250 4755 Sed
2296 4699 2446 4765 Vulg.
2501 4700 2762 4766 interpres
2812 4695 2936 4763 legit
2990 4705 3044 4747 ut
3099 4694 3372 4763 Didymus.

1906 4771 1995 4841 29)
2036 4768 2213 4841 Enim.
2253 4769 2667 4841 Grmca_editio,
2697 4766 2870 4841 δέ,ἰά
2909 4774 3026 4841 εἰει,
3060 4784 3077 4811 ι
3110 4776 3309 4841 autem.
3352 4781 3369 4812 ι

1906 4774 1995 4841 29)
2036 4774 2213 4822 Enim.
2253 4774 2437 4824 Grieca
2483 4774 2667 4831 editio,
2697 4774 2786 4826 δέ,
2820 4774 2870 4818 id
2909 4774 3026 4824 est,
3060 4784 3077 4811 ι
3110 4776 3309 4817 autem.
3352 4781 3369 4812 υ

1884 4774 1997 4921 150)
2038 4838 2367 4905 Superuenit.
2431 4838 2617 4892 Graeca
2678 4836 2880 4900 editio,
2927 4829 3127 4904 ἦλθεν,
3180 4834 3231 4886 id
3274 4844 3375 4897 est,

1877 4925 1937 4960 Ve
1988 4920 2039 4962 't.

1819 4929 1836 4962 ‘
1887 4926 1998 5047 (511)
2038 4927 2197 5031 N’unc
2218 4977 2573 5047 cognovimus.
2597 4972 2756 5047 Joan‘.
2788 4987 2898 5047 avt,

2032 5047 2233 5100 Aulem.
2277 5042 2493 5120 Codex,
2526 5045 2620 5099 καὶ
2655 5044 2759 5120 χρῂ
2793 5043 2850 5095 δὲ
2887 5043 2960 5113 μὴ
2996 5042 3375 5120 Δκαθειρεόνῖιτῳςἶ

1819 5111 2067 5173 Meudum
2124 5127 2301 5169 autem
2351 5118 2437 5170 hic
2482 5111 2920 5177 latere—videtur,
2950 5111 3055 5166 nisi
3086 5111 3207 5181 quis
3251 5111 3381 5165 illud

1818 5192 1890 5259 μή
1916 5187 2003 5241 hic
2048 5186 2226 5259 valere
2270 5184 2418 5250 velit,
2455 5202 2475 5236 ‹
2514 5200 2692 5259 nonne
2709 5184 2741 5259 ?_
2764 5202 2781 5234 ι
2831 5184 3152 5259 Egu‘ma‘lim
3186 5185 3382 5259 legere

1951 5271 2047 5325 pro
2077 5256 2176 5327 μή,
2208 5265 2299 5310 aut
2337 5266 2486 5311 certe
2515 5272 2528 5308 :
2570 5255 2664 5306 καὶ
2690 5254 2751 5306 οὑ
2778 5253 2882 5325 χρὴ
2913 5253 2969 5306 δέ
3000 5254 3075 5323 μὴ
3108 5253 3379 5324 καθηκόν-

1811 5345 1994 5465 τωξ55)
2044 5394 2242 5465 Voluit.
2274 5395 2497 5465 Codex,
2517 5395 2690 5448 είλετο
2712 5408 2810 5464 pro
2837 5393 3028 5465 εἵλετο.

1885 5460 1997 5533 (54)
2038 5464 2187 5519 Sicut
2244 5466 2349 5533 fur.
2392 5464 2411 5517 l
2466 5464 2658 5518 Thess.
2710 5460 2763 5527 ν,
2832 5464 2885 5518 2.
2926 5464 3108 5533 Grmca
3154 5460 3316 5533 editio
3361 5474 3377 5513 :

1823 5528 2097 5607 Ἥὴμέρα
2121 5528 2326 5606 Κυρίου
2356 5535 2431 5599 ὡς
2461 5535 2699 5606 κλέπτης
2732 5535 2991 5595 ἐνςνυκτὶ,
3024 5532 3193 5593 οὕτως
3223 5528 3381 5599 ἔρχε-

1811 5626 2004 5748 ταὶ5ξ)
2047 5673 2169 5748 Non
2212 5674 2503 5748 erituEtsi
2551 5674 2698 5748 inec,
2741 5674 2867 5748 item
2903 5684 2962 5748 ut
3002 5668 3382 5748 pluet-edenda,

1815 5741 1922 5805 non
1958 5741 2145 5813 Paulo,
2202 5746 2295 5803 sed
2341 5744 2557 5802 Christo
2601 5744 2825 5799 Domino
2852 5745 3052 5797 tribuat
3102 5741 3387 5810 Didymus;
