3758 6322
359 267 466 324 919

1593 267 1826 322 DIDYMI
1865 263 2332 322 ALEXANDRINI

3488 266 3581 324 920

359 387 479 448 dat;
516 400 534 434 ι
574 381 663 451 qui
705 383 872 436 etiam
905 382 1080 436 futura
1108 383 1258 452 signa
1301 383 1445 437 illius
1479 384 1736 452 temporis
1767 383 1930 454 [.06

2051 397 2167 443 ιεως
2213 379 2274 432 τὸ
2313 379 2498 450 σχῆμα
2540 377 2755 432 καὶτὸν
2801 379 3000 450 τρόπον
3036 378 3340 451 προειπὼν,
3383 383 3412 434 6
3457 383 3577 434 ἀπο·

357 472 625 542 prtedixit,
657 481 708 525 ct
733 473 863 525 oriri
911 472 1072 526 faciet
1099 471 1268 542 ipsam
1325 473 1468 526 illam
1507 472 1822 538 terribilem,
1867 489 1929 528 ac

355 577 584 631 vespera
613 574 886 615 carentem
922 563 1096 626 dicm;
1134 563 1224 630 qui
1275 571 1327 615 et
1353 561 1540 631 indicii
1594 560 1843 628 formam,
1878 573 1931 617 et

359 655 576 706 modum
607 653 1074 719 prtemonstravit;
1126 653 1216 722 qui
1251 653 1425 706 dictus
1458 663 1541 706 est
1581 654 1776 707 habere
1809 655 1926 708 the-

359 757 547 796 sauros
579 743 689 813 ('56)
735 741 1034 810 sapientiae,
1086 753 1137 795 et
1188 742 1428 796 scientia:
1455 758 1468 806 ;
1497 743 1587 811 qui
1637 744 1750 797 haec
1788 760 1926 813 prm-

362 834 570 886 monuit
614 850 691 885 ;.‹
742 830 912 886 Ειυιιι
943 832 1056 901 (57)
1096 833 1147 885 in
1198 833 1350 887 vobis
1396 833 1650 897 haereses,
1693 842 1746 888 et
1791 835 1930 888 schi-

363 937 568 991 smata;
602 945 619 977 ι
651 927 740 995 qui
768 927 1104 994 negationem
1129 923 1298 989 ludas,
1325 935 1378 980 et
1411 925 1554 980 Petri
1587 927 1925 996 negationem

363 1027 488 1071 ante
533 1019 654 1087 galli
690 1029 925 1081 cantum,
978 1026 1033 1070 et
1085 1017 1493 1071 dissolutionem
1551 1017 1731 1086 templi
1791 1034 1924 1087 prae-

364 1110 665 1172 nuntiavit;
699 1109 787 1177 qui
839 1108 1336 1176 pseudoprophetas
1385 1111 1674 1177 postremis
1715 1119 1926 1180 tempo-

366 1201 511 1254 ribus
541 1199 745 1251 luturos
780 1197 1244 1266 praesigttiiicavil;
1277 1201 1367 1267 qui
1410 1199 1485 1252 ait
1515 1220 1528 1254 :
1574 1219 1592 1251 ι
1626 1199 1788 1253 Nemo
1813 1200 1924 1271 (58)

2033 470 2262 542 δειχθεὶς
2294 469 2437 540 ἔχειν
2483 470 2789 540 Θησαυροὺς
2821 471 3015 540 σοφίας
3055 473 3149 524 καὶ
3198 471 3469 540 γνώσεως,
3502 479 3584 527 καὶ

2037 563 2418 635 προμηνύσαςο
2457 583 2473 614 ι
2516 565 2769 618 Ἔσονται
2803 568 2861 619 ἐν
2895 566 3022 636 ὑμῖν
3061 567 3305 637 αἱρέσεις
3344 567 3435 619 καὶ
3481 572 3582 636 σιξ-

2038 673 2218 726 σματα
2241 671 2253 684 ·
2294 675 2312 706 ι
2350 656 2442 708 καὶ
2466 654 2561 726 τὴν
2587 657 2813 727 ἄρνησιν
2858 657 3049 721 Ἰούδα,
3083 659 3176 710 καὶ
3210 659 3310 729 τὴν
3344 661 3448 730 πρὸ
3475 661 3584 713 ἀλε-

2039 749 2409 817 κτρυοφωνίου
2435 747 2662 820 ἄρνησιν
2690 749 2918 820 Πέτρου,
2951 751 3045 804 καὶ
3067 752 3163 822 τὴν
3189 751 3481 804 κατάλυσιν
3501 752 3586 804 τοῦ

2039 837 2206 909 ἱεροῦ·
2249 840 2276 892 6
2313 841 2435 902 τοὺς
2470 839 2762 910 ἐσομένους
2787 843 2867 903 εἰς
2901 840 2968 894 τὰ
2999 841 3201 911 ἔσχατα
3227 842 3590 912 ψευδοπροᾳή-

2013 947 2130 993 ’τας
2170 930 2529 1000 προσημάνας
2550 949 2563 960 ο
2609 932 2636 983 6
2664 913 2838 999 λέγων
2859 947 2873 962 ·
2912 951 2931 982 ι
2973 933 3158 996 Οὐδεὶς
3199 929 3339 986 οἶδεν
3368 935 3456 988 τὸν
3488 936 3589 987 [la—

2029 1021 2182 1092 τέρα,
2213 1024 2262 1074 εί
2296 1022 2370 1094 μὴ
2404 1025 2432 1076 6
2472 1022 2630 1086 Υἱός·
2671 1043 2690 1076 ι
2726 1024 2842 1086 καὶ,
2881 1044 2901 1075 ‹
2955 1025 3153 1089 Καθὼς
3183 1026 3447 1094 γινώσκει
3477 1043 3534 1095 με
3560 1029 3592 1079 ὁ

2033 1112 2242 1182 Πατὴρ,
2287 1111 2440 1179 κάγὼ
2471 1112 2728 1180 γινώσκω
2761 1114 2958 1181 αὐτόν;
2999 1137 3016 1167 ι
3052 1117 3232 1185 Σαφὲς
3255 1117 3334 1180 δὲ,
3372 1118 3444 1180 ὡς
3482 1117 3592 1186 μεθ’

2031 1196 2098 1273 ἧς
2132 1202 2245 1272 ἔχει
2279 1200 2534 1270 γνώσεως
2563 1206 2590 1256 6
2621 1205 2833 1276 Πατήρ.

367 1292 510 1345 novit
547 1289 781 1352 Patrem,
824 1287 927 1343 nisi
963 1289 1162 1352 Filius;
1197 1308 1215 1340 ι
1247 1298 1301 1344 et
1338 1308 1350 1342 :
1390 1308 1407 1340 ι
1445 1289 1593 1344 Sicut
1631 1291 1742 1360 (59)
1777 1293 1924 1344 novit
1961 1306 2046 1346 me
2108 1291 2290 1356 Pater,
2325 1303 2377 1346 et
2410 1308 2509 1364 ego
2559 1294 2678 1347 novi
2735 1297 2897 1347 eum?
2940 1293 3211 1349 »Ενιιιθιιε
3259 1304 3440 1350 autem
3494 1308 3593 1360 est,

364 1389 502 1458 quod
534 1386 679 1440 novit
716 1399 835 1438 cum
869 1399 932 1439 ea
995 1386 1300 1454 cognitione
1359 1402 1520 1455 quam
1556 1387 1715 1441 habet
1755 1385 1932 1441 Pater.

435 1481 584 1547 Quod
644 1482 690 1535 si
748 1481 890 1535 aliud
943 1491 1026 1534 est
1083 1493 1238 1532 nosse
1285 1477 1541 1542 Patrem,
1600 1478 1742 1531 aliud
1804 1495 1930 1535 vero

367 1583 524 1622 nosse
557 1583 675 1637 quae
716 1575 840 1622 sunt
880 1567 1094 1630 Patris,
1147 1565 1314 1633 majus
1347 1567 1452 1621 erit
1491 1582 1648 1621 nosse
1696 1567 1931 1632 Patrem,

365 1678 523 1731 quam
574 1677 732 1716 nosse
773 1677 888 1731 qua:
930 1660 1045 1730 ejus
1089 1669 1235 1724 sunt,
1283 1659 1334 1712 id
1373 1671 1474 1722 est,
1503 1660 1662 1713 etiam
1692 1660 1934 1713 ultimum

2112 1478 2174 1530 El
2205 1476 2249 1530 δ’
2284 1476 2469 1546 ἕτερον
2504 1493 2557 1528 τι
2587 1493 2733 1531 εστιν
2765 1477 2965 1530 εἰδέναι
3003 1477 3093 1531 τὸν
3137 1479 3384 1547 Πατέρα,
3420 1481 3597 1551 ἕτερον

2039 1567 2097 1621 δὲ
2124 1569 2192 1621 τά
2232 1566 2326 1619 τοῦ
2374 1566 2608 1637 Πατρὸς,
2661 1565 2844 1638 μεῖζον
2878 1567 3027 1622 ἔσται
3072 1569 3161 1621 τὸν
3207 1569 3340 1622 Θεὸν
3390 1571 3596 1642 Πατέρα

2039 1657 2136 1711 τοῦ
2190 1657 2389 1711 εἰδέναι
2447 1658 2517 1710 τὰ
2571 1657 2754 1722 αὑτοῦ,
2813 1659 2840 1711 ὂ
2885 1661 3034 1712 ἐστιν
3073 1660 3165 1712 καὶ
3218 1661 3319 1730 τὴν
3374 1663 3597 1730 ἐσχάτην

366 1756 542 1821 diem;
585 1764 850 1823 quatenus
899 1753 1268 1821 unusquisque
1326 1751 1493 1818 major
1544 1762 1627 1805 est
1680 1754 1934 1821 ipsemet,

2051 1750 2273 1821 ἡμέραν,
2305 1749 2428 1802 καθ’
2460 1751 2584 1803 ὅσον
2612 1750 2840 1814 ἕκαστος
2869 1751 3068 1821 μείζων
3094 1753 3254 1816 αὐτὸς
3279 1754 3393 1806 τῶν
3418 1756 3595 1808 ἑαυτιῦ

367 1860 526 1912 quam
558 1861 676 1915 quae
730 1845 811 1899 sui
870 1844 1037 1913 ipsius
1087 1854 1233 1900 sunt.
1297 1841 1400 1897 Sed
1455 1845 1523 1896 ita
1555 1845 1717 1897 etiam
1763 1851 1936 1912 potest

370 1938 522 2003 illud,
569 1955 587 1988 ι
630 1937 796 1990 Nemo
826 1936 936 2006 (40)
987 1936 1136 1989 novit
1177 1935 1316 1989 diem
1364 1934 1539 1999 illam,
1591 1943 1682 1988 aut
1731 1936 1933 1998 horam,

370 2041 544 2095 neque
572 2025 760 2089 Filius,
801 2028 901 2080 nisi
935 2024 1118 2091 Pater,
1160 2044 1178 2076 ι
1205 2027 1346 2080 sicut
1373 2027 1589 2094 quidam
1630 2033 1933 2080 sant-torum

367 2112 586 2169 Patrum
642 2115 752 2186 (41)
792 2116 1070 2184 sapientiae
1116 2115 1303 2184 plenus
1343 2114 1660 2184 simpliciter
1699 2113 1809 2184 (49.)
1847 2115 1940 2167 do-

370 2208 480 2262 cuit
505 2205 725 2275 (Basilio
772 2214 890 2260 erat
935 2205 1010 2258 illi
1053 2205 1308 2275 nomen);
1351 2206 1504 2274 quasi
1554 2205 1759 2259 scilicet
1805 2206 1941 2258 idem

370 2299 444 2351 sit
483 2312 546 2351 ac
581 2298 623 2350 si
672 2297 874 2351 diceret
914 2315 928 2351 :
970 2315 988 2348 ι
1043 2295 1155 2350 Nisi
1196 2296 1356 2350 Pater
1410 2306 1627 2360 nosset,
1673 2313 1738 2351 ne
1780 2295 1945 2351 Filius

373 2391 591 2457 quidem
624 2400 803 2444 nosset
831 2408 844 2443 :
889 2408 908 2440 ι
942 2402 1007 2442 ex
1031 2403 1139 2459 quo
1164 2389 1426 2457 sequitur,
1469 2398 1548 2452 ut,
1589 2389 1634 2443 si
1673 2387 1833 2444 Pater
1859 2406 1947 2443 no-

371 2481 478 2544 vit,
511 2496 614 2534 non
656 2481 852 2548 possim
899 2480 1012 2550 (45)
1054 2495 1153 2547 ego
1196 2480 1476 2549 ignorare;
1521 2480 1612 2534 sed
1655 2496 1760 2534 non
1807 2482 1944 2544 divo,

373 2572 582 2640 inquit;
633 2574 810 2626 omnia
864 2573 1007 2626 cnim
1079 2571 1217 2624 facio
1272 2571 1566 2626 secundum
1621 2571 1946 2625 voluntatem

369 2662 588 2716 Patris:
637 2679 740 2717 non
794 2672 877 2717 est
923 2674 1099 2716 autem
1148 2661 1401 2716 voluntas
1451 2659 1654 2724 Patris,
1715 2676 1809 2713 vos
1849 2661 1949 2713 hoc

374 2768 555 2807 nosse.
591 2752 752 2808 Vobis
779 2770 927 2822 ergo,
977 2753 1169 2822 inquit,
1214 2753 1426 2823 ignoro,
1473 2753 1574 2806 etsi
1623 2752 1797 2820 reipsa
1845 2766 1946 2804 non

374 2845 616 2914 ignorem
651 2863 664 2899 :
704 2845 926 2913 prtedixi
960 2845 1103 2898 enim
1128 2844 1280 2898 vobis
1315 2859 1411 2911 per
1451 2842 1708 2907 Psaltem,
1747 2860 1767 2892 ι
1814 2841 1950 2896 Lon-

375 3088 665 3142 verisimile
722 3097 897 3141 tamen
960 3096 1042 3140 est
1115 3087 1182 3140 ab
1223 3100 1288 3140 eo
1336 3087 1422 3142 hic
1463 3103 1675 3156 quoque
1715 3088 1867 3141 citari
1919 3087 1934 3139 Ι

376 3159 570 3214 Thess.
619 3173 671 3214 ν.
717 3159 769 3212 4.
811 3156 899 3208 ubi
933 3156 1168 3223 legitur:
1211 3157 1312 3209 οὐκ
1340 3156 1463 3208 ἐστὲ
1494 3158 1550 3208 ὲν
1597 3157 1810 3220 σκότει,
1849 3157 1938 3210 ἵνα

373 3233 407 3300 ἡ
439 3227 633 3310 ἡμέρα
659 3225 910 3310 ὑμᾷςὼς
938 3225 1174 3310 axem;
1194 3226 1514 3310 ’διαταλάὸψ
1548 3226 1598 3310 id
1628 3238 1738 3290 est,
1776 3246 1795 3278 ι
1832 3243 1936 3310 noon

377 3295 506 3353 estis
534 3295 584 3350 iii
622 3297 876 3357 tenebris,
906 3305 963 3347 ut
993 3297 1106 3350 dies
1134 3315 1153 3347 ›
1190 3296 1355 3362 (illa)
1393 3315 1410 3348 ι
1447 3295 1541 3348 vos
1568 3308 1819 3364 tanquam
1854 3295 1938 3350 fur

377 3365 817 3433 comprehendat.
873 3383 890 3415 ι
923 3365 990 3418 Αι
1032 3379 1100 3419 ne
1146 3365 1272 3418 illud
1304 3367 1516 3432 quidem
1564 3364 1934 3434 improbabile,

377 3437 646 3493 exStitisse
683 3434 885 3504 Didymi
931 3434 1183 3505 atatehin
1216 3434 1484 3505 aliquibus
1528 3435 1937 3501 Evangeliorum

377 3503 816 3571 exemplaribus,
845 3505 1038 3572 quibus
1071 3503 1158 3558 ille
1199 3503 1328 3558 usus
1377 3505 1481 3567 sit,
1509 3519 1570 3558 ea
1601 3505 1714 3573 ipsa
1745 3505 1936 3565 verba,

378 3591 496 3645 qua:
531 3575 617 3628 hic
649 3573 980 3645 allegantnr;
1008 3589 1134 3645 nam
1183 3575 1367 3645 paucis
1397 3584 1522 3645 ante
1563 3575 1716 3627 annis
1751 3575 1937 3645 eadem

378 3642 533 3716 quasi
564 3657 629 3698 ex
660 3642 949 3716 Evangelio
977 3643 1246 3716 attulerat
1284 3643 1612 3716 Epiphanius
1650 3645 1700 3716 in
1733 3643 1941 3716 Anc/39-

379 3712 495 3768 r'ato
540 3728 658 3782 cap.
701 3713 792 3774 21,
825 3712 923 3784 ubi
975 3715 1087 3767 haec
1115 3713 1330 3784 scripsit
1363 3731 1379 3767 :
1416 3713 1576 3780 Λέγει
1622 3713 1763 3784 γάρτ
1795 3731 1814 3762 ι
1855 3712 1938 3775 Ὠς

379 3785 614 3853 κλέπτης
635 3785 692 3836 ὲν
713 3783 865 3836 νυκτὶ
901 3783 1118 3853 ἔρχεται
1148 3783 1381 3853 ἡήμέρα
1407 3784 1605 3852 ἐκείνη.
1623 3783 1758 3836 ,καί
1787 3797 1936 3851 φησι*

385 3875 402 3906 ι
430 3855 540 3908 Οὐκ
557 3854 709 3924 ἔσται
727 3854 782 3905 ὲν
809 3855 985 3914 νυκτὶ.
1014 3855 1141 3923 ἵναή
1168 3854 1350 3924 ἡμέρα
1373 3855 1430 3906 ὲν
1462 3854 1642 3907 σκότει
1669 3855 1817 3924 ἡμᾶς
1842 3868 1941 3904 κα-

378 3923 608 3994 ταλάϐῃ.
622 3923 898 3978 »Ρειεινίυε
919 3939 1075 3994 pqrro
1099 3922 1270 3994 primo
1286 3922 1401 3978 hzec
1416 3925 1576 3994 verba
1592 3939 1654 3978 ex
1671 3922 1820 3977 Joan.
1842 3937 1938 3986 xu,

378 3994 450 4048 35
479 3993 755 4059 desumpta
775 4003 942 4059 putat.
965 3993 1212 4046 Secundo
1243 4002 1408 4047 totum
1424 3993 1600 4048 locum
1625 3994 1702 4047 sic
1733 3993 1932 4044 vertit:

380 4064 457 4116 Ita
486 4063 684 4129 quippe
712 4061 948 4127 loquitur
977 4061 1224 4129 (Filius)
1256 4079 1269 4113 :
1311 4080 1330 4112 ι
1370 4061 1519 4115 Sicut
1551 4063 1636 4114 fur
1664 4061 1728 4113 de
1761 4071 1935 4122 nocte,

381 4133 462 4186 sic
503 4132 589 4186 illa
628 4130 743 4194 dies
767 4131 1031 4184 adveniet.
1076 4149 1094 4182 ι
1128 4131 1263 4184 Tum
1290 4131 1414 4184 illud
1447 4149 1461 4184 :
1509 4148 1527 4180 ι
1566 4129 1738 4184 Nolite
1769 4131 1820 4183 in
1848 4145 1941 4184 no-

383 4213 468 4253 cte
498 4199 722 4259 versari,
757 4211 823 4252 ne
849 4199 962 4254 dies
1008 4200 1093 4253 illa
1132 4215 1228 4254 vos
1263 4199 1314 4252 in
1359 4201 1594 4253 tenebris
1633 4210 1877 4266 occupet.
1914 4219 1934 4250 ι

383 4269 565 4323 Tertio
595 4268 835 4329 adnotat,
872 4282 969 4334 pro
995 4269 1093 4321 οὐκ
1122 4268 1271 4320 ἔσται
1295 4307 1309 4330 ,
1349 4269 1396 4321 id
1428 4277 1537 4331 est,
1570 4287 1586 4316 ι
1628 4283 1729 4320 non
1755 4269 1877 4330 erit,
1916 4288 1935 4321 ι

2041 1842 2295 1912 ὑπάρχει.
2327 1844 2397 1894 Ἦ
2439 1841 2548 1913 ἄρα
2595 1843 2690 1896 καὶ
2734 1843 2975 1897 τοιοῦτον
3032 1840 3170 1898 εἶναι
3231 1846 3459 1900 δύναται
3507 1849 3598 1913 τὺ,

2047 1951 2064 1982 ι
2117 1931 2303 1994 Οὐδεὶς
2345 1925 2484 1985 οἶδεν
2526 1931 2624 2003 τὴν
2672 1932 2882 2004 ἡμέραν
2933 1934 3167 2005 ἐκείνην,
3213 1936 3246 2006 ἢ
3291 1936 3393 2006 τὴν
3441 1937 3595 2005 ὤραν,

2039 2022 2161 2076 οὔτε
2203 2025 2230 2076 6
2270 2021 2437 2086 Υἱὸς,
2482 2023 2531 2075 εἰ
2580 2023 2653 2093 μὴ
2695 2024 2723 2076 ὁ
2770 2021 2894 2094 [196
2955 2021 3011 2093 α]
3057 2025 3286 2094 Πατὴρ,
3340 2043 3361 2076 ι
3403 2025 3476 2088 ὣς
3520 2044 3598 2090 τις

2040 2114 2147 2168 τῶν
2199 2114 2256 2166 ὲν
2308 2113 2483 2182 ἁγίοις
2529 2113 2789 2184 Πατέρων
2849 2113 3040 2182 σοφίας
3098 2115 3288 2185 γέμων
3330 2117 3601 2185 ἀσυλλογί-

2048 2218 2188 2264 στως
2235 2201 2469 2265 ἐδίδαξεν
2520 2201 2831 2264 (Βασίλειος
2874 2197 2942 2272 ἦν
2989 2202 3158 2271 ὄνομα
3211 2203 3400 2272 αὐτῷ)
3427 2222 3440 2236 ·
3488 2208 3600 2258 ἀντὶ

2041 2291 2154 2356 τοῦ,
2186 2311 2206 2343 ι
2241 2293 2301 2344 El
2353 2292 2428 2364 μὴ
2467 2294 2494 2345 ὁ
2514 2291 2701 2363 Πατὴρ
2725 2287 2863 2346 οἶδεν
2883 2335 2898 2360 ,
2926 2293 3046 2345 οὐδὲ
3079 2295 3107 2346 6
3149 2294 3277 2358 Υἱὸς
3309 2291 3477 2348 ὦδεν·
3512 2316 3528 2348 ι

2043 2385 2348 2449 ἀκολουθεῖ,
2393 2386 2468 2449 ὡς
2504 2385 2597 2438 τοῦ
2639 2386 2854 2456 Πατρὸς
2893 2386 3112 2450 εἰδότος,
3142 2387 3241 2457 οὐχ
3275 2382 3390 2441 οἷόν
3419 2405 3475 2441 τε
3509 2390 3600 2459 ἐμὲ

2046 2478 2294 2546 ἀγνοείν’
2344 2477 2457 2530 ἀλλ’
2503 2477 2562 2530 οὐ
2607 2476 2781 2545 λέγω,
2837 2477 3039 2547 φησιν’
3087 2478 3224 2530 ποιῶ
3285 2478 3396 2550 γὰρ
3433 2479 3598 2532 πάντα

2049 2567 2192 2622 κατά
2228 2567 2289 2620 τὸ
2331 2567 2539 2637 θέλημα
2585 2567 2679 2620 τοῦ
2718 2568 2960 2637 Πατρός·
3008 2568 3070 2621 τὸ
3106 2568 3161 2620 δὲ
3203 2569 3409 2636 γνῶναι
3451 2570 3597 2622 τοῦτο

2042 2659 2208 2728 ὑμᾶς,
2240 2661 2340 2712 οὐκ
2367 2658 2520 2711 ἔστιν·
2546 2658 2758 2730 θέλημα
2787 2659 2879 2712 τοῦ
2902 2659 3132 2731 Πατρός.
3173 2660 3332 2730 Ὑμῖν
3360 2657 3472 2724 οὖν,
3505 2679 3599 2731 φη-

2045 2750 2153 2810 σὶν,
2189 2748 2390 2816 ἀγνοῶ,
2422 2751 2488 2818 τῇ
2532 2748 2757 2819 ἀληθείᾳ
2789 2749 2890 2802 οὐκ
2929 2749 3166 2816 ἀγνοῶν·
3201 2753 3463 2821 προεῖπον
3501 2750 3600 2820 γὰρ

2049 2841 2175 2910 ὑμῖν
2206 2840 2294 2894 διὰ
2320 2839 2414 2892 τοῦ
2440 2838 2729 2910 ψαλμῳδοῦ
2750 2856 2763 2869 ·
2797 2857 2816 2892 ι
2865 2841 2954 2903 Ὠς
2985 2841 3196 2910 μακρὰν
3229 2841 3338 2894 ἀπὸ
3372 2841 3470 2910 τῆς
3502 2858 3600 2893 sm-

2117 3087 2230 3158 (57)
2274 3085 2464 3140 Erunt.
2501 3085 2555 3139 ln
2585 3085 2890 3158 Evangeliis
2921 3088 3033 3158 h_:_ec
3066 3102 3168 3158 non
3199 3097 3432 3158 exstant.
3469 3088 3604 3142 Citat

2041 3155 2269 3212 fortasSe
2297 3172 2514 3210 sensum
2536 3196 2549 3218 ,
2577 3169 2682 3208 non
2712 3157 2895 3209 verba.
2939 3155 3064 3212 Vide
3088 3157 3182 3222 Ep.
3215 3157 3232 3210 Ι
3267 3161 3330 3209 ad
3359 3157 3482 3211 Cor.
3529 3175 3598 3214 xi.

2040 3229 2127 3291 i9,
2157 3237 2207 3280 et
2234 3227 2401 3290 Epist.
2429 3224 2467 3278 ll
2501 3228 2643 3278 Petr.
2681 3241 2739 3291 It,
2767 3227 2816 3278 1.
2844 3225 3107 3280 Caeterum
3134 3227 3374 3280 Justinus
3397 3245 3600 3293 quoque

2041 3298 2092 3350 in
2127 3296 2346 3365 Dialogo
2373 3312 2488 3348 cum
2523 3296 2811 3364 Trypltone,
2839 3311 2985 3348 num.
3016 3296 3105 3357 35,
3137 3298 3354 3352 Chrism
3381 3298 3602 3365 ilotnino

2041 3368 2151 3438 hate
2189 3362 2300 3438 ipsa
2327 3366 2487 3438 verba
2516 3362 2728 3438 tribuit,
2749 3365 2882 3438 ~d_nm
2913 3367 2990 3419 sic
3022 3365 3256 3438 loquitur
3287 3385 3301 3420 :
3334 3362 3472 3438 Εῐπε
3501 3369 3600 3438 γὰρ

2041 3439 2057 3503 (
2091 3434 2296 3507 Ἰησοῦς
2327 3434 2557 3507 Χριστ-ός
2646 3470 2660 3485 .
2699 3474 2712 3488 .
2742 3435 3000 3507 ΔἜσονιειιι
3035 3431 3305 3507 σχίσματα
3331 3437 3428 3488 καὶ
3456 3431 3602 3507 αἶρέέ

2041 3501 2176 3568 σεις,
2199 3505 2247 3556 id
2282 3501 2389 3565 est,
2417 3521 2434 3554 ι
2490 3501 2644 3575 Dixit
2669 3504 2812 3555 enim
2863 3501 2882 3575 (
2913 3501 3344 3575 Jesus'Cliristus
3373 3507 3392 3572 )
3443 3546 3458 3560 .
3582 3544 3596 3558 .

2041 3575 2208 3628 Erunt
2241 3575 2528 3646 schismata
2561 3581 2614 3624 et
2636 3573 2920 3646 haereses.»
2951 3574 3149 3646 Simili
3165 3577 3322 3646 modo
3349 3575 3600 3646 Hierony-

2043 3659 2159 3698 mus
2188 3644 2344 3709 epist.
2379 3642 2501 3703 “9.
2528 3658 2674 3695 num.
2710 3643 2796 3706 ll,
2827 3644 2901 3696 ait
2931 3661 2944 3697 :
2978 3662 2996 3695 ι
3035 3643 3099 3697 Et
3121 3644 3420 3699 Salvatoris
3446 3642 3596 3700 verl'n

2041 3714 2310 3766 dicentis:
2350 3712 2533 3765 Estote
2569 3712 2776 3778 probati
2819 3713 3160 3767 nummularii
3203 3735 3215 3769 :
3277 3733 3298 3768 ι
3359 3715 3460 3770 etsi
3497 3718 3598 3770 haec

2044 3785 2202 3836 verba
2238 3799 2340 3852 non
2370 3791 2584 3852 exstent
2626 3782 2786 3834 modo
2825 3785 2876 3852 in
2909 3783 3215 3852 Scriptura.

2137 3853 2222 3910 58)
2267 3851 2455 3904 Nemo.
2489 3849 2674 3903 Matth.
2711 3866 2786 3914 ιιι,
2815 3851 2904 3905 9.7.

2141 3923 2228 3988 59)
2271 3919 2439 3974 Sicut.
2475 3919 2627 3973 Joan.
2663 3935 2717 3985 Χ,
2755 3921 2843 3974 15.

2112 3988 2221 4062 (40)
2264 3989 2448 4062 Nemo.
2484 3988 2650 4042 Marc.
2686 3992 2905 4054 xui,52.

2110 4059 2500 4133 (Liijuidam
2547 4069 2846 4133 sanctorum
2890 4059 3158 4133 irPutrum.
3229 4061 3597 4133 [interpretatio

2040 4128 2330 4203 quani'_l_ti_c
2371 4144 2435 4182 ex
2465 4128 2856 4203 Basiliouaiftjrt
2885 4132 3161 4203 Didymus,
3189 4128 3449 4203 exstat—in
3490 4138 3596 4203 epi-

2041 4201 2176 4272 stola
2208 4198 2516 4272 256,_qu_atn
2540 4198 2907 4272 BasiliusAipse
2933 4198 3073 4254 anno
3100 4202 3204 4256 576
3238 4203 3306 4254 ad
3343 4198 3594 4272 Amphilo-

2043 4271 2212 4322 chium
2240 4269 2476 4338 scripsit.
2508 4279 2635 4322 tom.
2665 4268 2728 4320 ιιι
2758 4267 3012 4337 Operum,
3048 4287 3168 4338 pag.
3199 4272 3325 4336 562,
3349 4267 3591 4328 editionis

385 4338 674 4413 legendum.
713 4335 938 4413 forsitan
976 4352 1126 4396 esse.
1157 4339 1257 4390 οὐκ
1306 4338 1450 4413 ἐστέ,
1500 4337 1552 4389 id
1601 4347 1705 4413 est,
1765 4356 1783 4387 ι
1822 4353 1939 4413 _non
1973 4359 2016 4413 ι)
2048 4335 2386 4413 Parisiensis.
2423 4335 2869 4413 Basiliumuvero,
2906 4341 3004 4392 etsi
3048 4335 3239 4413 paucis
3282 4354 3409 4397 ante
3454 4346 3594 4397 annis

383 4405 533 4462 estis.
592 4425 613 4458 ι
650 4405 717 4458 At
767 4405 1019 4475 Didymus
1072 4422 1282 4475 quoque
1327 4407 1486 4474 legit,
1529 4423 1548 4456 ι
1603 4407 1715 4459 Νοιι
1757 4408 1880 4461 erit.
1915 4425 1933 4458 ι

385 4477 589 4543 Quarto
642 4490 739 4547 pro
769 4473 878 4547 ἵνα,
931 4476 981 4528 id
1014 4473 1124 4539 est,
1163 4473 1291 4541 «ἰιι,
1343 4473 1941 4547 νιεεθιιᾷιιιιιίιοιδὶιιιιι

384 4547 611 4610 censuit,
644 4546 729 4598 ἵνα
759 4544 832 4613 μή
854 4562 867 4575 ο
905 4547 1062 4598 vertit
1097 4546 1261 4610 enim,
1300 4564 1319 4596 ι
1355 4544 1497 4598 ηοξ)
1551 4546 1656 4598 Sed
1691 4546 1945 4614 Didymus

384 4629 600 4686 quoque
644 4615 793 4684 legit,
830 4632 848 4664 ι
883 4623 959 4667 ιιι.
998 4633 1016 4665 ι
1051 4615 1273 4669 Demum
1302 4629 1406 4669 vox
1453 4615 1561 4686 illa‘.
1593 4615 1761 4686 ἡμᾶς,
1797 4629 1944 4668 erra-

385 4683 768 4756 t'umifortas'se
807 4686 1118 4756 typographi
1156 4694 1238 4738 est
1288 4703 1301 4738 :
1355 4700 1478 4756 nam
1526 4683 1776 4756 Petavius
1830 4686 1945 4756 ipse

383 4755 544 4808 vertit
578 4773 597 4806 ι
630 4770 741 4817 vos,
777 4773 794 4805 ι
831 4753 1110 4814 ἰιοιινιιιο,
1137 4773 1154 4805 ι
1194 4769 1311 4809 nos.
1350 4773 1368 4806 ι
1403 4755 1570 4808 Porro
1597 4753 1754 4807 simili
1788 4755 1945 4808 modo

386 4834 570 4878 textus
609 4824 716 4886 ille,
763 4842 780 4873 ι
833 4824 998 4877 Nemo
1031 4834 1202 4891 potest
1242 4826 1487 4891 accipere
1531 4820 1787 4892 Spiritum
1820 4839 1945 4877 san-

387 4903 552 4958 ctum,
583 4894 683 4947 nisi
713 4909 740 4945 a
767 4893 1016 4957 Domino,
1054 4909 1073 4940 ι
1105 4908 1261 4962 quem
1288 4895 1468 4947 attulit
1493 4894 1745 4962 Didymus
1773 4907 1942 4962 segm.

387 4965 455 5016 65
485 4982 536 5027 a,
568 4977 708 5016 nunc
735 4965 949 5031 quidem
983 4965 1034 5016 in
1067 4962 1358 5030 Scripturis
1390 4977 1493 5015 non
1522 4962 1736 5030 legitur,
1764 4968 1856 5016 sed
1891 4963 1942 5015 in

390 5034 454 5085 iis
489 5032 696 5102 Didymi
724 5041 883 5086 :etate
909 5032 1182 5102 legebatur
1214 5049 1228 5084 :
1260 5035 1504 5099 qmedam
1532 5031 1738 5102 scilicet
1763 5046 1944 5102 exem-

389 5102 554 5170 plaria
591 5099 745 5170 illum
782 5099 1048 5155 habebant
1081 5103 1132 5155 in
1173 5102 1189 5154 Ι
1223 5105 1287 5154 ad
1321 5102 1445 5156 Cor.
1483 5116 1581 5165 xu,
1622 5101 1674 5165 5,
1710 5102 1782 5153 uti
1829 5099 1944 5154 col-

387 5169 494 5236 ligo
541 5185 603 5224 ex
650 5169 930 5238 Epiphanii
979 5173 1276 5224 Anchorato
1326 5185 1444 5238 cap.
1485 5171 1575 5225 69.
1616 5170 1695 5224 ita
1731 5173 1942 5225 demum

389 5249 567 5296 textus
611 5237 743 5303 iste,
793 5257 810 5289 ι
857 5239 922 5292 Et
960 5241 1192 5296 ad'orabo
1248 5250 1320 5303 te,
1373 5237 1629 5300 Domine.
1687 5240 1944 5294 fortitudo

389 5325 529 5380 mea,
563 5323 774 5380 rquern
806 5308 958 5361 alfert
988 5310 1241 5380 Didymus
1286 5325 1452 5379 segni.
1486 5310 1555 5363 45
1586 5311 1637 5373 b,
1675 5310 1946 5380 exstitisse

387 5380 442 5432 in
473 5377 655 5448 Bibliis
681 5375 886 5448 Didymi
915 5375 1104 5448 tetate,
1142 5390 1284 5447 patet
1322 5375 1386 5433 e'x
1422 5380 1607 5434 eodem
1648 5379 1945 5432 Anc/rorata

388 5463 508 5532 cap.
546 5447 634 5532 50Σ
670 5445 881 5532 μίξεις
931 5445 1208 5532 aﬂ'ertur‘:
1241 5450 1351 5532 ΚΞ).
1389 5448 1943 5532 προσιιυᾼνησέιτωΟσε,

391 5516 583 5589 Κύριε,
611 5519 644 5588 ἡ
669 5516 819 5587 ἰσχύς
845 5533 968 5586 μου,
1022 5518 1074 5571 id
1100 5529 1204 5584 est,
1241 5539 1259 5571 ι
1293 5519 1350 5566 liii
1381 5516 1568 5575 adoret
1591 5516 1664 5586 te,
1690 5519 1908 5575 Domine
1929 5557 1942 5584 ,

390 5587 648 5643 fortitudo
680 5604 817 5641 mea.
852 5604 870 5637 ι

459 5659 569 5733 (56)
596 5657 910 5714 Τιιεεαιιτοι.
941 5655 1016 5712 Ex
1051 5655 1219 5727 Epist.
1255 5659 1319 5714 ad
1349 5659 1555 5716 Coloss.
1584 5676 1646 5726 ιι,
1677 5660 1729 5716 5.

2050 4409 2154 4462 vita
2187 4409 2462 4469 functum,
2497 4409 2565 4460 ita
2595 4423 2624 4460 a
2659 4407 2882 4478 Didymo
2925 4412 3238 4477 compellari
3285 4413 3332 4464 is
3362 4427 3470 4467 non
3508 4414 3593 4465 mi-

2048 4480 2272 4540 rabitur,
2307 4479 2396 4544 qui
2424 4479 2564 4548 norit
2595 4477 2681 4548 _vel
2717 4476 3240 4548 Gregorinm’ipsius
3280 4480 3462 4535 Basilii
3497 4483 3594 4536 {ra-

2047 4557 2181 4618 trem
2213 4548 2274 4618 in
2297 4547 2551 4618 opusculo
2580 4546 2655 4618 pe
2683 4548 3057 4618 resurrectione
3077 4546 3156 4603 sic
3189 4551 3336 4618 loqui
3365 4569 3379 4604 :
3421 4553 3478 4605 Ὀ
3511 4569 3590 4604 πο-

2045 4616 2139 4679 λὺς
2166 4616 2428 4688 ὲεζάγίοις
2457 4615 2752 4688 Βασίλειος,
2789 4617 2838 4688 id
2869 4627 3033 4688 esttt
3087 4615 3310 4688 magnus
3352 4622 3442 4674 ille
3478 4638 3589 4674 san-

2045 4698 2182 4747 ctus,
2209 4685 2462 4739 Basilius.
2503 4704 2522 4737 ι
2568 4684 2736 4739 Porro
2772 4686 2943 4740 eidem
2978 4684 3200 4751 Basilio,
3226 4690 3356 4742 dum
3389 4692 3442 4743 in
3470 4692 3590 4743 vivis

2045 4766 2224 4818 esset,
2285 4755 2566 4825 Didymum
2596 4757 2661 4809 de
2703 4755 2848 4825 facie
2902 4768 3120 4820 notum,
3166 4769 3331 4825 atque
3374 4763 3587 4815 amicum

2047 4825 2212 4879 fuisse
2245 4841 2348 4878 non
2383 4823 2565 4878 dubito
2605 4843 2618 4878 :
2653 4823 3030 4879 Alexandriam
3066 4829 3208 4880 enim
3243 4823 3501 4892 ﬁvenerat,
3543 4837 3588 4879 ιιι

2046 4894 2341 4948 monachos
2399 4894 2449 4965 in
2504 4893 2737 4965 Egyplo
2803 4907 3073 4950 morantes
3119 4899 3405 4962 inviseret,
3467 4903 3588 4954 sicut

2045 4974 2254 5018 eoostat
2281 4979 2345 5016 ex
2376 4964 2491 5031 ejus
2521 4964 2680 5032 epiSt.
2710 4965 2835 5026 9.25,
2872 4982 3018 5017 ιιιιιιι.
3058 4966 3109 5018 2.

2117 5033 2227 5104 (42).)
2268 5032 2603 5105 Simpliciter.
2653 5033 2710 5086 ln
2744 5036 2948 5093 Graeco.
2986 5035 3406 5105 ἀσυλλογίστως.
3443 5037 3586 5105 Porro

2048 5103 2100 5156 in
2131 5103 2360 5156 concilio
2391 5103 2761 5167 Lateranensi,
2789 5106 2927 5169 quod
2961 5103 3204 5158 habitum
3225 5121 3303 5160 est
3328 5104 3582 5160 Μητιιηοι

2046 5173 2320 5242 pontiﬁce,
2349 5170 2529 5242 Basilii
2570 5174 2782 5238 quidam
2830 5175 2976 5227 locus
3009 5176 3090 5227 sic
3116 5177 3340 5230 allertur
3371 5188 3583 5228 secretae

2049 5241 2126 5314 rio
2154 5259 2224 5306 tv,
2270 5243 2333 5294 ὲκ
2374 5241 2467 5294 τοῦ
2509 5245 2626 5294 κατ’
2657 5243 2920 5314 Εὐνομίου
2966 5243 3372 5313 συλλογιστικοῦ
3413 5247 3579 5312 λόγου.

2048 5312 2098 5382 id
2124 5323 2224 5376 est,
2253 5329 2270 5361 ι
2302 5326 2364 5365 ex
2393 5328 2638 5366 sermone
2659 5312 2983 5382 syllogistico
3006 5312 3187 5368 contra
3210 5316 3537 5368 Ennmninm.
3561 5329 3578 5361 ι

2049 5381 2305 5452 Didymus
2346 5383 2526 5449 itaque
2563 5383 2678 5435 ideo
2707 5381 2934 5436 fortasse
2966 5385 3077 5449 ait,
3106 5385 3515 5452 ἀσυλλογίστως,
3540 5383 3580 5434 id

2047 5451 2186 5524 esui
2207 5467 2320 5524 non
2339 5452 2682 5521 syllogistice,
2714 5471 2730 5502 ι
2763 5464 2819 5506 ut
2848 5455 3042 5507 indicet
3071 5471 3130 5524 se
3159 5451 3426 5524 reSpicere
3454 5451 3581 5507 Basi-

2047 5521 2102 5575 lii
2136 5521 2435 5594 epistolam,
2471 5538 2570 5594 non
2606 5537 2731 5594 vero
2762 5525 3018 5591 polemica
3046 5523 3162 5590 ejus
3185 5521 3369 5594 opera.

2118 5591 2230 5659 (45)
2273 5591 2392 5661 Non
2430 5591 2644 5660 possim.
2685 5592 2861 5649 Codex
2907 5595 3189 5661 mendose,
3222 5591 3342 5648 οὐκ
3387 5591 3493 5647 οἷόν
3529 5603 3577 5644 τι

2049 5656 2143 5731 pro
2179 5661 2276 5732 οὐχ
2302 5656 2410 5715 οἷόν
2431 5656 2512 5714 σε.
