3758 6306
411 336 521 396 923

1667 328 1900 385 DIDYMI
1941 322 2401 382 ALEXANDRINI

3541 320 3647 376 9‘34

413 459 470 505 et
490 449 542 503 in
574 448 849 519 procinctu
880 449 1078 505 habent
1102 448 1241 518 quod
1269 446 1467 502 Paulus
1509 445 1800 500 Corinthiis
1836 444 1971 498 scri-

2099 440 2310 511 προϐολῇ
2352 441 2485 509 ὅπερ
2525 438 2734 501 Παύλος
2753 438 3059 509 Κορινθίοις
3091 438 3150 490 ὲν
3182 440 3247 507 τῇ
3274 436 3461 507 πρώτῃ
3508 440 3649 507 γρᾶο

413 539 495 595 bit
532 539 584 593 in
623 540 794 608 prima
838 539 1071 608 Epistola
1116 580 1129 591 .
1161 557 1180 591 ι
1210 538 1468 605 Quoniam
1500 536 1630 606 (62‘)
1666 534 1841 589 nullus
1888 545 1971 588 est

415 630 710 702 Deus(65),
752 631 852 685 nisi
893 647 1030 685 unus
1067 649 1080 685 :
1116 646 1236 684 nam
1281 631 1379 684 etsi
1428 638 1551 683 sunt
1598 627 1687 696 qui
1728 627 1973 681 dicantur

415 724 509 787 dii,
542 723 654 776 sive
686 723 734 775 iu
761 724 918 783 cwlo,
950 722 1063 776 sive
1090 722 1143 775 in
1184 732 1323 775 terra
1354 719 1514 789 (sicut
1542 728 1669 774 sunt
1697 719 1768 772 dii
1798 718 1969 783 multi,

413 818 468 863 et
508 808 712 863 domini
772 809 944 878 multi)
976 828 987 863 :
1034 810 1185 863 nobis
1218 819 1393 862 autem
1431 824 1566 863 unus
1616 810 1753 862 Deus
1792 808 1969 872 Pater,

415 916 481 953 ex
512 915 617 968 quo
650 902 829 954 omnia
854 900 988 971 (64),
1022 911 1074 956 ει
1098 917 1235 956 unus
1256 895 1510 954 Dominus
1531 899 1685 954 Jesns
1705 898 1970 965 Christus,

416 1003 511 1057 per
562 1004 717 1058 quem
780 989 979 1055 omnia,
1028 996 1080 1045 et
1125 1004 1220 1042 nos
1258 1004 1351 1057 per
1398 988 1588 1055 ipsum.
1620 1006 1638 1038 ι
1689 984 1777 1038 Sic
1830 986 1971 1038 enim

416 1080 569 1133 aiunt
606 1097 621 1133 :
668 1079 817 1145 Illud,
864 1100 882 1131 ι
916 1096 980 1135 ex
1021 1078 1277 1151 quo(65),
1306 1099 1323 1130 ι
1382 1088 1436 1132 ει
1496 1077 1644 1141 illud,
1702 1094 1721 1128 ι
1756 1076 1913 1140 Deus,
1949 1094 1967 1128 ι

418 1167 514 1222 soli
558 1166 703 1222 Patri
735 1170 1004 1235 convenit,
1038 1179 1218 1237 utpote
1259 1169 1347 1237 qui
1372 1166 1519 1235 juxta
1544 1166 1972 1235 superstitiosam

416 1276 602 1315 eorum
641 1260 944 1328 opinionem
995 1261 1238 1328 superior
1282 1270 1384 1322 est,
1416 1274 1478 1312 ac
1534 1259 1695 1312 veluti
1739 1267 1977 1327 tempore

416 1351 674 1420 prmcedit
698 1352 885 1406 ambas
918 1352 1253 1421 liypostases.
1280 1350 1409 1403 Illud
1441 1365 1566 1404 vero
1589 1367 1606 1399 ι
1641 1364 1737 1418 per
1759 1363 1969 1417 quem,»

416 1450 471 1495 et
504 1441 651 1504 illud,
680 1460 699 1492 ‹
733 1440 1007 1506 Dominus,
1039 1461 1057 1492 ι
1107 1442 1361 1495 convenit
1390 1441 1546 1504 Filio,
1593 1449 1770 1507 utpote
1814 1440 1975 1492 mini-

418 1542 551 1593 stro,
607 1542 660 1584 et
702 1532 964 1587 secundas
1018 1532 1257 1597 habenti,
1288 1548 1384 1602 per
1423 1546 1579 1601 quem
1613 1531 1791 1585 omnia
1839 1531 1975 1584 facta

418 1628 563 1673 Sunt.
605 1617 735 1671 lllud
771 1634 914 1684 vero,
954 1637 970 1668 ι
1016 1620 1065 1673 in
1097 1636 1223 1688 quo,
1255 1640 1272 1672 ι
1313 1621 1470 1674 tertio
1505 1620 1622 1674 loco
1666 1636 1758 1689 per
1789 1621 1979 1675 decre-

421 1717 659 1762 mentum
688 1709 913 1777 Spiritui
948 1720 1135 1765 sancto
1166 1712 1411 1766 convenit
1436 1730 1449 1765 :
1474 1711 1526 1764 in
1560 1711 1674 1780 ipso
1702 1712 1865 1777 enim,
1896 1711 1978 1763 in-

2077 550 2164 601 φει
2207 531 2506 601 Ἐπιστολῇ·
2539 548 2557 582 ι
2595 531 2715 583 Ὀτι
2736 530 2907 592 οὐδεὶς
2930 530 3080 592 Θεὸς,
3108 531 3155 581 εί
3186 528 3261 599 μὴ
3290 524 3521 590 εἷς.Κα“ι
3540 534 3645 600 γὰρ

2078 627 2232 693 εἴπερ
2265 625 2369 676 εἰσὶ
2396 622 2676 693 λεγόμενοι
2705 622 2836 686 θεοὶ,
2873 623 2980 674 εἴτε
3038 624 3094 675 ὲν
3122 622 3354 693 οὑρανῷ,
3386 622 3502 674 εἴτε
3558 624 3645 675 ἐπὶ

2077 718 2179 787 γῆς
2230 715 2435 787 (ὥσπερ
2474 716 2581 768 εἰσὶ
2641 715 2751 768 θεοὶ
2795 715 2996 777 πολλοὶ,
3049 716 3141 768 καὶ
3189 714 3366 787 κύριοι
3412 714 3643 777 πολλοὶ),

2077 810 2207 878 ἡμῖν
2236 808 2292 861 δὲ
2335 802 2414 869 εἷς
2462 806 2591 869 Θεὸς
2620 808 2647 859 6
2685 808 2893 876 Πατὴρ,
2934 805 2992 869 ἐξ
3019 802 3079 858 οἶ)
3102 807 3169 858 τὰ
3205 806 3400 869 πάντα,
3424 806 3527 857 καὶ
3570 800 3647 865 εἷς

2076 897 2279 966 Κύριος
2318 896 2522 966 Ἰησοῦς
2562 896 2817 965 Χριστὸς.
2856 896 2920 948 δι’
2952 890 3011 948 οὗ
3034 896 3101 948 τὰ
3132 897 3326 955 πάντα,
3364 896 3459 947 καὶ
3488 897 3649 964 ἠμεξ

2078 987 2147 1039 δι’
2183 986 2365 1040 αὑτοῦ.
2410 1006 2429 1040 ι
2461 988 2629 1058 Φησὶν
2678 987 2805 1058 γάρ·
2844 985 3093 1057 Ἀρμόζει
3122 986 3200 1051 τὸ,
3229 1004 3246 1036 ι
3283 986 3340 1051 ἐξ
3380 981 3465 1045 οὗ,
3504 1004 3523 1036 ι
3559 986 3646 1037 καὶ

2079 1079 2158 1144 τὸ,
2214 1098 2232 1130 ‹
2268 1079 2296 1129 6
2342 1077 2493 1145 Θεὸς,
2529 1098 2545 1129 ι
2591 1079 2646 1132 ὲν
2683 1078 2829 1149 μόνῳ
2869 1077 2944 1148 τῷ
2997 1077 3188 1147 Harp),
3230 1076 3304 1139 ὡς
3356 1076 3646 1146 ὑπερτέριῳ

2080 1169 2216 1240 πρὸς
2248 1170 2346 1240 τὴν
2374 1169 2665 1241 θρησκείαν
2693 1169 2895 1233 αὑτῶν,
2930 1169 3021 1221 καὶ
3068 1163 3177 1220 οἷον
3212 1168 3322 1219 δντι
3358 1166 3437 1235 τῷ
3469 1168 3646 1236 χρόνῳ

2080 1262 2186 1333 πρὸ
2224 1262 2425 1332 ἀμφοῖν
2470 1260 2577 1313 τῶν
2612 1260 2980 1313 ὑποστάσεων·
3010 1258 3070 1311 τὸ
3101 1258 3179 1322 δὲ,
3216 1276 3234 1310 ι
3274 1258 3341 1310 δι’
3375 1252 3455 1321 οὗ,
3492 1276 3514 1308 ι
3558 1258 3647 1309 καὶ

2080 1354 2161 1415 τὸ,
2214 1372 2233 1403 ι
2271 1356 2298 1405 6
2324 1351 2547 1423 Κύριος,
2584 1371 2602 1403 ι
2642 1352 2716 1414 ὼς
2757 1350 3013 1421 ὑπουργῷ
3054 1352 3145 1403 καὶ
3171 1348 3438 1418 δευτέρως
3472 1349 3646 1417 ἔχοντι

2082 1446 2158 1515 τῷ
2194 1443 2323 1514 Υἱῷ,
2352 1444 2418 1497 δι’
2462 1439 2525 1498 οὑ
2575 1446 2642 1497 τὰ
2669 1443 2845 1497 πάντα
2876 1442 3109 1511 ἐγένετο·
3153 1440 3212 1493 τὸ
3261 1440 3339 1503 δὲ,
3376 1459 3395 1489 ι
3442 1441 3499 1491 ὲν
3523 1433 3592 1506 ᾧ,
3623 1456 3640 1489 ι

2083 1536 2280 1606 τρίτως
2306 1535 2426 1589 καθ’
2481 1536 2741 1589 ὑπόϐασιν
2780 1534 2855 1604 τῷ
2907 1534 3045 1602 ἁγίῳ
3089 1532 3216 1604 [197
3248 1531 3305 1603 α]
3349 1531 3640 1600 Πνεύματι·

2083 1628 2141 1679 ὲν
2163 1626 2309 1698 αὑτῷ
2336 1628 2467 1697 γὰρ,
2502 1627 2684 1696 φησιν,
2709 1627 2855 1679 πᾶσα
2885 1623 3008 1687 δόξα
3038 1623 3444 1693 ἀναπέμπεται*
3474 1624 3643 1691 όρμη·

2085 1718 2265 1781 θέντες
2293 1718 2540 1789 καὶπρὸς
2572 1716 2728 1770 τοῦτο
2774 1716 2879 1770 ἀπὸ
2909 1715 3017 1768 τῶν
3042 1715 3252 1767 Παύλου
3284 1714 3638 1784 γραμμάτων,

421 1798 635 1865 quiunt,
674 1800 849 1853 omnis
891 1800 1209 1869 gloriﬁcatio
1256 1801 1365 1854 Deo
1417 1800 1659 1855 oﬂ‘ertnr.
1703 1801 1756 1854 ld
1804 1809 1981 1853 autem

2099 1811 2188 1863 τῶν
2223 1827 2280 1861 τε
2310 1809 2447 1881 πρὸς
2493 1809 2772 1877 Ἐφεσίους
2821 1808 3051 1877 ἑχόντων
3094 1806 3435 1875 παραίνεσιν,
3488 1801 3641 1857 οὖσαν

420 1882 742 1937 conﬁrmant
797 1901 862 1939 ex
918 1887 1064 1940 Pauli
1101 1886 1355 1953 Litteris;
1386 1904 1504 1942 cum
1541 1904 1604 1942 ex
1645 1890 1708 1942 iis
1752 1889 1980 1953 scilicet,

418 1988 539 2040 qute
579 1977 794 2045 scripta:
845 1987 970 2030 sunt
1016 1977 1287 2047 Ephesiis,
1336 1994 1561 2048 qumque
1616 1982 1750 2031 lianc
1788 1979 1983 2032 habent

419 2064 887 2119 exhortationem:
916 2085 934 2118 ι
956 2066 1126 2121 Nolite
1145 2067 1253 2140 (6b)
1278 2070 1595 2123 contristare
1623 2067 1697 2139 (id
1723 2067 1984 2122 estoll'en-

415 2156 574 2228 olere)
606 2158 863 2229 Spiritum
899 2174 1141 2217 sanctum
1182 2162 1297 2229 Dei,
1339 2165 1391 2218 in
1430 2181 1535 2234 quo
1568 2166 1828 2235 obsignati
1855 2166 1986 2220 estis

422 2249 481 2301 in
515 2249 654 2303 diem
689 2253 1102 2322 redemptionis;
1144 2275 1161 2306 ι
1197 2265 1305 2309 tum
1340 2272 1403 2309 ex
1444 2257 1527 2322 iis,
1548 2271 1666 2325 qua:
1700 2258 1765 2309 ad
1796 2256 1986 2310 Corin-

425 2340 567 2395 thios
601 2343 778 2396 missae
827 2356 971 2411 sunt,
1027 2358 1187 2416 atque
1229 2348 1527 2417 huiusmodi
1566 2347 1861 2402 doctrinam
1894 2348 1987 2399 lia-

425 2429 551 2483 beut
580 2448 594 2485 :
641 2449 659 2481 ι
696 2432 807 2486 Non
841 2445 922 2488 est
948 2435 1059 2507 (67)
1092 2438 1233 2490 enim
1272 2454 1489 2507 regnum
1524 2439 1613 2492 Dei
1640 2453 1780 2501 esca,
1813 2447 1864 2489 et
1895 2453 1987 2505 po-

425 2528 511 2575 tus
550 2540 564 2575 :
600 2526 693 2576 sed
740 2524 971 2591 justitia,
1013 2539 1067 2582 et
1120 2544 1246 2596 pax,
1288 2540 1341 2583 et
1394 2531 1641 2599 gaudium
1694 2532 1744 2582 iu
1786 2530 1984 2599 Spiritu

425 2625 631 2672 salicto.
672 2635 691 2667 ι
728 2616 831 2670 Sed
876 2635 941 2673 ne
989 2622 1087 2673 hoc
1121 2622 1332 2689 quidem
1381 2637 1561 2675 eorum
1608 2631 1983 2690 argumentum

427 2705 721 2775 quidquam
754 2708 918 2764 valet.
941 2708 1074 2763 Nam
1107 2725 1167 2765 ea
1194 2727 1381 2765 vocum
1431 2714 1753 2781 permutatio
1784 2727 1886 2763 non
1923 2726 1984 2763 ex

426 2811 492 2849 eo
526 2800 809 2867 repetenda
858 2811 958 2864 est,
995 2804 1134 2871 quod
1173 2802 1361 2867 Filius,
1401 2813 1455 2857 et
1484 2804 1720 2871 Spiritus
1770 2817 1988 2856 sanctus

427 2889 714 2944 inferiores
743 2892 850 2945 sint
886 2911 899 2945 :
935 2896 1102 2946 amba:
1125 2896 1267 2948 enim
1297 2910 1452 2948 voces
1484 2914 1500 2946 ι
1531 2910 1617 2960 ex,
1650 2915 1668 2947 ι
1704 2904 1755 2949 et
1787 2914 1803 2944 ι
1837 2910 1983 2963 per,»

428 2981 717 3049 unicuique
766 2983 1039 3051 hypostasi
1080 2987 1293 3052 pr0prie
1335 2987 1695 3051 conveniunt;
1750 2987 1793 3039 si
1845 2989 1987 3040 enim

429 3073 612 3125 Omnia
652 3082 780 3127 sunt
838 3090 903 3127 ex
948 3076 1079 3139 Deo,
1152 3085 1207 3127 ut
1261 3076 1504 3144 profecto
1551 3086 1698 3142 sunt,
1724 3078 1989 3145 quomodo

429 3162 587 3216 initio
624 3163 765 3218 facta
820 3176 947 3219 sunt
977 3167 1154 3220 Omnia
1191 3183 1282 3236 per
1310 3166 1541 3221 Filium?
1577 3170 1652 3221 Ac
1683 3169 1725 3222 si
1768 3178 1988 3223 noverat

430 3252 653 3320 Paulus,
705 3270 825 3309 eum
884 3258 1133 3313 ascititiis
1198 3259 1301 3313 diis
1339 3262 1799 3314 annumerandum
1850 3276 1987 3329 esse,

430 3346 619 3413 quidni
658 3362 777 3400 cum
814 3348 933 3401 aliis
974 3363 1095 3403 eum
1144 3350 1495 3417 permiscuit?
1537 3367 1632 3404 cur
1683 3352 1829 3405 illum
1872 3368 1991 3406 cum

430 3434 591 3491 Patre
624 3437 936 3502 conjunxit?
965 3440 1028 3493 At
1066 3442 1264 3494 voculis
1299 3442 1425 3505 illis,
1463 3460 1481 3492 ι
1520 3458 1607 3506 ex,
1639 3462 1656 3494 ι
1686 3453 1739 3497 et
1778 3462 1796 3494 ι
1835 3459 1989 3512 ρει-,ι

431 3544 560 3582 usus
607 3540 708 3592 est,
754 3532 982 3600 priuan
1037 3534 1248 3600 quidem
1292 3548 1357 3588 ne
1408 3534 1641 3604 aliquam
1695 3538 1993 3591 divinarqu

434 3620 805 3691 liyposta'sium
848 3625 1219 3679 confusionem
1265 3627 1581 3693 cogitemus,
1624 3630 1715 3681 sed
1761 3629 1999 3698 singulas

432 3713 828 3782 distinguamus
857 3735 870 3770 :
897 3718 1090 3774 deinde
1114 3728 1169 3771 ut
1206 3720 1521 3787 explodatur
1544 3718 1848 3772 Graecorum
1878 3719 1997 3785 qui-

431 3803 554 3857 dem
587 3805 975 3874 polytlieismus
1005 3825 1099 3879 per
1136 3809 1282 3871 illud,
1324 3828 1341 3859 ι
1376 3809 1520 3864 Unus
1544 3808 1708 3880 409
1743 3809 1878 3863 Deus
1904 3810 1998 3861 Pa-

433 3902 559 3949 ter:
594 3915 613 3947 ι
654 3894 958 3953 Judazorum
1014 3913 1140 3953 vero
1197 3900 1517 3968 pervicacia,
1564 3917 1667 3967 qua
1726 3898 1996 3952 Christum

434 3996 805 4054 contemnunt,
872 4005 966 4058 per
1028 3991 1195 4058 illud,
1261 4010 1279 4042 ι
1323 3989 1477 4045 Unus
1533 3988 1790 4043 Dominus
1845 3988 2000 4043 Jesus

439 4074 735 4135 Christus:
776 4101 795 4134 ι
852 4080 1300 4137 Montanistarum
1356 4093 1533 4136 autem
1578 4082 1866 4146 dementia,
1909 4081 1999 4150 qui

436 4175 550 4223 tres
571 4171 819 4225 omnibus
840 4172 1051 4241 hymnis
1082 4172 1271 4239 dignas
1293 4172 1610 4240 hypostases
1663 4171 1816 4240 quasi
1842 4186 2000 4225 unam

438 4274 724 4328 personam
790 4262 985 4316 culturi
1037 4271 1211 4325 erant,
1277 4276 1371 4329 per
1434 4260 1583 4323 illud,
1639 4258 1906 4327 «Unus,»
1949 4271 2004 4317 et

444 4368 464 4402 ι
504 4348 675 4419 Unus,
705 4362 798 4405 »ει
838 4372 855 4403 ι
893 4352 1082 4409 Unus:
1116 4371 1135 4405 ι
1184 4352 1404 4407 Sabellii
1449 4351 1662 4405 demum
1715 4350 1863 4405 furor
1913 4354 2003 4407 de-

2084 1899 2141 1949 ὲν
2168 1897 2394 1961 τούτοις·
2436 1917 2454 1949 ι
2487 1898 2579 1968 Μὴ
2620 1897 2838 1949 λυπεῖτε
2884 1896 2945 1950 τὸ
3001 1894 3222 1965 Πνεῦμα
3261 1894 3321 1946 τὸ
3356 1897 3509 1961 Ξγιον
3558 1891 3642 1945 τοῦ

2082 1987 2239 2049 Θεοῦ,
2294 1989 2351 2039 ὲν
2406 1979 2450 2055 ᾧ
2487 1985 2889 2057 ἐσφραγίσθητε
2937 1986 3017 2048 εἰς
3073 1985 3283 2055 ἡμέραν
3337 1984 3643 2053 ἀπολυτρὼ-

2085 2093 2239 2139 σεως·
2267 2095 2285 2128 ι
2318 2076 2423 2128 τῶν
2454 2093 2512 2127 τε
2545 2075 2677 2145 πρὸς
2694 2073 3027 2145 Κορινθίους,
3052 2074 3281 2142 ἐχόντων
3309 2072 3641 2125 διδασκαλίαν

2084 2166 2312 2219 τοιάνδε·
2356 2167 2459 2217 (υὺ
2496 2165 2603 2235 γάρ
2638 2165 2837 2233 ὲστινή
2885 2163 3129 2233 βασιλεία
3170 2162 3259 2215 τοῦ
3294 2163 3430 2215 Θεοῦ

2086 2260 2182 2313 καὶ
2213 2260 2387 2323 πόσις,
2428 2258 2563 2311 ἀλλά
2592 2256 2928 2327 δικαιοσύνη,
2982 2258 3075 2309 καὶ
3117 2257 3325 2326 εἰρήνη,
3385 2257 3479 2307 καὶ
3512 2254 3642 2325 χαρᾶ

2087 2352 2144 2402 ὲν
2178 2350 2448 2421 Πνεύματι
2470 2350 2626 2420 ἁγίῳ.
2654 2370 2671 2401 ο
2708 2350 2872 2402 Οὐδὲν
2905 2350 2962 2401 δὲ
2992 2348 3288 2401 οὐδὲτοῦτο
3311 2348 3490 2401 αὑτῶν
3509 2349 3640 2399 ἐστιν

2089 2442 2383 2505 παντελῶς.
2442 2442 2506 2494 Ai
2559 2440 2667 2512 γάρ
2719 2441 2827 2493 τῶν
2862 2440 3059 2507 λέξεων
3111 2442 3425 2509 ὲναλλαγαὶ,
3483 2441 3540 2492 οὑ
3583 2440 3640 2490 δι’

2088 2533 2381 2585 ἐλάττωσιν
2433 2530 2526 2585 τοῦ
2567 2530 2696 2583 Υἱοῦ
2726 2523 2827 2584 καῖ
2841 2530 2935 2583 τού
2964 2532 3118 2599 ἁγίου
3152 2532 3470 2601 Πνεύματός
3498 2533 3637 2582 εἰσιν·

2088 2625 2390 2695 ἀμφότεραι
2424 2624 2532 2694 γὰρ
2564 2624 2617 2675 αἱ
2658 2622 2828 2687 λέξεις
2869 2624 3083 2686 οἰκείως
3128 2623 3308 2693 ἔχουσι
3354 2623 3492 2693 πρὸς
3531 2620 3642 2672 ἑκα-

2091 2734 2220 2787 στην
2254 2716 2564 2769 ὑπόστασιν·
2592 2716 2640 2766 εί
2665 2714 2771 2784 γὰρ
2795 2714 2861 2766 τά
2892 2715 3066 2768 πάντα
3088 2716 3148 2767 ἐκ
3167 2714 3258 2767 τοῦ
3278 2713 3436 2777 Θεοῦ,
3473 2713 3639 2782 ὥσπερ

2089 2802 2179 2858 οὑν
2201 2804 2419 2873 ἀληθὲς,
2451 2802 2567 2866 πῶς
2600 2802 2803 2857 ἄνωθεν
2830 2803 2896 2855 τά
2931 2804 3106 2855 πάντα
3134 2804 3221 2856 διὰ
3246 2804 3339 2856 τοῦ
3367 2803 3530 2868 Υἱοῦς
3561 2804 3643 2853 καὶ

2091 2901 2139 2951 ει
2172 2898 2435 2967 ἠπίστατο
2458 2898 2570 2958 τοῖς
2599 2897 2926 2965 εἰσποιητοῖς
2958 2894 3098 2959 θεοῖς
3128 2895 3535 2967 ὲναριθμεῖσθαι
3559 2895 3642 2947 αὑο

2091 2990 2201 3051 τὸν,
2231 2989 2283 3041 τί
2319 2987 2393 3058 μὴ
2437 2990 2549 3050 τοῖς
2590 2986 2768 3049 ἄλλοις
2823 2984 3100 3056 ἀνέμιξεν,
3134 2986 3227 3039 καὶ
3272 2986 3347 3057 μὴ
3375 2988 3455 3057 τῷ
3488 2984 3643 3054 II:th

2097 3082 2437 3151 συνήνωσεν;
2476 3078 2613 3151 Ἀλλῗ
2662 3077 2833 3139 οὓτως
2864 3078 3129 3148 εἴρηνται,
3171 3077 3329 3130 τοῦτο
3364 3077 3467 3147 μὲν
3492 3075 3572 3129 διὰ
3594 3075 3645 3126 τὸ
3702 3121 3706 3125 θ

2103 3174 2177 3243 μὴ
2210 3172 2467 3242 σύγχυσιν
2499 3172 2686 3241 νοῆσαι
2717 3170 2827 3221 τῶν
2858 3169 3013 3221 θείων
3036 3168 3403 3229 ὑποστάσεων,
3428 3168 3644 3236 ἑκάστην

2098 3262 2155 3315 δὲ
2178 3261 2631 3333 διευκρινηθῆναι·
2680 3258 2836 3312 τοῦτο
2864 3259 2919 3311 δὲ
2948 3259 3033 3312 διά
3055 3260 3116 3312 τὸ
3154 3258 3511 3312 ἐκϐάλλεσθαι
3541 3259 3643 3310 Ἐλ-

2100 3352 2273 3423 λήνων
2298 3354 2395 3423 μὲν
2424 3353 2521 3422 τὴν
2552 3350 2836 3403 πολυθεῖαν
2868 3349 2953 3403 διά
2988 3350 3101 3412 τοῦ,
3138 3368 3157 3400 ι
3197 3344 3291 3411 Εἷς
3319 3350 3453 3413 Θεὸς
3482 3351 3509 3401 6
3550 3350 3643 3402 II:-

2098 3448 2221 3516 τήρ·
2272 3465 2289 3497 ι
2338 3446 2603 3499 Ἰουδαίων
2627 3444 2683 3497 δὲ
2724 3444 2823 3515 τὴν
2862 3444 2988 3513 περὶ
3028 3444 3119 3495 τὸν
3151 3443 3382 3513 Χριστὸν
3406 3443 3643 3511 ἀθέτησιν

2098 3537 2184 3589 διὰ
2233 3537 2349 3600 τού,
2399 3554 2416 3587 ι
2452 3531 2547 3598 Εἷς
2603 3536 2806 3606 Κύριος
2850 3533 3058 3603 Ἰησοῦς
3112 3534 3362 3603 Χριστός·
3405 3554 3424 3585 ι
3458 3535 3643 3588 Mavu-

2099 3629 2292 3683 νιστῶν
2312 3627 2367 3679 δὲ
2397 3628 2496 3695 τὴν
2526 3628 2731 3691 ἄνοιαν,
2763 3627 3063 3697 μελλόντων
3085 3628 3180 3690 τὰς
3208 3630 3354 3695 τρεῖς
3386 3626 3645 3696 πανυμνὴ-

2098 3735 2224 3781 τους
2258 3717 2583 3779 ὑποστάσεις
2632 3716 2707 3779 ὡς
2760 3716 2816 3769 ἓν
2854 3717 3141 3787 πρόσωπον
3192 3717 3536 3787 θρησκεύειν,
3571 3715 3642 3767 Eii

2100 3808 2215 3873 τοῦ,
2255 3826 2273 3860 ι
2314 3803 2428 3870 Εἷς,
2454 3826 2471 3858 ι
2505 3808 2599 3860 καὶ
2643 3826 2660 3857 ι
2696 3804 2809 3871 Εἷς,
2855 3826 2873 3860 ι
2911 3808 3005 3859 καὶ
3048 3827 3065 3859 ι
3102 3803 3215 3870 Εἷς·
3245 3827 3262 3860 ι
3298 3806 3643 3866 Σαϐελλίουδζ

2100 3900 2198 3970 τὴν
2254 3899 2450 3970 μανίαν
2493 3899 2817 3953 ἀνούστατον
2862 3895 2998 3951 εἶναι
3047 3899 3136 3952 τὸν
3182 3898 3312 3951 Θεὸν
3343 3900 3535 3966 Λόγον,
3583 3897 3643 3957 ὡς

2100 3990 2192 4042 τὸν
2224 3990 2553 4061 προφορικὸν
2578 3991 2668 4042 τὸν
2698 3989 3057 4060 ἀναλυόμενον
3095 3989 3188 4043 καὶ
3222 3989 3344 4061 ἀέρι
3384 3987 3644 4057 συνεκχεὸ-

2106 4097 2285 4150 μενον,
2327 4079 2741 4149 φαντασθέντος,
2771 4080 2961 4144 οὕτως·
2994 4080 3077 4132 ὅτι
3102 4080 3224 4151 [I97
3256 4080 3307 4151 ὸ]
3337 4083 3366 4133 6
3410 4080 3642 4133 Ἀπόστο·

2103 4169 2191 4233 λος
2214 4171 2304 4224 τὸν
2330 4170 2619 4241 σύνδεσμον
2674 4173 2774 4241 τῆς
2807 4169 2952 4233 θείας
2981 4172 3200 4241 εἰρήνης
3230 4172 3530 4239 φυλάττων,
3563 4170 3644 4221 τά·

2102 4261 2183 4314 λιν
2216 4261 2526 4333 ἀμφοτέρας
2546 4260 2644 4324 τὰς
2670 4262 2843 4326 λέξεις
2868 4262 3066 4327 ταύτας
3097 4263 3440 4331 συναγαγὼν,
3474 4265 3549 4325 εἰς
3573 4261 3644 4312 τὸν

2104 4354 2199 4405 ἕνα
2227 4355 2535 4423 ἀναπέμπει
2559 4354 2923 4424 ἀρῤητότατον
2949 4354 3099 4417 Θεὸν,
3129 4356 3418 4424 Ῥωμαίοις
3434 4355 3641 4425 γράψας

440 4444 804 4498 mentissimus
823 4446 954 4515 (68),
1004 4448 1095 4516 qni
1152 4445 1317 4500 Deum
1350 4445 1583 4499 Verbum
1630 4458 1753 4499 esse
1783 4445 1985 4498 commit

2112 4464 2129 4496 ι
2161 4446 2280 4497 ’Ότι
2308 4444 2367 4507 ἐξ
2391 4443 2574 4508 αὑτοῦ,
2613 4445 2704 4496 καὶ
2734 4444 2799 4497 δι’
2830 4445 3015 4510 αὑτοῦ,
3036 4446 3129 4497 καὶ
3151 4446 3229 4507 είς
3262 4446 3422 4498 αὑτὸν
3449 4447 3512 4499 τὰ
3542 4446 3642 4498 riv-

440 4532 752 4587 niscebatur
788 4546 845 4587 ut
875 4534 1211 4603 prolatitium
1247 4533 1490 4598 verbum,
1519 4534 1658 4601 quod
1691 4533 1999 4597 resolvitur,

440 4631 496 4678 et
524 4625 634 4679 aeri
672 4629 1047 4695 permiscetur.
1080 4624 1341 4679 Nimirum
1365 4624 1649 4693 Apostolus
1678 4623 1870 4676 divina:
1909 4640 2002 4693 pa-

441 4715 520 4769 cis
551 4716 624 4785 (id
687 4726 771 4770 est
808 4716 1048 4783 unitatis)
1082 4715 1352 4770 vinculum
1378 4730 1621 4777 servans,
1663 4729 1848 4768 rursus
1888 4730 2003 4767 am-

440 4807 539 4863 bas
598 4810 760 4863 hasce
820 4822 979 4863 voces
1036 4808 1195 4863 simul
1245 4805 1440 4877 jungit,
1501 4815 1661 4875 atque
1720 4806 1785 4859 ad
1838 4821 2000 4858 unum

443 4916 649 4957 summe
678 4900 1001 4956 inell‘abileui
1041 4900 1206 4954 Deum
1245 4898 1360 4952 illas
1408 4897 1592 4962 refert,
1636 4898 1757 4950 dum
1806 4896 2008 4951 Roma:

517 5107 651 5176 (62‘)
683 5106 978 5176 (Quoniam.
1016 5104 1034 5158 l
1064 5106 1190 5160 Cor.
1234 5120 1346 5168 νιιι,
1379 5103 1496 5157 4-6.

517 5172 642 5248 (65)
670 5175 833 5248 Deus.
876 5176 1060 5230 (ἔναιρε
1098 5177 1269 5248 editio
1315 5176 1463 5248 addit
1518 5172 1753 5248 ἕτερος,Δ
1788 5172 1837 5224 id
1892 5183 2007 5236 est,

446 5266 463 5297 ι
506 5243 661 5299 alter.
706 5265 724 5297 ι
760 5247 929 5309 Quam
984 5260 1168 5300 vocem
1230 5244 1488 5313 Vulgatus
1531 5243 1692 5297 etiam
1741 5243 2009 5310 interpres

442 5317 651 5377 oriiisit,
686 5324 744 5367 ut
774 5316 1051 5384 Didymus.

519 5385 631 5454 (64)
673 5384 755 5438 Ea:
781 5380 890 5453 quo
914 5387 1109 5438 omnia.
1141 5384 1197 5437 ln
1241 5382 1427 5438 Bibliis
1460 5381 1663 5438 Graecis
1707 5396 1770 5436 ac
1800 5380 2009 5437 Latinis

445 5456 669 5511 additur
699 5473 712 5508 :
744 5472 761 5505 ι
804 5464 857 5507 ει
884 5470 979 5507 nos
1010 5457 1061 5507 in
1092 5457 1285 5523 ipsum.
1324 5473 1342 5504 ο

524 5525 633 5596 (θρ)
659 5528 752 5596 Ex
775 5540 893 5590 quo.
929 5520 1411 5596 Cmiex'meudoge,
1454 5525 1522 5596 ὲιε
1546 5520 1660 5596 σού.
1699 5521 2007 5596 L_egend_um

452 5588 627 5666 ἔξόὑζ
657 5594 719 5649 Ει
745 5588 899 5666 paulo
929 5607 1045 5666 post
1075 5611 1170 5666 pro
1198 5597 1254 5666 έν
1287 5593 1431 5663 μόνω
1457 5593 1533 5662 τῷ
1575 5588 2008 5666 Πατρίξηιιι-Ιίῐιι,

463 5662 560 5738 μὲν
583 5662 823 5738 μόνῳξῷ
852 5664 1045 5735 Πατρί.
1072 5662 1646 5738 δὶιιιίιειιιευιιξειιιιιιιη
1676 5662 1862 5738 Aetius
1886 5663 2009 5738 hinc

458 5731 1057 5801 eruc'bat,"l‘lieodoreto
1082 5744 1215 5793 teste
1243 5735 1336 5790 lib.
1368 5749 1403 5788 ιι
1434 5731 1571 5789 Hist.
1608 5732 1732 5788 εστι.
1757 5746 1875 5803 cap.
1910 5732 1997 5789 9.7.

2105 4553 2193 4588 τα·
2231 4535 2376 4604 αὑτῷ
2426 4538 2458 4605 ἡ
2522 4535 2647 4601 δόξα
2706 4537 2782 4599 εἰς
2836 4537 2962 4600 τοὺς
3022 4538 3242 4599 αἰῶνας.
3290 4538 3482 4608 Ἀμήν·
3526 4560 3543 4590 ι
3572 4539 3643 4589 καὶ

2120 4625 2403 4693 Ἐφεσίοις·
2459 4646 2477 4677 ι
2514 4623 2607 4690 Εἷς
2654 4626 2784 4690 Θεὸς
2846 4628 2939 4680 xui.
2990 4628 3179 4698 Πατὴρ
3230 4630 3467 4693 πάντων,
3509 4632 3537 4681 6
3574 4628 3644 4680 ἐπὶ

2109 4720 2343 4784 πάντων,
2382 4721 2475 4773 καὶ
2503 4719 2592 4773 διὰ
2620 4719 2855 4783 πάντων,
2896 4720 2990 4773 καὶ
3021 4723 3076 4773 ὲν
3118 4722 3302 4773 πᾶσιν·
3336 4741 3355 4773 ι
3384 4722 3483 4774 οὑκ
3520 4718 3643 4773 ἀλλό·

2110 4827 2260 4880 τριον
2307 4806 2443 4864 εἶναι
2478 4810 2647 4879 λέγων
2694 4810 2785 4863 τοῦ
2818 4830 2835 4861 ι
2864 4812 2955 4863 ἐπὶ
2979 4811 3194 4863 πάντων
3228 4831 3246 4863 ι
3282 4813 3341 4865 τὸ
3374 4831 3392 4863 ι
3433 4813 3517 4865 διὰ
3544 4812 3644 4865 πάν-

2111 4918 2238 4960 των,
2274 4919 2293 4952 ι
2330 4900 2448 4953 οὑδὲ
2486 4900 2579 4952 τοῦ
2611 4918 2629 4950 ι
2666 4900 2752 4953 διά
2787 4901 3000 4955 πάντων
3032 4920 3050 4953 ι
3077 4901 3137 4955 τὸ
3169 4920 3188 4953 ι
3216 4905 3273 4955 ὲν
3304 4905 3485 4955 πᾶσιν.
3523 4922 3541 4955 ι
3585 4901 3640 4953 03

2120 5121 2137 5153 ι
2174 5102 2333 5171 Atqui
2379 5102 2734 5172 (inquiebat)
2784 5103 2924 5155 inter
2968 5116 3026 5155 se
3053 5102 3334 5172 dissimilia
3396 5110 3536 5161 sunt,
3584 5098 3637 5152 Et

2113 5170 2299 5254 quo“?
2332 5170 2404 5254 et,
2447 5190 2465 5222 ι
2518 5186 2609 5239 per
2640 5186 2821 5241 quem.
2859 5190 2879 5224 ι
2920 5172 3060 5241 Ergo
3089 5170 3258 5226 Filius
3288 5172 3555 5227 dissimilis
3579 5178 3642 5222 est

2115 5243 2222 5296 Deo
2252 5242 2419 5295 Patri.
2457 5262 2474 5293 ι

2185 5312 2297 5382 (66)
2342 5310 2535 5382 Nolite.
2566 5310 2763 5378 Ephes.
2794 5327 2868 5377 iv,
2900 5313 2989 5365 50.

2182 5374 2295 5454 (67)
2337 5380 2458 5434 Νοη
2497 5392 2593 5435 εει.
2614 5374 2679 5435 lu
2714 5374 2951 5450 Epistula
2982 5395 3086 5435 non
3119 5382 3184 5435 ad
3215 5379 3542 5442 Corinthios,
3565 5374 3638 5431 sed

2108 5456 2172 5506 ad
2211 5456 2360 5505 lium.
2395 5468 2505 5517 xw,
2543 5452 2626 5507 l7.

2179 5524 2288 5594 (68)
2334 5524 2783 5594 Dementissiinus.
2811 5521 2991 5594 Codex
3020 5524 3297 5585 mendose,
3322 5521 3639 5594 ἀνούστατογ.

2107 5582 2360 5662 Leger'eln
2409 5593 2637 5650 libenter
2666 5592 3069 5659 ἀνυπόστατον,
3107 5603 3199 5648 aut
3239 5582 3389 5648 certe
3410 5582 3640 5644 ἀνουστό·

2104 5681 2222 5731 την.
