3758 6306
113 348 209 405 925

1205 350 1288 403 DE
1327 349 1696 407 TRlNlTATE
1734 353 1933 409 LIBER
1958 354 2293 411 TERTIUS.

3228 354 3330 413 926

112 458 434 529 κεχώρισται
475 459 589 529 γὰρ
634 458 727 512 τοῦ
788 478 808 511 ι
837 458 931 512 ἐπὶ
988 458 1204 513 πάντων
1236 460 1310 530 »ἡ
1340 460 1533 526 κτίσις,
1562 461 1665 532 ἢνέ

1782 465 1862 518 nis
1891 467 2122 521 scribit:
2158 486 2176 519 ι
2206 465 2462 533 Quoniam
2485 465 2596 537 (69)
2638 480 2704 521 ex
2740 466 2874 535 ipso,
2903 474 2958 523 et
3002 482 3097 537 per
3134 430 3333 538 ipsum,

117 552 205 621 μὲν
234 570 250 601 ι
272 550 357 602 διὰ
380 548 606 604 πάντων
625 569 643 600 ι
678 548 808 613 Θεὸς
831 550 1002 618 Λόγος
1019 552 1096 612 είς
1122 549 1181 602 τὸ
1200 550 1337 603 εἶναι
1370 552 1674 622 παρήγαγε,

114 644 166 695 τὸ
188 643 240 693 δέ
266 661 284 693 ι
306 643 363 693 ἐν
385 642 599 695 ἅπασιν
632 662 651 694 ι
670 642 891 714 Πνεῦμα
910 641 1004 695 τοῦ
1026 640 1159 694 Θεοῦ
1201 642 1416 712 πληροῖ,
1444 642 1675 713 συνέχει,

115 732 335 798 ἁγιάζει,
383 732 481 785 καὶ
532 732 808 795 ζωοποιεῖ.
864 733 962 785 Διά
987 750 1069 785 τοι
1121 732 1277 786 τοῦτο
1307 731 1674 796 ἐξακολουθῶν

115 823 181 891 τῷ
208 825 331 893 περὶ
357 823 417 875 τό
450 823 739 894 βάπτισμα
757 822 1081 894 θεσπίσματι
1107 823 1199 877 τοῦ
1251 823 1540 888 Δεσπότου,
1561 826 1674 887 τοῖς

115 915 281 977 αὑτοῖς
307 914 370 967 τὸ
406 893 676 986 δεύτερον
704 893 1008 987 Κορινθίοις
1040 914 1363 979 ἐπιστείλας,
1386 918 1451 986 τῇ
1485 893 1703 986 Τριάδδ

114 1006 485 1075 τὴνίσοτιμέαν
518 1004 806 1075 ἐφύλαξεν.
847 1004 1032 1058 είπών·
1077 1024 1094 1057 ι
1143 1006 1203 1059 Ἦ
1235 1005 1392 1077 χάρις
1425 1005 1516 1057 τοῦ
1556 1006 1669 1058 Κυ-

117 1096 217 1167 ρίου
242 1096 395 1167 ἡμῶν
436 1097 619 1166 Ἰησοῦ
662 1095 919 1166 Χριστοῦ,
954 1105 1049 1149 καὶ
1078 1098 1110 1167 ὴ
1164 1096 1349 1166 ἀγάπη
1382 1094 1476 1148 τοῦ
1510 1094 1668 1161 Θεοῦ,

116 1186 251 1255 καὶὴ
280 1186 536 1238 κοινωνία
586 1185 679 1239 τοῦ
739 1185 892 1255 ἀγίου
934 1185 1246 1255 Πνεύματος
1287 1184 1424 1255 μετά
1456 1185 1672 1240 πάντων

116 1295 141 1328 υ
150 1295 269 1329 αων.
307 1296 326 1329 ι

1776 564 1829 609 et
1849 555 1900 607 in
1929 554 2042 623 ipso
2072 557 2385 609 suntomnia
2410 574 2423 610 :
2449 556 2545 625 ipsi
2567 556 2733 625 gloria
2758 557 2808 609 in
2839 559 3053 613 saecula.
3092 559 3326 625 Amen;r

1775 655 1830 700 et
1857 645 2101 713 Ephesiis
2132 664 2146 700 :
2185 664 2203 697 ι
2229 644 2373 700 Unus
2392 646 2505 715 (70)
2542 646 2679 701 Deus
2699 647 2927 703 etPater
2953 648 3214 715 omnium,
3240 653 3331 719 qui

1774 744 1857 789 est
1895 751 2054 803 super
2084 736 2285 799 omnia,
2322 744 2376 790 et
2418 751 2513 805 per
2557 738 2758 800 omnia,
2789 748 2841 791 et
2872 738 2921 791 in
2958 737 3207 793 omnibus
3250 754 3263 792 :
3304 758 3324 791 ι

1773 840 1877 878 non
1913 824 2144 878 alienum
2194 838 2313 879 esse
2358 824 2649 879 ostendens
2698 839 2844 888 eum,
2896 826 2985 893 qui
3038 836 3140 890 est,
3176 846 3194 878 ι
3235 840 3331 896 per

1771 914 1972 979 omnia,
2005 933 2023 966 ι
2070 915 2137 970 ab
2187 915 2300 980 illo,
2350 915 2441 985 qui
2491 924 2573 970 est
2614 930 2817 984 «super
2864 917 3068 981 omnia,
3100 934 3119 968 ι
3158 932 3330 987 neque

1770 1004 1939 1071 illum,
1966 1006 2056 1076 qui
2088 1016 2171 1061 est
2211 1026 2230 1058 ι
2262 1008 2314 1060 in
2346 1008 2615 1069 omnibus,
2647 1023 2665 1057 ι
2704 1008 2769 1059 ab
2804 1007 2910 1072 illo,
2952 1008 3039 1078 qui
3066 1018 3147 1063 est
3186 1028 3203 1061 t
3237 1024 3330 1078 per

1771 1097 1971 1150 omnia.
1998 1114 2017 1147 ι
2056 1096 2264 1151 Etenim
2300 1098 2366 1162 is,
2400 1096 2488 1165 qtti
2536 1106 2618 1149 est
2665 1113 2682 1145 ι
2723 1110 2882 1164 super
2911 1099 3111 1163 omnia,
3148 1116 3166 1149 ι
3222 1111 3328 1151 non

1770 1186 1943 1250 abest,
1983 1201 2104 1239 cum
2151 1187 2221 1241 sit
2260 1186 2573 1252 immensus,
2606 1202 2635 1240 a
2682 1198 2957 1250 creatura,
2990 1202 3150 1255 quam
3184 1186 3329 1240 Deus

1771 1274 1985 1344 quidem
2025 1275 2280 1340 Verbum,
2321 1278 2409 1345 qui
2441 1288 2524 1331 est
2564 1295 2581 1328 ι
2621 1292 2715 1346 per
2758 1277 2961 1340 omnia,
3002 1295 3023 1327 ι
3072 1277 3136 1329 ad
3183 1277 3327 1330 exsi-

116 1370 345 1422 stautiam
384 1369 636 1434 adduxit,
678 1367 910 1437 Spiritus
959 1380 1087 1422 vero
1141 1366 1258 1431 Dei,
1301 1365 1390 1435 qui
1426 1374 1510 1420 est
1552 1382 1571 1415 ι
1612 1378 1665 1417 tn
1699 1365 1951 1419 omnibus
1975 1365 2111 1435 (7i),
2137 1384 2153 1417 ι
2193 1382 2311 1421 eam
2380 1366 2584 1436 implet,
2614 1366 2871 1429 continet,
2908 1364 3229 1429 sanctiﬁcat,
3275 1374 3331 1419 et

116 1460 351 1515 riviﬁcat.
384 1458 501 1514 Hac
534 1474 668 1515 sane
695 1461 760 1515 de
786 1474 946 1514 causa
984 1459 1036 1513 iu
1078 1460 1309 1513 secunda
1344 1458 1409 1511 ad
1445 1455 1659 1511 eosdem
1699 1452 2008 1511 Corinthios
2072 1456 2309 1527 Epistula
2381 1469 2489 1513 tres
2525 1457 2804 1511 Trinitatis
2836 1470 3089 1522 personas
3136 1439 3328 1527 acquali

119 1568 428 1622 prosequens
473 1554 705 1617 honore,
753 1567 817 1606 ac
867 1550 933 1607 iis
989 1558 1351 1604 consentanea
1435 1549 1698 1613 scribens,
1769 1562 1888 1617 quae
1940 1549 1992 1603 in
2033 1550 2281 1620 baptismi
2328 1550 2553 1605 formula
2594 1548 2756 1619 jussit
2802 1549 3057 1603 Dominus
3100 1550 3325 1617 servari,

118 1645 219 1698 ait:
270 1662 287 1693 ι
316 1644 504 1698 Gratia
535 1644 648 1714 (72)
702 1643 911 1699 Domini
956 1643 1123 1698 nostri
1172 1640 1299 1698 Jesu
1343 1642 1564 1709 Christi,
1607 1651 1661 1698 et
1698 1642 1937 1699 charitas
1998 1646 2112 1712 Dei,
2181 1657 2236 1703 et
2273 1647 2686 1703 communicatio
2728 1647 2901 1701 sancti
2949 1645 3181 1713 Spiritus
3205 1660 3325 1699 cum

118 1733 344 1789 omnibus
374 1733 550 1789 vobis.
588 1752 610 1786 ι

186 1906 440 1959 Ἐνταῦθα
467 1906 531 1958 τό
579 1904 776 1959 ταυτὸν
805 1904 904 1973 τῆς
931 1902 1200 1974 θεότητος,
1230 1903 1323 1956 καὶ
1359 1903 1421 1956 τὸ
1461 1903 1665 1957 ἁπλοῦν

1834 1901 2039 1967 Quibus
2076 1902 2129 1952 in
2152 1905 2330 1953 verbis
2360 1898 2703 1970 prapter(75)
2738 1899 2949 1955 deitatis
2970 1901 3325 1969 ideutttatem,

117 1991 467 2059 τῆςπίστεως
515 1991 798 2061 μονονουχὶ
842 1990 935 2043 τοῦ
965 1991 1174 2061 Πατρὸς
1222 1992 1537 2063 προτάττων
1573 1993 1663 2047 τὸν

1778 2002 1819 2047 at
1849 1992 1967 2046 iidei
1994 1989 2391 2059 simplicitatem
2422 2005 2527 2044 non
2572 1991 2728 2044 modo
2756 1999 2880 2044 ante
2917 1989 3127 2045 Patrem
3158 1991 3328 2046 collo-

121 2082 254 2146 Υἱὸν,
278 2083 409 2135 ἀλλά
443 2084 542 2135 κα)⁵
574 2081 944 2153 προσκύνησιν
971 2082 1090 2152 ίσην
1115 2082 1400 2153 ἀπονέμων
1425 2082 1502 2153 τῷ
1528 2082 1665 2154 ἁγίῳ

1778 2083 1979 2153 :at(".'4)
2012 2082 2226 2147 Filium,
2258 2096 2442 2135 verum
2464 2082 2627 2135 etiam
2658 2082 2913 2151 aequalem
2960 2083 3324 2137 adoratiouem

121 2173 387 2242 Πνεύματι,
435 2173 533 2225 καὶ
567 2173 796 2242 ἑνότητα
845 2174 938 2225 καὶ
981 2174 1261 2226 κοινωνίαν
1311 2170 1447 2227 εἶναι
1495 2174 1666 2242 λέγων

121 2260 262 2334 αὑτῷ.
288 2266 450 2318 Ποίαν
484 2265 542 2318 δὲ
589 2266 822 2334 ταύτηνς
850 2264 1071 2330 Οὐσίας,
1110 2264 1401 2335 βασιλείας,
1433 2265 1667 2336 θελήμα-

122 2372 213 2417 τος,
246 2356 334 2408 καὶ
360 2359 458 2427 τῆς
489 2356 963 2427 ἀναπεμπομένης
1000 2356 1177 2427 δόξης.
1223 2357 1312 2421 Ἐξ
1344 2358 1586 2428 ὑπαρχῆς
1611 2357 1666 2410 δὲ

122 2446 197 2497 τοῦ
223 2448 602 2519 προόλήματος
630 2448 1108 2519 μνημονεύσωμεν.
1134 2448 1356 2521 Γράφεια
1381 2468 1399 2500 ‹
1428 2446 1522 2512 Εἷς
1536 2449 1667 2511 Θεὸς

124 2541 147 2591 6
171 2542 357 2611 Πατὴρ,
376 2560 393 2592 ι
412 2543 506 2595 καὶ
532 2537 645 2605 «εἷς
673 2541 880 2613 Κύριος
906 2539 1109 2611 Ἰησοῦς
1137 2541 1388 2612 Χριστός·
1405 2561 1423 2594 ι
1456 2543 1552 2613 οὑχ
1591 2542 1666 2605 ὡς

124 2630 199 2681 τοῦ
248 2630 500 2701 ὀνόματος
535 2651 554 2683 ι
593 2632 694 2701 τῆς
739 2632 987 2703 θεότητος
1019 2652 1036 2683 ι
1066 2632 1439 2703 ὑπερέχοντος,
1460 2632 1492 2703 ἢ
1515 2650 1665 2704 πρω-

128 2718 337 2783 τεύοντος
363 2720 452 2773 τοῦ
466 2720 729 2791 ὀνόματος
758 2720 887 2788 «τῆς
914 2719 1250 2789 κυριότητος,
1282 2738 1301 2772 ι
1331 2719 1437 2772 οὐδ’
1464 2720 1538 2783 ὡς
1568 2721 1666 2792 ἀρ-

131 2808 353 2875 μόζοντος
386 2812 531 2881 μόνῳ
566 2811 666 2881 μὲν
708 2810 788 2880 τῷ
828 2811 1004 2879 Πατρὶ
1032 2809 1091 2862 τὸ
1137 2810 1355 2863 ἀκούειν
1390 2828 1408 2861 t
1450 2809 1601 2875 Θεὸς,
1640 2830 1659 2863 ι

134 2894 254 2963 μόνῳ
284 2895 334 2947 δὲ
350 2897 424 2967 τῷ
450 2898 564 2969 Υίῷ
589 2898 647 2949 τὸ
673 2896 952 2949 καλεῖσθαι
981 2896 1107 2969 [198
1127 2896 1180 2969 α]
1210 2916 1229 2949 ι
1258 2898 1460 2968 Κύριος
1491 2919 1508 2952 ι
1540 2901 1667 2971 (ἀμ-

132 2985 343 3056 φοτέρων
376 2988 478 3059 γὰρ
506 2988 578 3040 τὰ
611 2987 705 3040 δύο
737 2987 885 3057 ίδια)’
932 2987 1046 3039 ἀλλ’
1082 2988 1230 3051 ὅπως
1270 2990 1363 3041 καὶ
1391 2989 1450 3042 τὸ
1473 2990 1666 3043 ίδιοσύ-

134 3089 291 3127 suam
330 3077 431 3130 τῶν
478 3078 851 3142 ὑποστάσεων,
884 3078 977 3131 καὶ
1017 3078 1078 3129 τὸ
1109 3080 1166 3131 ἐν
1192 3080 1290 3149 μιᾷ
1322 3073 1460 3133 εἶναι
1500 3080 1665 3145 αὑτὰς

134 3165 312 3238 θεότητι
356 3171 446 3222 καὶ
490 3172 779 3242 κυριότητι
819 3170 1150 3242 ἀπαγγείλῃ.
1192 3171 1513 3240 Ἐπείτοιγε,
1545 3175 1663 3226 κατ’

1767 2175 1957 2229 tribuit
1986 2172 2208 2242 Spiritui
2241 2184 2449 2235 sancto,
2481 2172 2703 2241 ejusque
2739 2173 3019 2235 unitatem.
3046 2182 3100 2228 et
3134 2193 3151 2227 ι
3181 2190 3328 2228 com-

1766 2266 2183 2321 municationem
2224 2284 2243 2317 ι
2278 2265 2353 2332 (id
2391 2275 2474 2319 est
2513 2266 2965 2334 communionem)
3000 2280 3328 2320 commemoc

1766 2365 1868 2409 rat.
1900 2354 2084 2422 Qualis
2123 2370 2250 2409 vero
2295 2365 2376 2409 est
2420 2356 2519 2407 ista
2563 2356 3008 2409 communicatio?
3044 2356 3325 2422 Essentite,

1770 2445 1944 2514 regni,
1972 2445 2280 2510 voluntatis,
2307 2452 2361 2497 et
2393 2442 2815 2512 gloriﬁcationis,
2865 2458 3031 2512 quam
3058 2443 3165 2497 Deo
3191 2442 3325 2497 oile-

1769 2534 1959 2587 rimus.
1988 2531 2186 2586 Verum
2216 2546 2276 2586 ea
2312 2531 2483 2585 denuo
2517 2545 2999 2585 commemoramus
3043 2546 3159 2600 qua:
3185 2531 3324 2599 obji-

1764 2622 1913 2676 ciunt
1939 2621 2195 2676 hteretici.
2220 2621 2418 2676 Scribit
2449 2622 2642 2676 Paulus
2673 2641 2686 2676 :
2723 2622 2902 2678 (Unus
2928 2622 3067 2678 Deus
3096 2622 3277 2690 Pater,
3299 2642 3318 2676 ι

1763 2722 1816 2766 et
1842 2729 1857 2765 :
1888 2729 1907 2763 ι
1941 2712 2087 2767 Unus
2108 2711 2364 2766 Dominus
2384 2711 2540 2767 Jesus
2562 2712 2830 2777 Christus,
2858 2732 2877 2765 ο
2911 2729 3013 2768 non
3037 2716 3187 2782 quasi
3212 2714 3323 2786 (75)

1768 2817 1962 2858 nomen
2002 2820 2022 2853 ι
2053 2802 2273 2856 Deitatis
2302 2820 2321 2853 ι
2382 2802 2453 2856 sit
2502 2802 2887 2867 excellentius,
2921 2813 3014 2856 aut
3060 2804 3323 2870 anterius,

1765 2910 1925 2965 quam
1957 2909 2150 2949 nomen
2184 2911 2203 2946 ι
2229 2894 2650 2959 Dominationis;
2683 2914 2702 2947 ι
2734 2906 2827 2949 aut
2854 2897 3005 2963 quasi
3045 2898 3327 2952 conveniat

1765 2987 1861 3041 soli
1891 2987 2104 3057 quidem
2129 2985 2294 3049 Patri,
2314 2995 2373 3039 ut
2393 2985 2604 3040 dicatur
2618 2985 2806 3057 41οι
2819 2987 3116 3049 Deus,isuli
3147 2998 3324 3043 autem

1765 3079 1901 3136 Filio
1927 3088 1985 3132 ut
2013 3087 2236 3133 vocetur
2266 3078 2614 3143 «Dominus;r
2638 3080 3074 3148 utriusqneenim
3111 3080 3324 3149 propria

1766 3182 1891 3228 sunt
1918 3171 2033 3225 haec
2071 3170 2193 3224 duo.
2246 3168 2352 3224 Sed
2395 3171 2515 3226 ideo
2543 3171 2621 3226 sic
2653 3171 2885 3240 loquitur
2911 3171 3219 3239 Apostolus,
3262 3179 3321 3225 ut

135 3259 313 3326 αὐτοὺς,
344 3263 389 3314 εί
411 3264 483 3335 μὴ
512 3264 661 3317 ἔστιν
685 3264 845 3333 φύσει
865 3262 997 3327 Θεὸς
1028 3264 1057 3315 6
1087 3262 1234 3327 Υἱὸς,
1269 3264 1388 3317 οὑδέ
1424 3263 1665 3336 Κύριοςό

1778 3270 1826 3317 et
1872 3260 2143 3330 propriam
2198 3261 2602 3316 subsistentiam
2657 3262 3024 3331 bypostasiurr
3059 3262 3324 3325 enuntiet,

138 3348 294 3421 Πατὴρ
334 3353 503 3421 (nam;
532 3355 593 3407 δέ
622 3356 753 3425 ἡμῖν
782 3355 891 3425 εἴη,
934 3354 1162 3409 τοιαῦτα
1216 3354 1274 3421 ἐξ
1305 3355 1551 3425 ἀνάγκης
1581 3355 1668 3410 διὰ

136 3439 214 3509 τὴν
253 3442 493 3499 ἀπόνοιαν
531 3445 927 3515 φθεγγομένοις
976 3445 1065 3516 τὴν
1090 3444 1338 3515 τούτων),
1376 3445 1453 3508 ὼς
1474 3445 1668 3500 ταυτὸν

139 3529 181 3581 δὲ
202 3536 435 3603 τυγχάνον
467 3556 485 3589 ‹
514 3538 650 3601 Θεὸς
687 3555 705 3589 ι
740 3537 835 3590 καὶ
868 3555 887 3589 t
920 3536 1144 3607 Κύριος,
1181 3555 1199 3588 ι
1233 3536 1326 3589 καὶ
1350 3537 1425 3600 ὡς
1444 3536 1666 3608 θάτερον

140 3620 326 3695 θατέρου
345 3628 413 3699 μὴ
438 3629 715 3701 διαφέρον,
754 3628 886 3699 μηδέ
914 3627 1314 3699 κεχωρισμένον
1339 3628 1414 3691 ὼς
1441 3628 1663 3691 ἐπίπαν,

142 3718 384 3783 προτάττει
434 3723 465 3793 ἡ
509 3721 700 3793 Γραφὴ
734 3721 795 3773 τὸ
821 3740 839 3773 ε
880 3722 909 3772 6
954 3720 1157 3790 Κύριος
1193 3739 1210 3770 ι
1248 3719 1378 3773 τοῦ(
1409 3721 1436 3773 6
1458 3719 1607 3783 Θεὸς,
1642 3738 1660 3772 ι

142 3807 252 3859 κατά
279 3811 499 3866 Μωῦτέα
532 3814 780 3880 λέγονται
808 3830 826 3863 ι
860 3811 1062 3882 Κύριος
1083 3812 1111 3863 6
1141 3810 1273 3874 Θεός
1313 3827 1427 3875 σου,
1464 3809 1668 3881 Κύριος

145 3891 205 3959 εἷς
222 3902 364 3954 ἐστιν·
405 3922 422 3955 ι
467 3906 565 3959 καὶ
612 3904 794 3956 πάλιν·
843 3920 861 3953 ι
900 3901 1027 3966 Πῶς
1058 3900 1305 3967 διώξεται
1342 3895 1421 3963 εἷς
1444 3900 1663 3971 χιλίους,

145 3992 217 4042 καὶ
242 3993 320 4046 δύο
340 3998 781 4067 μετακινήσουσιν
824 3992 1106 4065 μυριάδας,
1141 3993 1189 4043 εί
1210 3991 1283 4062 μὴ
1300 3991 1501 4063 Κύριος
1530 4009 1668 4063 παρ-

148 4078 308 4138 έδωκεν
352 4090 562 4153 αὑτοὺς,
596 4088 691 4141 καὶ
716 4089 744 4139 ὁ
776 4087 907 4149 Θεὸς
956 4088 1181 4140 ἀπέδοτο
1230 4084 1460 4149 αὑτούς;
1515 4103 1533 4136 ι
1573 4084 1666 4136 καὶ

148 4173 258 4227 κατὰ
308 4177 388 4232 τὸν
423 4179 715 4251 ψαλμῳδὸν
754 4180 811 4232 ἐν
861 4176 906 4241 ζ’
939 4177 1157 4248 ψαλμῷ·
1202 4196 1219 4229 ι
1258 4176 1431 4247 Κύριε
1457 4176 1486 4227 ό
1536 4174 1667 4238 Θεός

152 4277 250 4328 μου,
274 4268 316 4319 εί
353 4270 578 4341 ἐποίησα
633 4270 809 4323 τοῦτο.
850 4286 869 4320 ι
920 4269 1077 4323 Κατὰ
1124 4268 1180 4322 δὲ
1222 4267 1428 4338 Ἰησοῦν
1458 4267 1549 4320 τὸν
1574 4265 1666 4319 τοῦ

149 4352 290 4427 Ναυῆ,
311 4363 339 4431 ἡ
357 4362 574 4436 λατρεία
598 4364 717 4434 ἣτις
746 4363 1015 4433 ὀφείλεται
1036 4363 1179 4432 μόνῳ
1218 4359 1358 4429 Θεῷ,
1388 4359 1464 4430 τῷ
1481 4357 1667 4430 Κυρίῳ

151 4450 448 4517 πρῠδάγεται·
489 4457 709 4517 πάντως
742 4456 800 4508 δὲ
838 4456 914 4516 ὡς
958 4454 1095 4524 Θεῷ.
1136 4454 1287 4522 Ἔχει
1311 4452 1437 4523 γάρ·
1460 4471 1479 4503 t
1512 4452 1667 4521 Μάρο

152 4549 275 4603 τδρες
308 4543 446 4612 ὑμεῖς
462 4547 581 4601 καθ’
605 4546 836 4612 ἑαυτῶν,
870 4547 950 4599 ὅτι
994 4544 1309 4611 ἐξελέξασθε
1334 4546 1543 4607 ἑαυτοῖς
1575 4543 1665 4596 τὸν

1765 3365 1818 3411 et
1846 3371 1941 3411 eas
1975 3357 2028 3410 in
2056 3372 2158 3410 una
2206 3356 2423 3419 deitate,
2452 3371 2514 3409 ac
2559 3357 2922 3411 dominatione
2963 3370 3079 3410 esse
3116 3356 3325 3425 signiﬁ-

1765 3456 1870 3501 cet.
1914 3446 2047 3501 Nam
2081 3446 2340 3515 alioquin,
2387 3447 2431 3500 si
2483 3446 2648 3499 Filius
2680 3461 2863 3501 eorum
2910 3447 3173 3500 sententia
3221 3461 3324 3500 non

1765 3550 1848 3597 est
1884 3550 2074 3595 natura
2127 3539 2287 3606 Deus,
2346 3555 2413 3593 ne
2454 3539 2614 3593 Pater
2646 3540 2859 3608 quidem
2909 3540 3161 3592 Dominus
3198 3539 3324 3604 erit,

1765 3633 1972 3705 (parcat
2018 3643 2198 3688 autem
2252 3632 2367 3703 ipse
2413 3632 2567 3686 nobis
2608 3631 2728 3684 talia
2782 3646 2844 3684 ex
2892 3630 3213 3684 necessitate
3258 3632 3327 3682 ob

1764 3724 1993 3778 istorum
2062 3723 2384 3777 dementiam
2447 3718 2807 3789 dicentibus).
2876 3720 3136 3785 Quoniam
3200 3734 3328 3773 vero

1766 3831 1927 3869 unum
1959 3823 2012 3867 et
2040 3814 2178 3868 idem
2201 3822 2285 3867 est
2318 3830 2337 3863 ‹
2375 3812 2536 3876 Deus,
2564 3831 2579 3862 ι
2614 3822 2666 3864 et
2701 3829 2718 3861 ι
2751 3809 3027 3877 Dominus,
3060 3830 3078 3862 ι
3113 3821 3165 3863 et
3188 3809 3326 3863 alte-

1764 3922 1882 3961 rum
1908 3906 1974 3960 ab
2008 3906 2180 3960 altero
2207 3921 2312 3958 non
2334 3903 2531 3970 diﬂ‘ert,
2566 3920 2661 3957 nec
2684 3904 2981 3972 sejungitur
3011 3904 3119 3958 ullo
3147 3903 3325 3965 modo,

1766 3994 2049 4064 Scriptura
2101 3995 2364 4065 praeponit
2426 4008 2620 4048 nomen
2688 4012 2706 4044 ι
2749 3994 3001 4048 Dominus
3044 4013 3062 4045 ι
3125 3993 3326 4048 ιιοιιιίιιί

1771 4105 1789 4138 ι
1829 4088 1995 4149 Deus;
2032 4105 2051 4138 ι
2091 4096 2146 4138 ut
2180 4100 2299 4139 cum
2332 4085 2407 4139 ait
2445 4084 2654 4157 Moyses
2681 4125 2694 4138 .
2723 4102 2741 4135 ι
2767 4084 3022 4138 Dominus
3048 4084 3157 4155 (76)
3188 4084 3329 4138 Deus

1764 4188 1884 4233 tuus
1915 4176 2026 4248 (77)
2067 4175 2325 4230 Dominus
2366 4191 2504 4231 unus
2549 4182 2659 4240 est;
2700 4192 2719 4226 ι
2752 4182 2806 4229 et
2852 4189 3075 4228 rursus:
3121 4191 3141 4225 ι
3184 4175 3329 4241 Quo-

1763 4269 1920 4324 modo
1943 4266 2052 4337 (78)
2082 4276 2433 4337 persequetur
2466 4280 2603 4321 unus
2648 4264 2812 4329 mille,
2854 4274 2908 4320 et
2936 4265 3040 4318 duo
3070 4264 3323 4319 transmi-

1763 4376 1919 4431 grare
1946 4359 2141 4413 facient
2167 4361 2347 4413 decem
2375 4357 2560 4422 millia,
2595 4357 2695 4411 nisi
2725 4357 2984 4411 Dominus
3021 4356 3332 4411 tradidisset

1764 4453 1904 4518 illos,
1936 4459 1989 4505 et
2016 4449 2160 4505 Deus
2191 4450 2520 4505 vendidisset
2543 4447 2703 4503 illos?
2730 4467 2749 4500 ι
2792 4448 2997 4501 Etcum
3029 4448 3102 4500 ait
3127 4447 3330 4500 Psaltes

1764 4545 1815 4597 in
1848 4558 1918 4597 vtt
1966 4543 2173 4610 psalmo
2218 4560 2232 4595 :
2274 4559 2291 4591 ι
2328 4539 2553 4593 Domine
2574 4539 2686 4610 (79)
2729 4539 2872 4593 Deus
2919 4553 3087 4601 meus,
3130 4538 3174 4591 si
3228 4537 3331 4590 feci

153 4620 330 4694 Κύριον.
354 4636 439 4687 τοῦ
471 4637 754 4708 λατρεύειν
787 4636 956 4706 αὑτῷ.
1009 4654 1027 4683 ι
1072 4637 1257 4688 Ἔστιν
1296 4636 1352 4688 δὲ
1391 4635 1660 4705 σκοπῆσαι

1778 4634 1929 4688 stud?
1962 4653 1980 4685 ι
2016 4632 2176 4687 Juxta
2200 4630 2383 4687 Jesum
2426 4646 2552 4685 vero
2603 4631 2769 4683 (ilium
2815 4629 2963 4683 Nave
2995 4629 3171 4683 cultus
3219 4629 3328 4693 ille,

155 4715 225 4766 καὶ
248 4718 293 4785 ἐξ
315 4724 488 4796 ἐτέρας
512 4728 752 4800 γραφῆς,
788 4728 865 4790 ὡς
906 4728 968 4779 οὑ
1013 4729 1079 4797 τῇ
1114 4727 1209 4797 μιᾷ
1244 4726 1534 4779 ὑποστάσει
1561 4726 1662 4796 ἀρ-

159 4806 302 4893 (ξόττει
347 4818 400 4870 τὸ
446 4839 463 4872 ι
495 4824 523 4875 6
560 4821 783 4893 Κύριος.
827 4839 847 4871 ι
879 4819 1083 4873 Ψάλλει
1127 4819 1235 4887 γὰρ
1281 4817 1444 4871 Δαυῖὸ
1471 4818 1529 4869 ὲν
1575 4816 1662 4887 πβ¹

156 4891 325 4972 Ψαλμῷι
356 4927 372 4959 t
406 4891 856 4983 Δίσχυνθῆτωσαν
885 4910 978 4963 καὶ
1010 4908 1437 4981 ταραχθήτωσαν
1469 4911 1548 4972 είς
1571 4908 1662 4963 τὸν

154 5118 159 5131 ’
338 5128 602 5199 Quoniam.
634 5133 793 5190 Rom.
826 5149 903 5199 χι,
937 5130 1025 5193 56,

156 5202 165 5265 '.
338 5190 486 5271 Unus.
521 5203 719 5271 Ephes.
750 5218 824 5269 tv,
857 5190 909 5257 6'.

215 5259 302 5327 (7t)
332 5267 391 5322 In
427 5259 680 5344 omnibus.
713 5259 950 5344 Respicit
976 5272 1107 5328 illud
1132 5270 1259 5344 sap.
1292 5286 1390 5335 xu,
1420 5270 1446 5325 ι
1479 5288 1492 5324 ;
1526 5266 1655 5324 «1η-

165 5339 394 5399 θθΐτυβιυε
418 5350 536 5399 tuus
566 5343 803 5399 Spiritus
821 5339 912 5399 est
945 5345 996 5399 in
1031 5339 1304 5397 omnibus.
1334 5361 1352 5394 ι

337 5396 532 5481 Gratia.
578 5396 629 5466 li
672 5396 806 5473 icon.
837 5396 964 5481 ain,
991 5414 1076 5468 l3.

219 5466 314 5551 (75)
343 5466 569 5551 Propter.
611 5466 1188 5550 ϐοᾶἐῖίτὸἹταυτόν.
1222 5478 1374 5535 Addo
1417 5478 1540 5545 διά,
1597 5492 1656 5537 ac

165 5526 255 5603 Iesu
291 5526 365 5598 ita
392 5526 679 5606 arma:

220 5606 326 5694 in)
356 5617 471 5675 Ante
512 5623 725 5694 Patrem
773 5623 1020 5678 collocat.
1057 5621 1234 5694 Codex
1257 5663 1271 5688 ,
1312 5618 1406 5694 τοῦ
1444 5618 1658 5694 Πατρὸς

173 5682 475 5763 προστάττων.
524 5693 631 5747 Sed
668 5696 1009 5763 perspicuum
1059 5704 1143 5747 est
1196 5682 1480 5763 legendum
1536 5682 1657 5750 εἰὶεὸ

213 5755 258 5799 ιιι
282 5763 325 5806 et
351 5756 469 5837 lego]
499 5763 590 5817 τοῦ
622 5755 835 5838 Πατρός
863 5763 1195 5836 προτάττων.

1767 4726 1858 4796 qui
1892 4724 1989 4779 soli
2014 4724 2123 4778 Deo
2158 4724 2401 4788 debetur,
2440 4722 2667 4777 Domino
2691 4718 2937 4784 oﬂertur,
2969 4735 3032 4773 ac
3064 4718 3327 4783 redditur;

1766 4819 1907 4873 nulla
1947 4818 2155 4871 scilicet
2207 4816 2311 4870 alia
2379 4815 2444 4869 de
2495 4829 2679 4879 causa,
2718 4814 2819 4867 nisi
2868 4813 2994 4882 quia
3046 4810 3186 4864 Deus
3216 4819 3328 4865 est:

1768 4910 1878 4964 haec
1911 4910 2051 4963 enim
2078 4909 2271 4962 habet:
2306 4926 2325 4959 ‹
2357 4907 2543 4961 Testes
2568 4906 2679 4977 (80)
2715 4920 2809 4959 vos
2845 4907 2974 4959 estis
2997 4914 3183 4959 contra
3212 4918 3333 4958 vos-

1833 5130 1945 5202 (75)
1982 5129 2103 5202 Non
2137 5131 2323 5201 quasi,
2359 5096 2895 5202 etc._Eodem__modo
2926 5125 3287 5202 Pauliﬁverba
3310 5164 3330 5193 ,

1767 5219 1786 5253 ι
1819 5194 1967 5256 Unus
1992 5194 2181 5267 Deus,»
2204 5194 2331 5266 etc.,
2359 5199 2592 5270 explicat
2620 5200 2673 5253 in
2697 5198 2788 5253 lib.
2821 5196 2897 5251 De
2916 5195 3059 5267 Spir.
3090 5194 3149 5254 S.
3183 5214 3332 5255 num.

1761 5270 1853 5328 29.

1835 5340 1945 5412 (76)
2000 5339 2269 5412 Qominus.
2306 5339 2561 5412 Deutat't.
2594 5338 2648 5394 4.

1840 5408 1954 5482 (77)
2010 5408 2170 5482 Tuus.
2204 5409 2390 5482 Graeca
2422 5410 2619 5473 editio,
2651 5408 2843 5482 ὴμῷν,
2873 5423 2967 5463 seu
3008 5426 3027 5460 ι
3068 5415 3271 5461 noster.
3306 5424 3327 5459 ι

1844 5478 1955 5549 (78)
1997 5478 2293 5549 Quomodo.
2327 5479 2481 5533 Deut.
2513 5478 2812 5543 Χιχιιξόο.

1845 5484 1933 5549 (78
1997 5484 2289 5544 Quomodo.
2327 5484 2481 5533 Deut.
2513 5494 2689 5543 xxxu,
2722 5484 2812 5534 50.

1845 5484 1957 5621 (79;
1998 5549 2243 5621 Domine.
2269 5548 2409 5603 Psal.
2437 5565 2535 5614 vn,
2562 5549 2639 5621 5A(
2664 5566 2755 5621 seu
2784 5549 2874 5621 ί).

1838 5616 1951 5691 (80)
1994 5618 2186 5691 Testes.
2219 5617 2383 5691 .losue
2413 5634 2559 5691 xxtv,
2588 5616 2766 5691 22.7ln
2800 5618 2985 5674 Bibliis
3026 5616 3164 5672 idem
3189 5626 3320 5672 sen-

1766 5688 1882 5757 sus,
1913 5688 2006 5748 Sed
2035 5688 2195 5745 verba
2228 5688 2616 5761 aliquantulum
2652 5689 2886 5744 diversa.
