3716 6340
348 335 451 389 99.7

1609 337 1846 392 DlDYMl
1887 338 2349 394 ALEXANDBINI

3489 346 3593 399 9‘33

349 448 627 516 metipsos,
661 445 801 515 quod
851 444 1092 517 elegistis
1123 447 1273 504 vobis
1316 446 1626 517 Dominum,
1661 460 1720 507 nt
1751 452 1919 506 servi-
1947 457 1979 515 Α

2116 472 2190 509 »να
2215 456 2308 509 τοῦ
2343 456 2554 521 αἰῶνος,
2585 457 2678 510 καὶ
2693 459 3136 530 ὲντραπήτωσαν,
3163 459 3254 512 καὶ
3273 457 3592 516 ἀπολέσθω-

349 539 480 593 retis
505 538 574 592 ei.
607 556 626 590 ι
669 537 865 594 Verum
905 553 970 593 ex
1004 539 1123 594 aliis
1155 539 1314 594 etiam
1348 539 1642 610 Scriptura:
1671 543 1803 599 locis
1831 543 1916 596 in-

353 629 589 699 telligere
625 627 770 695 licet,
790 645 894 682 non
918 630 1006 682 uni
1035 631 1309 699 hypostasi
1332 647 1525 687 nomen
1560 651 1579 684 t
1609 634 1867 688 Dominus
1893 652 1912 685 ι

351 722 640 775 convenire
672 739 686 775 :
727 721 906 791 psallit
942 722 1085 777 enim
1123 723 1293 776 David
1340 723 1392 777 in
1436 740 1615 779 Lxxxn
1663 725 1868 794 psalmo
1901 743 1917 780 :

356 825 379 862 ι
417 811 790 881 Erubescant(
808 811 869 865 81
895 818 938 880 ),
993 820 1047 864 et
1105 813 1492 868 conturbentur
1554 815 1605 868 in
1664 816 1918 870 saeculum

355 903 558 970 smcnli,
610 915 662 958 et
716 906 1059 968 erubescam,
1098 913 1154 959 et
1197 916 1442 974 pereant,
1477 918 1533 962 et
1570 919 1920 978 cognoscant,
1971 897 1989 910 ’

357 994 496 1062 quod
533 1007 725 1047 nomen
766 993 858 1046 tibi
899 993 1177 1046 Dominus.
1239 991 1318 1046 Tu
1347 1009 1404 1047 es
1435 994 1580 1048 solus
1620 995 1926 1050 Altissimus

359 1099 522 1154 super
549 1099 762 1139 omnem
797 1093 1018 1138 terram.
1053 1104 1071 1137 ι
1115 1084 1170 1139 Si
1207 1085 1349 1140 enim
1390 1084 1458 1140 de
1491 1085 1648 1140 Patre
1695 1086 1807 1140 haec
1841 1085 1926 1138 di-

360 1181 592 1239 cuntur,
646 1173 916 1242 quomodo
975 1171 1173 1227 Paulus
1236 1173 1428 1226 scribit
1480 1194 1495 1227 :
1558 1191 1576 1225 ι
1618 1172 1925 1244 Unns(82)

362 1272 598 1330 sanctus,
618 1279 756 1316 unus
789 1262 1044 1317 Dominus
1073 1261 1230 1318 Jesus
1253 1263 1542 1318 Christus?
1563 1283 1582 1316 ι
1616 1264 1681 1318 ΕΙ.
1711 1279 1931 1318 rursus:

370 1371 389 1404 ι
423 1353 807 1423 Dominus(85)
857 1362 1034 1407 autem
1084 1353 1316 1424 Spiritus
1363 1355 1478 1409 est?
1516 1374 1534 1407 ι
1587 1353 1643 1408 Si
1694 1369 1822 1409 vero
1864 1355 1931 1409 de

363 1444 500 1500 Filio
523 1445 855 1509 scribuntur,
879 1461 980 1499 non
1010 1460 1140 1515 ergo
1173 1445 1452 1512 Dominus,
1477 1462 1578 1501 non
1604 1446 1928 1512 Altissimus,

2022 563 2141 614 σαν,
2175 548 2270 600 καὶ
2299 549 2610 616 γνώτωσαν,
2663 551 2744 602 ὅτι
2781 549 2949 619 ὄνομά
3006 567 3086 602 σοι
3136 549 3358 620 Κύριος.
3421 552 3499 604 Σὺ
3549 549 3599 605 εἴ

2028 637 2188 708 μόνος
2222 639 2483 710 ’Ύψιστος
2533 639 2626 692 ἐπὶ
2681 641 2860 694 πᾶσαν
2889 641 2987 710 τὴν
3013 642 3138 710 γῆν.
3177 660 3196 693 ι
3235 642 3296 694 El
3323 642 3435 713 γὰρ
3467 644 3597 714 περὶ

2019 730 2112 784 τοῦ
2137 732 2347 803 Πατρὸς
2374 732 2541 800 λέγει,
2577 733 2693 796 πῶς
2730 733 2941 796 Παῦλος
2971 735 3192 804 γράφει⁸
3241 753 3260 785 ι
3288 729 3385 797 Εἷς
3418 734 3596 801 ἅγιος,

2021 816 2101 884 εἷς
2134 822 2336 893 Κύριος
2377 822 2583 894 Ἰησοῦς
2632 823 2894 896 Χριστὸς;
2948 843 2966 874 ι
3002 825 3096 877 καὶ⁴
3137 824 3320 877 πάλινο
3355 842 3376 874 ‹
3427 825 3488 877 '0
3545 825 3597 876 δὲ

2023 914 2225 985 Κύριος
2247 915 2306 967 τὸ
2338 915 2562 985 Πνεῦμά
2586 918 2760 980 ὲστιν;
2797 935 2816 967 ι
2854 917 2918 968 Ei
2949 915 3002 969 δὲ
3028 917 3154 985 περὶ
3183 916 3276 968 τοῦ
3315 915 3447 968 Υίοῦ
3467 917 3601 986 γρά-

2024 1021 2133 1074 φει,
2157 1004 2348 1058 οὐκοῦν
2371 1006 2429 1057 ού
2457 1004 2679 1075 Κύριος,
2706 1006 2804 1075 οὐχ
2832 1005 3114 1075 ”Υψιστος,
3141 1005 3238 1074 οὐχ
3262 1005 3442 1072 ἅγιος,
3481 1008 3600 1057 κατ’

2027 1096 2242 1162 αὐτοὺς,
2275 1099 2302 1149 6
2321 1097 2530 1167 Πατήρο
2560 1095 2594 1166 ἢ
2625 1097 3006 1164 ἐγκαλέσωσιν
3030 1096 3107 1166 τῷ
3133 1096 3291 1148 Δαυῖδ
3319 1095 3600 1164 catam,

2026 1189 2084 1240 ὲν
2114 1187 2210 1258 μὲν
2243 1186 2319 1258 ρθ⁹
2341 1186 2558 1257 ψαλμῷ·
2590 1207 2608 1238 ι
2650 1184 2814 1240 Εἶπεν
2848 1189 2876 1240 ὁ
2917 1185 3043 1258 [198
3074 1186 3127 1258 6]
3163 1188 3370 1257 Κύριος
3385 1187 3465 1257 τῷ
3491 1189 3601 1239 Κυ-

2032 1277 2129 1348 ρίῳ
2168 1293 2285 1348 μου·
2316 1277 2498 1330 Κάθου
2516 1279 2578 1330 ὲκ
2604 1277 2790 1341 δεξιῶν
2824 1294 2946 1348 μου·
2982 1297 3000 1329 ι
3037 1280 3093 1331 ὲν
3122 1278 3177 1330 δὲ
3217 1279 3323 1344 ιιιθη
3358 1297 3377 1328 ι
3403 1278 3601 1339 Γνὼτε,

2028 1368 2109 1420 ὅτι
2133 1367 2333 1438 Κύριος
2386 1367 2546 1430 αὑτός
2583 1369 2727 1422 ἐστιν
2769 1370 2797 1421 6
2831 1368 2985 1432 Θεὸς,
3027 1369 3107 1422 ὅτι
3147 1369 3312 1432 αὐτὸς
3351 1370 3602 1436 ἐποίησεν

2029 1460 2198 1528 ἡμᾶς,
2237 1457 2331 1511 καὶ
2362 1459 2459 1528 οὐχ
2492 1461 2674 1529 ἡμεῖς.
2717 1478 2735 1510 ι
2777 1458 2938 1529 Δηλοῖ
2985 1459 3040 1511 δὲ
3077 1462 3301 1522 ἐκεῖνον,
3346 1459 3416 1511 δι’
3450 1454 3512 1511 οῦ
3544 1460 3604 1511 τέι

369 1549 472 1587 non
515 1545 737 1588 sanctus
775 1532 930 1602 juxta
976 1535 1122 1604 ipsos
1164 1535 1269 1590 erit
1311 1535 1488 1590 Pater.
1530 1535 1637 1589 Aut
1682 1536 1930 1589 Davidem

2116 1566 2209 1602 ντα
2256 1549 2489 1618 ἐγένετο.
2547 1550 2634 1604 Ἐν
2663 1549 2719 1602 δὲ
2749 1549 2842 1614 EC“
2891 1569 2910 1600 ι
2959 1551 3343 1621 Ὀδοποιήσατε
3374 1551 3450 1621 τῷ
3489 1553 3604 1603 ἑπι-

366 1623 724 1678 criminentur
759 1624 1072 1692 psallentem
1102 1626 1153 1676 in
1178 1641 1264 1680 ent
1297 1625 1502 1693 psalmo
1541 1643 1554 1679 :
1596 1644 1615 1675 ι
1657 1625 1801 1679 Dixit
1828 1624 1933 1679 Do—

2116 1641 2286 1712 Ξηκότι
2318 1642 2409 1694 ἐπὶ
2435 1641 2663 1709 δυσμάς·
2694 1642 2894 1713 Κύριος
2931 1641 3098 1712 ὄνομα
3140 1642 3311 1712 αὐτῷ.
3343 1661 3362 1692 ι
3392 1643 3606 1712 Δυσμὰς

369 1713 547 1767 minus
595 1713 819 1767 Domino
871 1729 988 1768 meo
1034 1733 1046 1768 :
1089 1713 1229 1769 Sede
1271 1730 1302 1768 a
1350 1716 1552 1770 dextris
1600 1717 1768 1779 meis;
1808 1735 1827 1768 ›
1881 1724 1935 1771 et

2116 1733 2283 1801 λέγει,
2317 1734 2405 1786 ἐπ’
2435 1733 2676 1803 ἐσχάτων
2712 1733 2937 1805 καιρῶνο
2969 1734 3170 1805 Κύριον
3185 1734 3264 1796 δὲ,
3287 1735 3384 1787 τὸν
3420 1736 3609 1800 ἐπιρρα-

371 1805 426 1858 in
453 1821 575 1859 xcrx
602 1822 615 1859 :
657 1823 675 1857 ι
701 1805 924 1869 Scitote,
955 1807 1206 1874 quoniam
1243 1806 1500 1861 Dominus
1532 1808 1642 1875 ipse
1666 1818 1746 1863 est
1777 1809 1935 1875 Deus,
1967 1802 1979 1856 Ι

2116 1839 2218 1885 ιτα,
2249 1821 2337 1875 ὅτε
2369 1816 2532 1892 ἦλθεν
2561 1821 2624 1874 τὸ
2666 1821 2938 1892 πλήρωμα
2977 1821 3071 1874 τοῦ
3101 1823 3319 1892 χρόνου.
3357 1822 3609 1890 Ἐγκαλέ-

370 1897 496 1967 quia
518 1897 628 1969 (84)
671 1898 783 1967 ipse
821 1897 946 1953 fecit
993 1913 1113 1961 nos,
1146 1905 1201 1952 et
1247 1913 1350 1952 non
1390 1899 1488 1968 ipsi
1518 1913 1634 1954 nos.
1667 1918 1685 1951 ›
1721 1900 1814 1954 His
1842 1916 1940 1954 au-

378 1999 481 2042 tem
509 1989 686 2043 verbis
717 1989 864 2042 illum
900 1989 1187 2058 signiﬁcat,
1238 2003 1334 2057 per
1381 2005 1541 2058 quem
1582 1991 1760 2043 omnia
1802 1989 1942 2044 facta

377 2087 538 2145 sunt;
573 2087 624 2134 et
659 2080 710 2133 in
738 2093 884 2133 vau
920 2097 934 2133 :
981 2097 998 2129 t
1032 2079 1134 2133 lter
1163 2079 1322 2133 facite
1362 2079 1411 2133 ei
1455 2080 1543 2148 qui
1576 2082 1819 2134 ascendit
1851 2095 1944 2136 su-

378 2185 475 2238 per
498 2185 746 2226 occasum
776 2189 788 2224 :
821 2170 1079 2225 Dominus
1122 2186 1314 2224 nomen
1339 2171 1437 2224 illi.
1471 2191 1489 2222 ι
1521 2171 1784 2226 Occasum
1817 2187 1944 2227 vero

376 2262 509 2317 dit-it
537 2263 721 2316 ultima
761 2272 1037 2333 tempora;
1086 2262 1369 2316 Dominum
1431 2273 1630 2324 autem,
1677 2278 1797 2316 eum
1855 2263 1945 2332 qni

382 2354 762 2409 manifestatus
778 2362 881 2420 est,
915 2372 932 2404 t
957 2354 1168 2422 quando
1191 2352 1302 2420 (85)
1338 2353 1482 2406 venit
1523 2353 1793 2422 plenitudo
1816 2364 1949 2408 tem-

381 2446 550 2516 poris.
584 2464 604 2496 ι
644 2445 836 2500 Isaiam
862 2461 1074 2516 quoque
1107 2453 1387 2510 accusent,
1415 2446 1505 2514 qui
1551 2444 1710 2516 41],
1757 2445 1947 2510 Deum,

383 2547 437 2592 et
463 2538 742 2592 Dominum
773 2539 1020 2593 similiter
1057 2549 1216 2592 vocat
1251 2537 1465 2601 Filium,
1514 2539 1843 2608 prophetans
1896 2539 1949 2592 in

384 2630 528 2684 hunc
559 2630 772 2683 modum
803 2647 818 2684 :
856 2647 874 2680 t
911 2630 1048 2684 Ecce
1075 2627 1184 2696 (86)
1219 2628 1357 2683 Deus
1387 2638 1589 2696 noster,
1621 2644 1748 2683 ecce
1775 2627 1954 2682 Domi-

387 2737 488 2776 nus
531 2737 652 2777 cum
677 2720 992 2776 fortitudine
1017 2721 1184 2785 venit,
1221 2729 1277 2774 et
1311 2721 1587 2774 brachium
1628 2733 1748 2773 cum
1784 2719 1955 2772 domi-

387 2812 648 2866 natione:
679 2827 805 2867 ecce
834 2827 1040 2866 merces
1078 2811 1197 2881 ejus
1238 2827 1358 2866 cum
1401 2811 1525 2878 illo,
1565 2820 1620 2864 et
1668 2824 1802 2878 opus
1834 2819 1957 2863 ante

390 2902 578 2958 faciem
605 2903 715 2974 (87)
745 2903 908 2971 ejus:
955 2914 1210 2973 tanquam
1264 2911 1451 2973 pastor
1507 2910 1691 2972 pascet
1739 2917 1956 2971 gregem

392 3009 569 3060 suum,
597 3005 651 3049 et
675 2995 896 3050 brachio
928 3008 1024 3049 suo
1049 2995 1396 3062 congregabit
1425 3005 1611 3062 agnos.
1640 3011 1658 3044 ι
1699 2990 1957 3054 Jacobum

391 3085 608 3154 insuper
637 3085 943 3154 objurgent,
973 3086 1060 3154 qui
1091 3086 1192 3140 hoc
1220 3100 1331 3140 suae
1358 3084 1608 3152 Epistulae
1639 3084 1957 3153 prooemium

393 3175 523 3231 fecit
555 3195 569 3231 :
610 3195 630 3230 ι
665 3175 896 3232 Jacobus
944 3178 1060 3244 Dei,
1093 3186 1147 3232 et
1177 3177 1384 3232 Domini
1415 3175 1540 3231 Jesu
1571 3189 1799 3230 servus:
1844 3193 1864 3227 ι
1908 3182 1962 3228 et

394 3269 734 3338 postmodum
767 3269 879 3323 ait:
910 3287 929 3320 ι
958 3269 1024 3323 Ει
1059 3269 1267 3323 Domini
1300 3267 1392 3322 Dei
1413 3268 1546 3338 (88).
1585 3287 1604 3319 ι
1639 3268 1717 3321 Ac
1738 3266 1960 3320 Paulum

398 3374 610 3430 quoque
650 3360 1044 3429 reprehendant
1099 3360 1351 3414 Romanis
1390 3359 1713 3414 scribentem
1735 3357 1866 3427 (89),
1909 3365 1966 3412 et

399 3451 513 3506 hare
563 3463 962 3506 asseverantem
1010 3471 1024 3507 :
1073 3470 1090 3503 ι
1143 3451 1458 3518 Quicunque
1483 3449 1594 3520 (90)
1638 3449 1966 3504 invocaverit

401 3555 593 3594 nomen
633 3541 867 3603 Domini.
917 3542 1098 3596 salvus
1149 3543 1272 3594 erit.
1312 3560 1330 3591 ι
1359 3541 1469 3595 Αιιι
1517 3541 1796 3594 nobiscum
1838 3556 1966 3595 eon-

400 3631 657 3694 scntiant,
710 3647 902 3684 nomen
968 3630 1170 3697 «Deus,
1211 3650 1228 3681 ι
1284 3640 1336 3683 et
1397 3649 1415 3681 ι
1446 3629 1707 3684 Dominus
1743 3648 1762 3681 ι
1819 3645 1966 3684 com-

404 3737 563 3776 mune
625 3738 745 3777 esse
797 3723 957 3776 trium
1013 3722 1417 3792 bypostasium,
1469 3732 1526 3774 ut
1576 3729 1700 3775 sunt
1746 3721 1960 3776 nomina

2044 1929 2196 1966 σουσι
2249 1911 2307 1966 δὲ
2363 1913 2458 1967 καὶ
2494 1913 2711 1984 Ἡσαΐᾳ,
2743 1914 2873 1966 Θεὸν
2906 1913 2999 1966 καὶ
3042 1913 3246 1985 Κύριον
3277 1914 3486 1984 ὁμοίως
3528 1915 3609 1966 τὸν

2043 2003 2173 2057 Υἱὸν
2205 2003 2595 2076 προφητεύοντι
2623 2006 2812 2070 οὕτως·
2853 2026 2871 2057 ι
2922 2008 3049 2060 Ἰδοὺ
3073 2008 3100 2059 6
3121 2007 3253 2069 Θεὸς
3285 2007 3468 2076 ἡμῶν·
3513 2006 3610 2058 ἰδοὺ

2042 2096 2246 2168 Κύριος
2273 2097 2408 2166 μετὰ
2439 2096 2619 2167 ἰσχύος
2642 2096 2879 2168 ἔρχεται,
2909 2100 3002 2152 καὶ
3037 2101 3066 2152 6
3101 2098 3342 2170 βραχίων
3367 2099 3504 2168 μετᾶ
3528 2116 3614 2148 κυ-

2051 2189 2217 2258 ρείας’
2252 2187 2360 2241 ἰδοὺ
2387 2189 2414 2240 6
2451 2187 2640 2259 μισθὸς
2685 2188 2849 2241 αὐτοῦ
2883 2193 2999 2259 μετ’
3022 2189 3204 2254 αὑτοῦ,
3233 2191 3328 2242 καὶ
3362 2190 3421 2242 τὸ
3466 2190 3613 2259 ἔργον

2048 2279 2156 2350 πρὸ
2206 2277 2497 2348 προσώπου
2524 2278 2711 2333 αὐτοῦ.
2753 2280 2840 2342 Ὠς
2883 2280 3086 2351 ποιμὴν
3117 2284 3378 2350 ποιμανεῖ
3414 2279 3477 2333 τὸ
3511 2280 3617 2331 ποί-

2053 2386 2203 2439 μνιον
2229 2370 2413 2435 αὑτοῦ,
2439 2372 2533 2424 καὶ
2558 2370 2635 2440 τῷ
2670 2370 2912 2442 βραχίονι
2942 2371 3104 2424 αὑτοῦ
3138 2372 3354 2437 συνάξει
3385 2372 3570 2442 ἄρνας.
3595 2389 3610 2420 ι

2053 2461 2171 2512 Ἔτι
2199 2460 2256 2512 δὲ
2284 2462 2377 2513 καὶ
2408 2460 2666 2532 Ἰακώϐῳ,
2697 2461 2976 2532 προοίμιον
3001 2463 3109 2514 τῶν
3141 2462 3335 2516 ἑαυτοῦ
3363 2462 3617 2532 γραμμα-

2050 2569 2156 2604 των
2194 2553 2349 2605 τοῦτο
2373 2553 2743 2625 ποιησαμένῳ·
2770 2573 2786 2606 ι
2840 2554 3093 2618 Ἰάκωεος
3109 2554 3244 2606 Θεοῦ
3273 2555 3368 2607 καὶ
3416 2555 3617 2624 Κυρίου

2065 2641 2236 2711 Ἰησοῦ
2270 2641 2471 2706 δοῦλος·
2517 2662 2534 2694 ι
2573 2646 2666 2696 καὶ
2693 2647 2750 2697 ὲν
2801 2647 2914 2708 τοῖς
2952 2644 3165 2716 ἐφεξῆς·
3217 2667 3235 2696 ι
3273 2646 3383 2698 Καὶ
3420 2645 3618 2713 Κυρίου

2056 2732 2213 2786 Θεοῦ.
2244 2753 2262 2784 ι
2300 2734 2586 2804 Γράψαντα
2620 2737 2676 2790 δὲ
2718 2738 2810 2791 καὶ
2845 2739 3074 2804 Παῦλον,
3101 2739 3391 2809 Ῥωμαίοις
3446 2737 3620 2790 6:165-

2055 2821 2395 2892 ϐαιούμενον·
2434 2843 2452 2874 ι
2501 2825 2624 2876 ’Ὁτι
2665 2827 2793 2890 πᾶς,
2835 2827 2891 2890 ὃς
2923 2827 2987 2880 ἂν
3013 2827 3405 2896 ἐπικαλέσηται
3437 2827 3501 2878 τὸ
3527 2827 3622 2878 δνο-

2061 2929 2136 2982 μα
2177 2913 2403 2985 Κυρίου,
2443 2914 2764 2987 σωθήσεται.
2813 2937 2830 2969 ι
2884 2919 2954 2970 Ἢ
3000 2917 3318 2983 συνθῶνται,
3363 2917 3436 2980 ώς
3471 2917 3530 2969 τὸ
3563 2917 3620 2967 tt

2059 3003 2192 3067 Θεὸς
2241 3024 2259 3056 ι
2307 3006 2399 3058 καὶ
2441 3024 2458 3056 ι
2490 3006 2694 3078 Κύριος
2732 3027 2749 3059 ι
2810 3009 3082 3063 ἐπίκοινον
3125 3010 3272 3062 ἐστιν
3308 3009 3484 3079 ὄνομα.
3529 3009 3624 3061 τῶν

2059 3092 2224 3163 τριῶν
2255 3094 2627 3158 ὑποστάσεων,
2656 3097 2730 3158 ώς
2761 3097 2856 3150 καὶ
2885 3099 3165 3161 Βασιλεὺς,
3215 3098 3308 3150 καὶ
3350 3097 3622 3166 ’λ’ᾦιστος,

2064 3184 2158 3237 καὶ
2189 3185 2482 3256 ἄχραντος,
2524 3188 2619 3240 καὶ
2660 3189 3063 3260 ἀκατάληπτος,
3092 3191 3185 3242 καὶ
3219 3191 3396 3258 ἅγιος,
3419 3190 3516 3242 καὶ
3540 3190 3624 3240 ὅσα

2064 3273 2261 3343 πρέπει
2288 3275 2466 3342 λέγειν
2498 3275 2625 3347 περὶ
2657 3275 2810 3330 Θεοῦ·
2842 3279 2935 3331 καὶ
2963 3279 3061 3331 ούκ
3094 3279 3473 3350 ἀλλοτριοῦται
3515 3278 3624 3331 οὔτε

2061 3365 2091 3415 6
2117 3364 2301 3436 Πατὴρ
2329 3367 2426 3436 τῆς
2456 3367 2796 3439 κυριότητος,
2841 3367 2943 3422 κᾶν
2976 3369 3305 3441 γέγραπται·
3341 3389 3360 3420 ι
3405 3365 3501 3432 Εἷς
3525 3369 3623 3422 Κύ-

2071 3470 2184 3525 ριος
2235 3456 2442 3526 Ἰησοῦς
2500 3459 2752 3530 Χριστὸςο
2801 3477 2820 3510 ι
2866 3462 2981 3527 καὶ,
3041 3480 3059 3511 ι
3111 3461 3168 3514 Ὀ
3227 3461 3286 3514 δὲ
3331 3460 3536 3532 Κύριος
3576 3459 3627 3512 :6

2069 3544 2298 3616 Πνεῦμά
2345 3547 2511 3600 ἐστιν·
2553 3568 2571 3599 ι
2609 3547 2731 3601 οὔτε
2761 3551 2790 3602 6
2823 3549 2968 3613 Υἱὸς,
2997 3549 3028 3620 ἢ
3063 3551 3123 3604 τὸ
3149 3550 3375 3621 Πνεῦμα
3404 3551 3463 3603 τὸ
3491 3550 3628 3616 ἅγιον

2070 3634 2388 3690 ἐκϐάλλεται
2427 3638 2526 3708 τῆς
2561 3627 2970 3708 θεότητοςέκᾶν
3005 3640 3237 3710 εἴρηται·
3274 3657 3293 3690 ι
3335 3633 3433 3700 Εἷς
3465 3639 3627 3701 856:6

2069 3728 2278 3800 Πατήρ.
2327 3749 2345 3782 ι

405 3813 544 3882 Rex,
586 3817 910 3880 Altissimus,
943 3816 1319 3884 incorruptus,
1366 3815 1954 3883 incomprehensibilis,
1993 3827 2233 3884 sanctus,
2270 3829 2325 3874 et
2351 3835 2686 3890 quacunque
2747 3823 2857 3877 Deo
2912 3822 3262 3876 conveniunt.
3297 3818 3480 3890 Neque
3513 3820 3627 3876 alie-

405 3923 508 3962 nus
563 3917 644 3961 est
682 3908 840 3962 Pater
885 3924 914 3962 a
949 3907 1332 3971 dominatione,
1365 3905 1492 3960 licet
1535 3905 1792 3974 scriptum
1845 3905 1960 3958 sit:
2007 3924 2026 3956 t
2065 3907 2216 3962 Unus
2260 3909 2517 3963 Dominus

2593 3911 2746 3966 Jesus
2809 3913 3090 3976 Christus;
3122 3929 3140 3962 ι
3189 3920 3245 3965 et
3277 3929 3291 3965 :
3336 3929 3355 3962 ι
3390 3911 3627 3964 Dominus

406 4007 585 4052 autem
656 3997 888 4066 Spiritus
944 4005 1069 4052 est:
1106 4015 1126 4047 ι
1163 4011 1264 4051 nec
1326 3994 1493 4049 Filius
1552 4003 1645 4048 aut
1687 3993 1922 4063 Spiritus
1953 4007 2172 4052 sanctus
2207 3999 2512 4054 excluditur
2573 4014 2604 4052 a
2641 3999 2871 4064 Deitate,
2911 4000 3013 4054 etsi
3053 3998 3253 4054 dictum
3287 3999 3400 4053 sit:
3437 4017 3457 4049 ι
3494 3997 3627 4052 Unus

407 4088 549 4144 Deus
581 4085 756 4143 Pater.
779 4107 800 4140 ι

482 4179 608 4234 llaec
659 4194 820 4248 porro
863 4188 946 4234 est
988 4179 1232 4232 veritatis
1285 4179 1549 4240 doctrina,
1600 4188 1658 4232 ut
1695 4183 1970 4230 ostensum

413 4270 535 4336 fuit,
585 4280 748 4337 utque
789 4283 886 4325 nos
935 4270 988 4324 in
1028 4268 1304 4338 doxologia
1348 4268 1678 4337 proﬁtemur.
1727 4264 1974 4319 llmretici

411 4375 542 4415 vero
610 4361 824 4428 propria
898 4361 1219 4414 auctoritate
1279 4357 1617 4428 doxologiam
1689 4356 1974 4426 quamdam

2159 4177 2223 4230 Ἦ
2259 4178 2357 4249 μὲν
2411 4172 2505 4232 οὖν
2543 4177 2767 4250 ἀλήθεια
2819 4177 3011 4241 οὕτως,
3045 4175 3190 4230 καθὰ
3229 4175 3514 4236 δέδεικται,
3547 4176 3628 4227 καὶ

2079 4269 2242 4340 ἡμεῖς
2269 4268 2581 4341 δοξάζομεν.
2609 4268 2880 4340 Αἱρετικοὶ
2905 4268 2980 4332 δὲ,
3025 4269 3143 4320 κατ’
3178 4267 3386 4320 οἰκείαν
3405 4265 3629 4330 ἐξουσίαν

2080 4361 2178 4430 τὴν
2207 4360 2512 4428 δοξολογίαν
2535 4359 2661 4431 [199
2678 4359 2734 4431 α]
2763 4356 3063 4422 συνθέντες,
3094 4358 3285 4427 ἕτερον
3313 4357 3381 4409 δι’
3408 4356 3557 4409 ἄλλον
3581 4356 3628 4405 ὲν

415 4463 847 4522 composuerunt,
877 4461 931 4507 et
958 4451 1108 4507 alteri
1139 4466 1235 4520 per
1263 4451 1427 4504 alium
1457 4449 1510 4502 in
1533 4449 1658 4514 alio,
1690 4449 1849 4503 veluti
1888 4464 1979 4518 per

2116 4451 2246 4521 ,nq),
2283 4451 2358 4514 ὡς
2388 4451 2454 4504 δι’
2487 4451 2741 4523 ὀργάνου,
2764 4447 3096 4515 δοξάζουσιν,
3128 4448 3190 4500 τὸ
3213 4448 3257 4500 6'
3294 4445 3629 4516 ἀληθέστερον

415 4560 700 4614 organum,
729 4544 954 4612 gloriam
984 4541 1240 4606 reddunt,
1275 4552 1370 4595 aut
1395 4543 1574 4610 potius
1593 4542 1719 4596 nulli
1753 4562 1766 4598 :
1800 4545 1979 4613 itaque

2116 4542 2291 4594 ὐδένα·
2311 4540 2740 4613 παραϐαίνοντες
2755 4540 2848 4592 καὶ
2875 4539 2935 4591 τὸ
2963 4539 3090 4608 περὶ
3116 4536 3177 4589 τὸ
3211 4536 3483 4606 βάπτισμα
3505 4534 3628 4586 θεῖον

419 4644 473 4689 et
517 4634 753 4686 divinum
798 4633 863 4687 de
898 4630 1347 4702 baptismate(9l)
1389 4633 1622 4687 edictum
1667 4633 1888 4698 violant,
1927 4641 1977 4688 et

418 4735 606 4781 contra
658 4724 806 4779 Pauli
840 4724 1136 4793 Epistolam
1189 4724 1425 4793 faciunt;
1466 4725 1607 4794 quod
1649 4724 1979 4792 coniunctim

420 4819 705 4886 utrobique
741 4826 800 4870 ut
828 4817 1087 4886 dignitate
1114 4815 1349 4885 aequales
1390 4825 1757 4871 memorentur
1795 4832 1982 4886 perso-

421 4928 503 4965 nze
533 4910 846 4964 Trinitatis:
883 4909 1011 4978 quin
1041 4910 1204 4963 etiam
1241 4916 1424 4963 contra
1455 4907 1628 4962 Patris
1655 4908 1979 4962 voluntatem

421 5003 710 5072 agunl,qui
742 5001 994 5056 honorari
1026 5001 1139 5055 vult
1165 5000 1354 5055 Filium
1383 5016 1561 5064 suum,
1587 5001 1724 5054 sicut
1751 5000 1865 5069 ipse
1887 4999 1984 5052 lto-

498 5175 990 5245 (81)Erubescant.
1055 5171 1198 5227 Psal.
1275 5187 1486 5236 Luxu,
1543 5188 1684 5228 vers.
1756 5171 1858 5239 16,
1909 5172 1978 5226 17

426 5241 555 5316 (δέη
592 5241 735 5316 18-οι
767 5245 875 5314 19).

505 5316 614 5383 (82)
652 5311 1124 5383 Unus.'\’ide_no_t.
1166 5313 1254 5379 95,
1287 5330 1408 5383 pag.
1435 5311 1562 5365 200.

503 5380 614 5450 (85)
659 5383 934 5436 Dominus.
968 5380 1012 5435 11
1061 5381 1186 5436 Cor.
1225 5380 1306 5448 ιιι,
1337 5380 1420 5437 17.

505 5455 618 5524 (84)
662 5453 820 5516 Quia.
855 5453 970 5524 Non
1001 5460 1086 5524 est
1116 5452 1169 5505 in
1204 5453 1389 5524 Bibliis
1430 5455 1543 5507 tunc
1572 5452 1753 5508 dictio.

654 5524 896 5604 Quando.
936 5520 1113 5577 Galat.
1141 5537 1220 5583 IV,
1249 5523 1302 5578 4.

530 5596 596 5649 8b
661 5593 815 5646 hcce.
855 5593 956 5647 lsa.
991 5605 1078 5649 XL.
1112 5590 1178 5646 10
1207 5601 1259 5645 et
1289 5594 1377 5646 11.

507 5659 593 5734 (87
645 5663 776 5737 Ante
810 5663 1016 5737 [-iciem.
1051 5659 1328 5731 Didymus,
1351 5682 1377 5716 τ

507 5659 618 5735 (87)
645 5663 776 5715 Ante
810 5663 1016 5731 faciem.
1051 5659 1328 5731 Didymus,
1351 5663 1455 5735 πρὸ
1472 5660 1781 5734 προσώπου.
1804 5659 1990 5717 Graeca

439 5735 626 5804 editio,
664 5735 817 5788 ὲναντ
829 5735 924 5789 ίον.

2086 4631 2381 4702 θέσπισμα,
2423 4631 2517 4684 καὶ
2541 4630 2638 4700 τὴν
2670 4629 2884 4682 Παύλου
2931 4626 3268 4696 Ἐπιστολὴν,
3297 4625 3424 4678 ἔνθα
3448 4640 3629 4690 συνημ-

2090 4724 2264 4795 μένως
2301 4723 2396 4776 καὶ
2431 4722 2707 4793 ὁμοτίμοις
2752 4719 3076 4791 μνημονεύει
3113 4719 3214 4788 τῆς
3265 4718 3510 4789 Τριάδος·
3563 4714 3628 4765 ἔτι

2085 4817 2141 4869 δὲ
2169 4815 2593 4888 παραΰαίνοντες
2615 4813 2711 4865 καὶ
2737 4811 2799 4864 τὸ
2827 4810 3039 4880 θέλημα
3067 4807 3171 4861 τοῦ
3225 4808 3454 4876 Πατρὸς,
3473 4804 3632 4874 βουλο-

2090 4903 2249 4973 μένου
2274 4901 2536 4972 τιμᾶσθαι
2565 4900 2655 4952 τὸν
2694 4899 2822 4952 Υἰὺν
2844 4897 3030 4962 αὐτοῦ,
3058 4896 3308 4966 καθάπερ
3341 4895 3514 4957 αὑτός.
3547 4891 3630 4943 Δέ-

2087 5010 2240 5064 γουσι
2279 4992 2404 5063 γάρ·
2443 5011 2460 5041 ι
2500 4989 2634 5054 Δόξα
2664 4989 2839 5060 Πατρὶ
2882 4987 2969 5040 διὰ
2993 4985 3122 5039 Υἱοῦ
3156 4987 3213 5037 ὲν
3233 4985 3371 5055 ἁγίῳ
3404 4981 3628 5049 Πνεῦμα-

2091 5241 2106 5294 l
2161 5168 2272 5241 (88)
2321 5166 2389 5220 Et
2439 5166 2654 5221 Domini
2683 5164 2804 5222 Dei.
2837 5163 2894 5218 In
2920 5163 3104 5217 Jacobi
3137 5161 3374 5230 Epistola
3406 5158 3514 5213 haec
3542 5171 3627 5208 non

2111 5251 2362 5294 eeuntur.
2556 5273 2580 5294 η

2111 5255 2208 5310 egu
2218 5257 2247 5310 ιι
2257 5251 2308 5310 ιιι
2318 5254 2362 5310 r_.

2163 5295 2273 5379 (89)
2305 5305 2668 5379 Scribenjent.
2709 5301 2842 5379 Qud.
2878 5301 3166 5379 γράψαντα
3210 5300 3268 5352 δὲ
3303 5299 3396 5379 atati.
3423 5295 3626 5379 Παῦλον,

2105 5371 2395 5449 ,Ρωμαίοις
2431 5371 2932 5449 διαϐεϐαιούμενονᾲ
2964 5373 3260 5449 ριιέιεθει
3290 5371 3523 5449 νςτιιιιιρ,
3553 5372 3630 5415 ant

2092 5435 2484 5516 legendum'est
2511 5464 2525 5500 :
2555 5435 2845 5516 γράψαντι.
2875 5483 2892 5500 .
2919 5482 2934 5496 .
2982 5440 3198 5513 Παύλῳ.
3225 5479 3240 5494 .
3270 5481 3287 5494 .
3318 5435 3624 5492 διαὸεὸαιουο

2141 5519 2264 5573 ένω.

2097 5537 2264 5590 μενῳ.

2166 5588 2274 5658 (90)
2321 5583 2642 5658 Qt‘ticnnque.
2678 5583 3034 5658 Bom.Ax,_l3.

2172 5647 2286 5728 (91)
2325 5647 2793 5728 ῧιεγιιαριξειιιᾳις.Δ
2827 5647 3042 5719 Codex,
3095 5651 3190 5706 καὶ
3240 5651 3302 5704 τδ
3356 5647 3624 5720 βαπτισμι.

2095 5724 2240 5800 Lego
2265 5724 2358 5782 ita!
2389 5727 2448 5780 τὸ
2478 5724 2603 5798 περὶ
2642 5724 2700 5779 τὸ
2734 5724 3044 5796 βάπτισμα.
