3716 6312
129 316 213 371 929
1192 312 1279 367 DE
1318 312 1692 370 TRINITATE
1730 313 1935 370 LIBER
1972 313 2288 370 TERTIUS.

3150 374 3153 375 ,
3224 328 3332 385 950

124 447 187 486 τι·
221 451 238 483 3
282 430 415 500 ὅπερ
457 429 692 499 οὐδαμοῦ
746 428 1054 501 γέγραπται
1098 432 1477 503 συνημμένως,
1532 433 1658 487 ἀλλὰ

1839 443 2008 488 ratur.
2064 434 2317 503 lnquiunt
2359 435 2502 489 enim
2538 451 2555 490 :
2596 437 2778 493 Gloria
2818 439 2964 496 Patri
3005 457 3098 510 per
3134 443 3326 499 Filium

123 525 532 595 κεχωρισμένως,
561 522 682 575 καθ’
716 521 1028 594 ὑπαλλαγὴν
1049 523 1264 588 λέξεων,
1298 525 1385 577 διὰ
1412 525 1508 588 τὰς
1533 543 1665 596 μνη-

126 612 445 685 μονευθείσας
484 611 684 674 αἰτίας,
718 612 777 664 οὐ
805 612 984 682 μέντοι
1010 613 1096 666 διὰ
1131 614 1455 682 δοξολογίαν,
1486 618 1518 687 ἡ
1543 634 1664 671 τινα

121 704 310 772 ὕφεσιν·
358 694 470 752 οἷον
511 702 571 753 ὲν
616 704 726 764 τοῖς
777 703 1159 773 προκειμένοις
1188 706 1219 775 ή
1248 705 1437 776 Γραφὴ
1489 702 1659 758 εἶπεν·

125 812 143 844 ι
179 787 261 853 Εἷς
286 790 413 853 Θεὸς
457 792 550 843 καὶ
582 792 791 863 Πατὴρ,
822 792 878 858 ἐξ
905 786 965 844 οὗ
988 794 1056 847 τὰ
1092 796 1287 858 πάντα,
1322 796 1414 848 καὶ
1438 790 1518 859 εἷς
1549 796 1663 849 Κύ-

122 900 222 953 ριος
258 881 455 950 Ἰησοῦς
489 883 739 953 Χριστὸς,
806 883 871 936 δι’
918 877 978 937 οὗ
1037 886 1105 938 τὰ
1137 886 1331 939 πάντα·
1378 905 1395 938 3
1436 888 1530 941 καὶ
1566 890 1664 941 οὐκ

119 974 389 1042 ἐπήγαγεν,
436 973 523 1024 Ἐν
545 972 681 1042 ἁγίῳ
710 972 1000 1043 Πνεύματι,
1034 974 1089 1044 ἢ,
1132 975 1219 1027 Ἐν
1244 974 1322 1045 τῷ
1357 975 1658 1047 Πνεύματι.

118 1063 359 1124 Πολλάκις
383 1062 440 1114 δὲ
474 1062 737 1133 κέχρηται
770 1064 846 1134 τῷ
882 1083 899 1116 ι
939 1065 1005 1117 δι’
1027 1060 1086 1119 οὗ
1110 1084 1127 1116 3
1156 1067 1274 1120 ἀντ)⁵
1296 1066 1410 1131 τοῦ,
1436 1068 1553 1137 μεθ’
1580 1064 1659 1123 οὗ·

116 1155 389 1217 ὠςΠαῦλος
415 1155 721 1224 Κορινθίοις
754 1156 974 1225 γράφει·
1008 1175 1027 1208 ‹
1070 1159 1165 1212 Ἐκ
1185 1159 1289 1231 γὰρ
1327 1162 1525 1231 πολλῆς
1555 1161 1664 1213 θλί-

114 1245 243 1313 ψεως
285 1245 377 1297 καὶ
410 1245 638 1314 συνοχῆς
662 1246 887 1315 καρδίας
925 1245 1135 1317 ἔγραψα
1168 1249 1296 1318 ὑμῖν
1335 1251 1423 1304 διὰ
1450 1250 1658 1303 πολλῶν

116 1333 360 1405 δακρύων·
395 1355 413 1386 3
442 1336 563 1388 ἀντὶ
590 1334 705 1401 τοῦ,
738 1336 874 1405 μετὰ
907 1338 1137 1392 πολλῶν.
1167 1341 1275 1392 Καὶ
1302 1341 1461 1394 πάλιν
1498 1342 1555 1393 ὲν
1593 1345 1659 1413 τῇ

116 1425 287 1497 πρώτῃ
323 1426 628 1497 Ἐπιστολῇ·
668 1445 685 1476 ι
721 1428 887 1480 Ὅταν
920 1428 977 1481 δὲ
1018 1431 1428 1500 παραγένωμαι,
1461 1431 1550 1495 οὓς
1570 1432 1662 1485 ἐὰν

113 1514 444 1585 δοκιμάσητε,
472 1516 537 1569 δι’
563 1517 858 1570 ἐπιστολῶν
877 1517 1097 1582 τούτους
1128 1520 1324 1591 πέμψω
1344 1524 1662 1589 ἀπενεγκεῖν

112 1607 199 1675 τὴν
226 1606 381 1674 χάριν
409 1605 565 1677 ὑμῶν
588 1609 646 1661 ὲν
691 1608 1071 1681 Ἰερουσαλήμ·
1118 1630 1135 1661 3
1183 1612 1477 1671 τουτέστιν,
1529 1613 1664 1682 μετὰ

114 1696 390 1749 ἐπιστολῶν
454 1697 672 1767 πέμψω.
719 1696 851 1753 Εἶτα
909 1700 1165 1771 ἀλλαχοῦ,
1210 1704 1309 1756 οὐκ
1358 1703 1584 1755 εἰποῦσα
1629 1706 1662 1774 ἡ

1766 525 1821 578 in
1856 525 2057 593 Spiritu
2088 534 2276 580 sancto
2332 542 2348 578 :
2408 542 2526 594 qua:
2559 527 2797 583 formula!
2838 547 3097 599 nusquam
3140 550 3329 589 omnes

1764 617 2089 683 coniunctim
2120 619 2333 686 scripta:
2360 628 2484 672 sunt
2530 620 2580 672 in
2616 619 2823 684 Bibliis,
2867 624 2959 675 sed
3001 633 3202 677 tantum
3238 642 3326 680 se-

1763 710 1988 777 paratim
2045 722 2140 777 per
2189 724 2381 762 vocum
2435 711 2907 776 permutationem,
2943 713 3012 766 ob
3046 729 3155 777 eas,
3194 731 3327 783 quas

1762 800 1994 854 diximus
2032 815 2258 866 causas;
2300 816 2404 855 non
2437 815 2567 855 vero
2618 812 2672 856 ut
2706 803 2923 870 quidam
2967 806 3016 858 in
3057 806 3325 873 gloriﬁca-

1765 890 1909 943 tionc
1937 891 2133 959 gradus
2162 890 2415 957 majores,
2444 907 2507 945 ac
2543 892 2779 946 minores
2820 902 3209 949 statuerentur.
3251 897 3323 949 Ita

1762 980 1987 1048 exempli
2043 980 2214 1047 gratia
2266 981 2323 1033 in
2365 981 2431 1034 iis
2468 997 2585 1050 qua:
2659 982 2821 1037 allata
2873 993 3015 1048 sunt,
3050 984 3324 1053 Scriptura

1762 1071 1946 1125 dixit:
1992 1089 2010 1123 ι
2046 1071 2194 1126 Unus
2241 1071 2385 1125 Deus
2440 1083 2491 1125 et
2548 1074 2721 1139 Pater,
2768 1090 2832 1128 ex
2870 1091 2974 1144 quo
3019 1078 3231 1141 omnia;
3274 1085 3327 1130 et

1762 1178 1899 1217 unus
1940 1163 2198 1217 Dominus
2231 1162 2387 1218 Jcsns
2413 1164 2685 1233 Christus,
2728 1184 2820 1233 per
2861 1184 3016 1235 quem
3050 1169 3261 1221 omnia:
3299 1188 3318 1220 3

1762 1254 1853 1307 sed
1890 1270 1995 1308 non
2029 1256 2322 1320 subiunxit,
2354 1274 2371 1307 ι
2420 1255 2475 1309 lu
2504 1256 2705 1325 Spiritu
2757 1269 2974 1321 sancto,
3012 1279 3029 1310 3
3058 1270 3183 1322 aut,
3213 1278 3230 1309 ι
3271 1261 3321 1311 in

1764 1346 1988 1414 Spiritu.
2032 1365 2051 1397 3
2094 1346 2302 1416 Saepius
2339 1363 2465 1401 vero
2506 1349 2724 1403 adhibet
2756 1350 2900 1409 illud,
2935 1369 2951 1399 ι
2980 1367 3076 1418 per
3109 1365 3317 1416 quem,3

1764 1449 1896 1503 pro,
1928 1452 1945 1485 ι
1982 1451 2100 1490 cum
2152 1452 2277 1502 quo.
2312 1457 2331 1488 3
2381 1437 2457 1489 lta
2491 1437 2686 1492 Paulus
2735 1441 3027 1494 C0rinthiis
3059 1441 3249 1494 scribit
3305 1459 3318 1494 :

1767 1546 1786 1578 ι
1825 1526 1957 1581 Nam
1985 1543 2051 1581 ex
2076 1529 2237 1581 multa
2267 1528 2378 1597 (9:!)
2412 1532 2773 1597 tribulatione,
2806 1530 2967 1601 412
2999 1542 3048 1584 ει
3077 1533 3323 1600 angustia

1763 1618 1941 1672 cordis
1996 1618 2181 1686 scripsi
2220 1620 2371 1672 vobis
2418 1634 2514 1688 per
2559 1622 2755 1673 inultas
2799 1621 3103 1691 lacryutas;
3144 1640 3161 1671 3
3204 1637 3320 1691 pro,

1765 1724 1884 1761 cum
1950 1709 2131 1760 multis
2186 1708 2471 1777 lacryntis;
2522 1718 2575 1763 ει
2622 1725 2828 1773 russus,
2884 1711 2936 1763 in
2995 1712 3165 1778 prima
3208 1710 3325 1779 Epi-

113 1787 285 1859 Γραφὴ
309 1788 368 1839 τὸ
394 1808 413 1839 ι
450 1789 510 1852 ἐξ
535 1782 595 1841 οὗ
628 1808 646 1841 3
668 1790 762 1843 xui.
797 1809 815 1841 ‹
840 1791 905 1843 δι’
926 1785 1010 1855 οὗ,
1053 1811 1070 1841 3
1110 1792 1277 1861 λέγει·
1315 1811 1334 1843 ι
1380 1794 1466 1846 Ἐν
1493 1793 1658 1846 Πνεύ-

1837 1799 1893 1850 ila
1928 1816 1942 1851 :
1974 1817 1992 1849 ι
2024 1798 2155 1851 Cum
2189 1799 2493 1868 autcm(95)
2518 1816 2750 1869 praesens
2765 1802 2937 1866 fuero,
2963 1816 3096 1869 quos
3132 1802 3323 1868 proba-

115 1896 230 1947 ματι
256 1878 415 1948 ἁγίῳ·
452 1898 469 1929 3
510 1880 539 1932 ὃ
568 1882 737 1941 ἐστιν,
778 1883 871 1933 σὺν
904 1880 982 1951 τῷ
1022 1881 1161 1951 ἁγίῳ
1202 1882 1498 1952 Πνεύματι.
1530 1883 1663 1934 Πολι

111 1971 259 2042 λαχοῦ
296 1971 425 2041 γὰρ,
457 1971 576 2024 ἀντὶ
623 1970 721 2023 τοῦ
751 1970 955 2033 εἰπεῖν,
1003 1971 1141 2039 μετὰ
1192 1973 1285 2024 καὶ
1312 1971 1534 2042 τοῦδε,ἣ
1568 1972 1664 2024 σὺν

110 2062 250 2132 τῷδε,
279 2064 500 2132 εἴρηκεν
533 2061 593 2113 τὸ
625 2080 643 2112 ι
685 2062 741 2113 ὲν
774 2060 929 2130 τῷδε·
971 2080 990 2112 3
1025 2062 1100 2126 ὡς
1123 2063 1178 2114 ὲν
1208 2062 1292 2128 Eg’
1338 2061 1663 2132 προφητεύει

109 2153 310 2225 ψαλμῷ·
345 2174 363 2205 ι
392 2152 781 2224 Εἰσελεύσομαι
814 2156 893 2217 είς
918 2154 1007 2207 τὸν
1036 2149 1182 2208 οῖκόν
1223 2172 1315 2207 σου
1366 2156 1423 2207 ὲν
1451 2153 1664 2206 ὁλοκαυο

109 2246 355 2315 τώμασιν·
400 2264 418 2295 3
456 2244 575 2297 ἀντὶ
604 2243 720 2309 τοῦ,
758 2243 896 2315 μετὰ
924 2245 1410 2316 ὁλοκαυτωμάτων·
1440 2246 1536 2299 καὶ
1562 2245 1664 2298 πά-

108 2336 197 2389 λιν·
237 2354 256 2387 ι
311 2335 609 2404 Ἐξήγαγεν
640 2337 834 2400 αὐτοὺς
861 2337 918 2388 ὲν
946 2337 1191 2408 ἀργυρίῳ
1224 2338 1317 2391 καὶ
1374 2338 1598 2409 χρυσίῳ·
1639 2358 1659 2391 3

108 2428 385 2491 τουτέστιν,
414 2428 571 2498 μετὰ
597 2425 720 2499 [199
759 2426 809 2499 b]
844 2429 1106 2499 ἀργυρίου
1139 2430 1233 2482 καὶ
1280 2430 1522 2501 χρυσίου·
1571 2429 1664 2482 καὶ

110 2519 256 2571 πάλιν
292 2521 351 2572 ὲν
414 2519 513 2589 ρξ’·
574 2537 592 2569 ι
641 2518 754 2570 Οὐκ
806 2518 1059 2592 ὲξελεύσῃ
1100 2521 1157 2572 ὲν
1199 2522 1320 2582 ταῖς
1375 2520 1664 2590 δυνάμεσιν

110 2609 268 2680 ἡμῶν·
306 2629 324 2661 3
352 2611 381 2663 ὅ
408 2611 547 2674 ἐστι,
581 2610 676 2662 σὺν
704 2611 822 2671 ταῖς
846 2609 1134 2680 δυνάμεσιν
1166 2610 1339 2680 ἡμῶν.
1386 2612 1444 2663 '0
1479 2612 1535 2663 δὲ
1575 2628 1664 2663 σο-

110 2704 337 2773 φώτατος
355 2701 585 2765 Παῦλος,
610 2701 850 2773 περὶτοῦ
880 2693 1128 2773 Σωτῆρος
1154 2702 1388 2773 Χριστοῦ
1418 2705 1661 2775 γράφων,

110 2793 215 2845 hci.
250 2792 346 2844 τοῦ
409 2793 605 2855 εἰπεῖν,
655 2792 839 2844 Πάντα.
881 2792 966 2844 ἐπ’
1013 2791 1175 2845 αὑτὸν
1226 2793 1520 2864 συνέστηκε
1575 2794 1665 2846 καὶ

111 2884 223 2954 παρ’
251 2883 419 2937 αὑτοῦ
466 2881 708 2953 ἐκτίσθη,
752 2882 877 2954 ἔφη·
932 2901 952 2936 ι
1011 2884 1194 2938 Πάντα
1248 2885 1306 2937 ὲν
1356 2883 1504 2955 αὐτῷ
1540 2902 1664 2937 συν-

112 2973 345 3042 έστηκεν,
387 2974 482 3026 καὶ
532 2974 589 3025 ὲν
638 2973 783 3045 αὐτῷ
830 2974 1053 3043 ἐκτίσθη
1090 2974 1157 3028 τὰ
1181 2975 1376 3028 πάντα.
1412 2994 1430 3027 3
1469 2975 1532 3028 Εἰ
1573 2971 1665 3029 οὖν

111 3065 467 3134 πιριιλλαξίαν
497 3065 558 3117 οὐ
592 3064 740 3135 δηλοί
762 3067 794 3136 ἡ
816 3064 1047 3133 λέγουσα
1076 3063 1169 3117 τοῦ
1196 3066 1463 3118 Δεσπὸτου
1490 3066 1660 3136 φωνὴ,

116 3176 133 3210 ι
160 3157 514 3221 Βαπτίζοντες
552 3157 747 3219 αὐτοὺς
767 3157 847 3220 εἰς
874 3155 935 3208 τὸ
967 3155 1134 3226 ὄνομα
1174 3154 1269 3209 τοῦ
1299 3151 1531 3226 Πατρὸς,
1569 3156 1660 3208 καὶ

110 3249 187 3301 τοῦ
207 3249 357 3312 rio-3,
387 3249 481 3301 καὶ⁸
496 3248 590 3301 τοῦ
645 3247 800 3316 ἁγίου
825 3246 1155 3317 Πνεύματος,
1189 3265 1207 3297 3
1235 3245 1599 3317 παραλλαξίαν
1628 3249 1663 3316 ή

111 3338 234 3404 λέξις
263 3339 366 3408 οὐχ
392 3338 524 3404 ἕξει,
565 3354 582 3387 ι
626 3338 682 3389 ὲν
712 3336 788 3406 τῷ
819 3336 958 3406 ἁγίῳ
991 3334 1289 3405 Πνεύματι,
1333 3353 1351 3386 3
1377 3335 1467 3389 διά
1496 3353 1554 3388 τε
1584 3338 1665 3399 εἰς

112 3429 159 3481 ἓν
179 3431 345 3499 ὄνομα
366 3428 619 3498 ἰσοτίμως
646 3426 915 3498 εἰρῆσθαι,
944 3426 1031 3480 διά
1057 3443 1113 3479 τε
1134 3425 1293 3479 αὐτὸν
1308 3424 1449 3480 εἶναι
1473 3425 1662 3492 εἰπεῖν,

116 3535 134 3569 ι
164 3521 234 3581 εἰς
260 3518 323 3570 τὸ
358 3517 547 3587 ὄνομα,
590 3535 609 3567 3
640 3516 732 3569 καὶ
764 3533 782 3565 ι
806 3515 863 3567 ὲν
899 3514 976 3585 τῷ
1016 3514 1258 3584 ὀνόματι..
1296 3531 1314 3564 3

1763 1890 1967 1955 veritis,
2006 1903 2101 1956 per
2141 1888 2394 1955 epistolas
2434 1890 2531 1944 hos
2564 1890 2768 1943 mittam
2811 1891 3050 1959 perferre
3092 1891 3322 1961 gratiam

1764 1989 1995 2035 vestram
2036 1980 2086 2032 in
2124 1978 2459 2047 Jerusalem;
2500 1999 2519 2031 3
2558 1981 2607 2035 id
2643 1993 2747 2044 est,
2773 1996 2894 2037 cum
2927 1983 3164 2050 epistolis
3199 1984 3323 2034 mit-

1759 2083 1889 2127 tam.
1932 2070 2137 2126 Deinde
2176 2070 2302 2125 alibi
2351 2071 2630 2141 Scriptura
2674 2072 2807 2141 ipsa,
2860 2088 2982 2126 cum
3019 2074 3165 2141 prius
3214 2086 3323 2125 non

1761 2164 2001 2227 dixisset,
2046 2180 2064 2212 ι
2102 2176 2166 2215 ex
2199 2177 2306 2230 quo
2331 2162 2462 2235 (94),
2511 2182 2530 2215 3
2580 2173 2633 2217 et
2680 2181 2698 2214 ι
2725 2178 2820 2231 ρει·
2870 2179 3048 2231 quem,
3081 2182 3101 2213 3
3145 2162 3321 2218 dicit:

1766 2270 1785 2304 ι
1820 2254 1871 2307 in
1907 2253 2108 2320 Spiritu
2131 2250 2240 2321 (95)
2270 2265 2490 2322 sancto;
2525 2273 2543 2306 3
2584 2256 2634 2309 id
2660 2264 2763 2317 est,
2805 2270 2924 2309 cum
2957 2256 3158 2322 Spiritu
3198 2269 3323 2308 san-

1761 2350 1865 2395 cto.
1909 2341 2088 2395 Multis
2131 2342 2272 2395 enim
2324 2344 2375 2395 in
2410 2344 2542 2396 locis
2576 2360 2671 2413 pro
2714 2361 2735 2395 ι
2769 2360 2889 2397 cum
2933 2343 3032 2397 hoc
3070 2345 3256 2405 etiam,
3294 2363 3318 2396 3

1760 2431 1864 2494 vel,
1904 2448 1923 2482 ι
1953 2432 2110 2485 simul
2149 2448 2272 2488 cum
2308 2434 2405 2486 hoc
2440 2431 2575 2502 (96),
2620 2451 2639 2484 3
2677 2432 2813 2485 dixit
2847 2450 2865 2482 ι
2902 2432 2954 2484 in
3002 2433 3120 2486 hoc.
3161 2450 3178 2482 3
3234 2431 3325 2485 Sic

1760 2522 1989 2592 exempli
2031 2526 2201 2591 gratia
2246 2524 2297 2575 in
2329 2536 2451 2575 vat
2489 2521 2693 2589 psalmo
2741 2521 3067 2590 prophetans
3116 2519 3324 2574 Psaltes

1762 2610 1835 2661 ait
1863 2626 1876 2661 :
1915 2625 1933 2659 ι
1959 2608 2232 2677 Ingrediar
2251 2607 2427 2678 (97)in
2446 2608 2659 2661 domum
2688 2616 2829 2659 tuam
2855 2606 2906 2659 in
2930 2605 3275 2667 holocaustis,
3296 2620 3317 2656 3

1760 2714 1874 2768 pro,
1924 2715 2043 2753 cum
2076 2700 2448 2761 holocaustis;
2511 2707 2564 2751 et
2621 2712 2849 2751 rursus:
2894 2714 2911 2747 ι
2963 2696 3158 2749 Eduxit
3208 2692 3320 2765 (98)

1761 2806 1854 2848 eos
1909 2793 1960 2847 in
2001 2802 2221 2863 argento
2259 2802 2312 2845 et
2352 2806 2519 2854 auro;
2563 2808 2582 2841 3
2621 2789 2670 2841 id
2709 2798 2811 2853 est,
2865 2802 2984 2839 cum
3019 2795 3238 2855 argento
3270 2793 3325 2839 et

1762 2896 1925 2949 auro;
1973 2892 2026 2936 et
2066 2897 2252 2936 rursus
2299 2881 2353 2934 in
2388 2895 2539 2947 _cvn:
2595 2898 2613 2930 (
2645 2877 2759 2931 Non
2798 2877 3089 2945 egredieris
3120 2875 3231 2945 (99)
3268 2875 3321 2928 in

1761 2974 2049 3027 virtutibus
2076 2972 2345 3027 nostris‘h
2376 2972 2426 3024 id
2445 2980 2548 3036 est,
2585 2985 2703 3024 cum
2756 2970 3045 3023 virtutibus
3102 2970 3318 3024 nostris.

1764 3062 2200 3131 Sapientissimns
2246 3077 2375 3116 vero
2424 3062 2621 3115 Paulus
2670 3061 2735 3114 de
2792 3060 3073 3114 Salvatore
3108 3059 3325 3116 Christo

1762 3155 2035 3215 scribens,
2087 3167 2182 3220 pro
2242 3152 2388 3205 hisce
2446 3150 2806 3205 locationibus
2864 3150 3108 3204 :Omnia
3165 3166 3325 3218 super

1761 3242 1930 3310 ipsum
1994 3250 2276 3307 c0nstanl;
2330 3250 2382 3296 et
2434 3259 2447 3295 :
2507 3239 2591 3294 Ab
2647 3256 2712 3294 eo
2771 3249 2952 3294 creata
3019 3251 3164 3305 sunt,
3198 3256 3327 3297 usus

1761 3338 1843 3381 est
1872 3326 2013 3381 hisce
2044 3327 2199 3383 aliis:
2240 3346 2258 3377 ι
2293 3326 2583 3395 OmniaU)
2619 3328 2671 3380 in
2708 3328 2823 3395 ipso
2860 3336 3147 3393 constant;
3187 3347 3206 3381 3
3235 3341 3323 3385 et:

1767 3438 1786 3470 ι
1812 3418 1867 3473 In
1904 3419 2019 3486 ipso
2056 3427 2236 3473 creata
2278 3426 2409 3473 sunt
2460 3419 2659 3471 omnia.
2691 3437 2710 3469 3
2749 3418 2807 3472 Si
2848 3434 2976 3487 ergo
3015 3419 3325 3488 discrepan-

1766 3515 1892 3567 tiam
1916 3527 2017 3566 nou
2044 3512 2349 3579 signiﬁcant
2382 3526 2445 3563 ca
2488 3510 2698 3564 Domini
2723 3511 2884 3562 verba
2932 3528 2947 3563 :
2985 3528 3003 3562 ι
3038 3509 3328 3579 Βυριίιιιιι-

116 3624 184 3669 tes
218 3615 287 3686 (ιν.)
316 3613 488 3668 eosin
520 3611 733 3666 nomine
759 3610 951 3675 Patris,
982 3618 1034 3663 et
1068 3609 1209 3671 Filii,
1245 3617 1298 3663 et
1320 3608 1549 3677 Spiritus
1580 3609 1772 3673 sancti,
1810 3627 1830 3660 3
1866 3624 1933 3665 ne
1966 3609 2065 3662 ista
2093 3607 2303 3677 quidem
2334 3605 2558 3667 locutio,
2591 3605 2675 3658 «in
2717 3604 3182 3672 Spiritusancto,3
3217 3606 3328 3660 dis-

114 3711 433 3780 erepantiam
494 3708 797 3762 indicabit:
871 3716 979 3760 tum
1030 3708 1152 3775 quia
1196 3713 1409 3759 servata
1480 3705 1696 3760 honoris
1733 3704 2033 3774 aequalitate
2080 3717 2246 3757 unum
2313 3714 2511 3754 nomen
2555 3697 2814 3768 singulari
2863 3711 3086 3753 numero
3125 3698 3323 3752 dictum

117 3817 201 3867 est,
236 3816 345 3858 tum
377 3818 501 3872 quia
532 3803 667 3856 idem
692 3809 775 3856 est
798 3800 893 3871 (5),
925 3818 943 3852 ι
976 3802 1027 3854 ἱη
1070 3815 1287 3865 nomen,
1314 3819 1332 3852 3
1366 3810 1525 3868 atque
1557 3818 1575 3850 ι
1602 3801 1655 3854 in

1842 3814 1926 3852 ne.
1963 3816 1983 3849 3
2218 3788 2221 3789 ⁷

184 3896 365 3950 Ἱκανὰ
392 3895 489 3965 μὲν
512 3889 603 3947 οὖν
623 3895 736 3945 ἐστι
758 3894 851 3945 καὶ
869 3891 1058 3944 ταῦτα.
1089 3892 1412 3962 Εὐρίσκεται
1432 3890 1487 3942 δὲ
1515 3891 1658 3960 ὅμως

1837 3888 1953 3943 Hzec
1979 3901 2138 3957 porro
2168 3896 2251 3941 vet
2291 3885 2401 3940 sola
2449 3883 2661 3954 quidem
2702 3882 3011 3936 suﬂiciunt:
3056 3883 3327 3939 invenitur

116 3990 165 4040 τι
197 4005 215 4038 ι
243 3987 301 4050 ἐξ
324 3978 393 4039 οὗ
432 4006 450 4037 3
482 3983 863 4054 γεγραμμένον
883 3981 1009 4052 περί
1033 3998 1092 4034 τε
1125 3982 1219 4034 τοῦ
1261 3980 1412 4046 Υίοῦ,
1440 3981 1565 4051 περί
1605 3996 1658 4033 τε

1837 3992 1938 4031 nen
1955 3977 2102 4044 illud,
2122 3995 2141 4029 ι
2160 3991 2225 4031 ex
2244 3990 2399 4045 quo,3
2433 3975 2688 4041 scriptum
2717 3982 2770 4027 et
2787 3973 2851 4027 de
2877 3972 3099 4035 Filio,et
3125 3977 3186 4027 de
3201 3973 3327 4042 Spi-

118 4079 194 4130 τοῦ
233 4079 388 4147 ἁγίου
440 4076 772 4146 Πνεύματος,
811 4074 911 4127 καλ⁸
955 4074 1016 4126 τὸ
1063 4090 1082 4123 ι
1132 4073 1199 4124 δι’
1245 4067 1305 4126 οὗ
1343 4091 1361 4124 3
1415 4073 1658 4143 κείμενον

1837 4086 1864 4123 ιι
1887 4078 2072 4124 sancto
2099 4086 2113 4123 :
2155 4060 2380 4131 acilltta‘,
2406 4085 2424 4116 ς
2454 4080 2550 4135 per
2568 4078 2745 4133 quem,
2773 4082 2792 4116 3
2821 4065 3021 4117 dictum
3061 4066 3125 4119 de
3146 4065 3324 4131 Patre,

121 4171 225 4241 περὶ
250 4168 340 4222 τοῦ
382 4167 596 4236 Πατρος
635 4166 724 4217 καὶ
757 4159 881 4235 περὶ
900 4163 992 4217 τοῦ
1034 4163 1173 4216 θείου
1209 4163 1539 4233 Πνεύματος,
1571 4163 1658 4216 καὶ

1837 4162 1900 4214 de
1936 4159 2112 4213 divino
2147 4157 2347 4228 Spiritu
2378 4174 2392 4209 :
2432 4171 2494 4211 ac
2518 4156 2665 4219 illud,
2700 4173 2719 4205 ι
2755 4156 2805 4208 in
2837 4171 2942 4223 quo
2966 4174 2983 4206 3
3020 4169 3124 4208 non
3154 4156 3329 4224 Spiri-

122 4260 170 4313 τὺ
196 4278 212 4310 ι
246 4263 298 4312 ὲν
324 4254 370 4329 ᾧ
409 4278 428 4310 3
453 4259 514 4311 οὐ
537 4256 612 4327 τῷ
644 4256 781 4326 ἁγίῳ
798 4254 1074 4325 Πνεύματι
1105 4254 1501 4325 ἀφωρισμένον,
1531 4253 1658 4307 ἀλλὰ

1837 4249 1843 4302 i
1873 4259 2058 4302 sancto
2086 4258 2445 4309 reservatum,
2473 4246 2565 4300 sed
2596 4246 2758 4298 etiam
2792 4244 2859 4297 de
2889 4243 3047 4298 Patre
3097 4255 3151 4298 et
3190 4245 3327 4301 Filio

121 4353 199 4405 καὶ
231 4354 354 4424 περὶ
385 4350 483 4404 τοῦ
525 4350 736 4420 Πατρὸς
783 4347 1001 4401 καὶτοῦ
1055 4346 1186 4399 Υἱοῦ
1228 4345 1436 4416 λεχθὲν,
1484 4344 1559 4406 ὡς
1607 4344 1658 4396 ai

1837 4349 1988 4404 :tum,
2021 4339 2161 4393 sicut
2191 4353 2259 4393 ex
2287 4338 2389 4402 his,
2414 4352 2533 4405 qua:
2564 4336 2903 4401 subjicimus,
2934 4335 3227 4404 Scriptura:
3253 4338 3329 4391 lo-

123 4445 452 4514 ὑποκείμεναι
490 4439 822 4511 παριστῶσιν
860 4438 1089 4509 γραφαί.
1136 4439 1258 4491 Ὅτι
1296 4437 1356 4489 τὸ
1404 4456 1422 4487 ι
1462 4434 1520 4502 ἐξ
1546 4428 1604 4489 οὗ
1641 4452 1658 4484 3

1837 4465 1839 4478 .
1871 4440 2107 4500 apparet.
2136 4430 2266 4483 Illud
2302 4447 2321 4480 ι
2353 4444 2419 4484 ex
2457 4443 2564 4497 quo
2598 4447 2617 4479 3
2656 4428 2760 4481 dici
2796 4436 2850 4481 et
2888 4429 2953 4481 de
2982 4427 3137 4491 Filio,
3180 4437 3230 4482 et
3262 4428 3330 4483 de

122 4534 306 4606 εἴρηται
333 4535 432 4588 καὶ
471 4533 598 4600 περ)⁴
628 4531 720 4585 τοῦ
754 4530 881 4584 Υἱοῦ
905 4529 1107 4584 καὶτοῦ
1141 4528 1293 4598 ἁγίου
1329 4527 1658 4597 Πνεύματος,

1837 4521 1964 4574 iritu
2003 4531 2208 4585 sancto,
2251 4520 2329 4574 sic
2373 4520 2559 4587 probo.
2606 4519 2682 4573 De
2715 4517 2868 4583 Filio,
2912 4518 3109 4571 Paulus
3154 4519 3326 4586 Ephe-

121 4614 285 4686 οὕτως·
322 4619 579 4693 περὶτοῦ
634 4619 789 4683 Υἱοῦ,
837 4618 1047 4681 Παῦλος
1090 4617 1372 4685 Ἐφεσίοις·
1427 4634 1445 4667 ι
1481 4617 1658 4677 Ὅστις

1837 4628 1860 4666 s
1897 4612 2004 4665 ait:
2041 4629 2059 4662 ι
2092 4611 2191 4677 Qui
2219 4619 2300 4664 est
2326 4611 2401 4680 (4)
2432 4620 2610 4679 caput,
2638 4609 2903 4671 Christus,
2941 4623 3004 4660 ex
3034 4623 3139 4675 quo
3163 4617 3327 4661 totum

122 4718 244 4769 ἐστὶν
296 4719 329 4787 ἡ
388 4714 601 4784 κεφαλὴ
669 4711 923 4783 Χριστὸς,
971 4710 1027 4777 ἐξ
1083 4702 1143 4763 οὗ
1212 4709 1321 4763 πᾶν
1383 4707 1444 4759 τὸ
1508 4706 1658 4777 σῶμα

1837 4719 1958 4770 rpus
1978 4713 2333 4769 compactum,
2369 4708 2421 4754 et
2448 4714 2749 4753 connexum
2786 4698 2998 4765 augebit
3045 4706 3331 4763 augmento

124 4805 670 4878 συναρμολογούμενον
713 4803 807 4856 καὶ
855 4800 1317 4873 συμὸιόαζόμενον
1367 4796 1519 4861 αὒξει
1571 4796 1658 4867 τὴν

1837 4797 1864 4850 :i
1893 4796 1989 4864 (5).
2016 4813 2033 4845 3
2065 4794 2296 4848 Joannes
2317 4794 2367 4845 in
2397 4790 2684 4859 Evangelio
2714 4805 2729 4843 :
2760 4807 2777 4838 ι
2808 4789 2883 4841 Ex
2904 4787 3235 4854 plenitudine
3253 4787 3330 4860 (6)

124 4894 321 4967 αὔξησιν
378 4896 478 4947 τοῦ
520 4893 676 4982 Θεοῦ·
719 4910 737 4944 3
780 4892 1029 4961 Ἰωάννης
1061 4891 1118 4941 ὲν
1149 4887 1479 4958 Εὑαγγελίῳ·
1510 4906 1530 4939 ι
1575 4887 1658 4939 Ἐκ

1837 4904 1888 4939 is
1909 4900 2005 4937 nos
2016 4899 2203 4937 omnes
2223 4882 2545 4951 accepimus.
2564 4882 2627 4934 Et
2645 4894 2830 4934 rursus
2841 4894 2905 4934 ex
2924 4893 3155 4947 persona
3175 4879 3215 4932 F
3224 4880 3293 4934 dii
3311 4898 3325 4935 :

1825 5038 1898 5109 (l)
1951 5035 2159 5109 0_mm'_a.
2195 5035 2403 5109 Colos_s_.
2434 5034 2589 5109 t,_l7,
2613 5032 2697 5086 l6.

1827 5102 1903 5178 (εἰ)
1958 5106 2327 5178 Βιψιὶτιυιιιειςζ
2349 5104 2551 5178 Matth.
2584 5117 2797 5178 xxmt,
2827 5102 2910 5178 l_9.

1830 5168 1905 5247 (5)
1959 5168 2111 5247 [dent
2149 5187 2243 5247 est:
2292 5176 2493 5239 Codex,
2532 5174 2620 5228 διά
2649 5189 2707 5226 τε
2743 5172 2902 5224 αὐτὸν
2950 5168 3112 5225 εἶναι.
3188 5172 3332 5243 Lego

1762 5240 1850 5302 διά
1873 5240 1932 5298 τε
1968 5244 2157 5298 ταυτὸν
2183 5240 2340 5297 εἶναι.

1838 5319 1911 5385 (4)
1956 5315 2057 5379 Qui
2116 5325 2213 5368 est.
2261 5316 2457 5381 Ephes.
2492 5328 2598 5385 71v,
2650 5310 2758 5385 l5,
2816 5310 2912 5385 ﬁt}:
2949 5310 3132 5385 Gneca
3167 5312 3332 5368 editio

1771 5381 1955 5442 eodem
1988 5399 2147 5454 sensu
2179 5402 2191 5436 :
2219 5386 2277 5447 ὃς
2303 5386 2447 5436 ἐστιν
2479 5384 2512 5454 ἠ
2545 5381 2773 5451 κεφαλὴ,
2805 5382 2832 5432 ὁ
2864 5382 3116 5452 Χριστός.

1843 5456 1920 5526 (5)
1959 5452 2637 5526 Augebithaugmento’Dei.
2672 5454 2791 5526 llam
2820 5464 2981 5526 verba
3024 5468 3127 5504 non
3169 5452 3330 5505 habet

1771 5521 1991 5587 Paulus,
2028 5523 2119 5576 sed
2147 5521 2370 5576 aliaJAt
2398 5525 2653 5592 Didymus
2675 5521 2915 5590 Apostoli
2949 5531 3180 5575 mentem
3206 5534 3329 5588 ape-

1774 5598 1866 5661 rit,
1893 5610 1955 5647 ac
1986 5607 2200 5647 sensum
2232 5595 2382 5645 citat.

1847 5659 1923 5738 (6)
1966 5661 2049 5716 Ea:
2092 5662 2432 5732 plenitudine.
2479 5662 2635 5717 Joan.
2666 5676 2706 5727 ι,
2751 5659 2835 5715 16.

186 5052 283 5118 (92)
332 5050 478 5104 Nam
516 5065 580 5103 ea:
618 5044 873 5118 multaill
926 5044 1054 5098 Cor.
1082 5058 1141 5118 ll,
1172 5042 1226 5096 4.

325 5120 464 5175 Cum
495 5118 737 5189 autemal
781 5115 1062 5189 Cor._x_\'_t,
1095 5117 1130 5189 ᾗ

207 5174 286 5258 94)
335 5174 419 5244 Ex
447 5206 570 5255 quo.
608 5188 784 5258 Codex
805 5225 820 5251 ,
852 5182 1037 5258 του-εξ
1068 5174 1327 5258 οὗκῐλεᾳο
1372 5181 1430 5233 τὸ
1464 5180 1521 5246 ἐξ
1575 5174 1655 5233 οὗ.

206 5252 289 5319 95)
324 5260 389 5312 In
421 5252 830 5328 spiritu.}oatt.
859 5269 897 5316 ι,
925 5253 994 5328 55
1033 5265 1085 5328 et
1116 5252 1260 5328 alibi.
1418 5318 1429 5328 _
1546 5318 1569 5328 ε

206 5264 289 5319 95)
324 5264 389 5312 1η
421 5264 645 5325 Spiritu.
674 5264 830 5309 Joan.
859 5269 897 5316 ι,
925 5264 994 5305 ab
1033 5265 1083 5304 et
1116 5264 1260 5303 :tltbt.

188 5264 288 5399 (96)
327 5330 464 5385 Cum
493 5328 623 5399 lgor.
647 5324 854 5399 Codex,
890 5322 987 5399 σὺν
1004 5319 1095 5399 Δτῷ
1124 5319 1179 5372 δέ
1247 5334 1343 5389 pro
1382 5318 1476 5371 σὺν
1506 5318 1660 5388 τῷδε.

134 5390 346 5461 Ειίιιόι,
373 5401 432 5451 ὲν
465 5397 543 5467 τῷ
605 5395 661 5448 δέ
680 5409 800 5467 Lpro
839 5394 896 5445 ὲν
920 5390 1074 5461 τῷδε.

190 5470 288 5539 (97)
328 5456 628 5539 ingrediar.
677 5456 818 5518 Psal.
876 5456 981 5516 non
1031 5474 1191 5523 vat,
1257 5459 1350 5513 sed
1402 5472 1545 5523 va,
1597 5456 1666 5509 12

168 5554 247 5593 seu
279 5540 345 5593 15
370 5546 407 5593 ι.

134 5540 247 5606 (seu
279 5540 345 5593 15
366 5546 407 5603 ).

190 5609 290 5677 (98)
325 5606 540 5661 Eduxit.
570 5603 717 5677 Psal.
741 5599 1115 5677 ⁸(εινίόιΞ-(εειι
1150 5597 1279 5677 57):
1368 5667 1382 5677 _
1482 5664 1559 5677 ,Μ

196 5664 299 5747 (99)
330 5677 470 5747 Νοηῄ
499 5674 801 5747 egredieris.
830 5664 1001 5747 _Psal.'
1030 5685 1160 5736 CVII,
1213 5664 1303 5723 12.
1367 5667 1423 5722 In
1482 5664 1665 5721 Bibliis

140 5741 328 5803 additur
374 5741 607 5811 Θεός,’ἱά
638 5754 741 5802 est.
779 5761 796 5793 ι
830 5741 986 5797 Deus.
1019 5757 1055 5809 ι⁸
