3716 6326
352 312 456 371 913
1580 316 1815 371 ΒῙΟΥΜΙ

2042 317 2321 375 ANDRINI
3478 320 3574 374 νει

346 432 529 486 citur:
565 448 583 482 ι
621 430 883 485 Mediator
928 428 1039 502 (97)
1078 429 1172 486 Dei
1224 440 1277 487 et
1322 431 1600 486 hominum
1658 433 1853 487 Domiut

2039 432 2149 493 9εοῦ
2185 435 2277 487 καὶ
2308 432 2608 505 ἀνθρώπων
2637 435 2665 486 ὁ
2700 434 2903 506 Κύριος
2942 431 3099 507 ἡμῶν
3146 432 3358 505 Ἰησοῦς
3396 433 3425 485 6
3453 434 3577 503 Χρι-

350 531 533 578 noster
555 520 712 579 Iesus
742 521 1009 581 Christus.
1042 541 1059 575 ι
1092 521 1222 577 Nam
1249 524 1293 579 si
1330 538 1415 577 res
1444 524 1516 577 ita
1556 538 1613 578 se
1642 522 1825 589 habet,
1851 540 1853 559 τ

2039 525 2160 587 πτός.
2206 545 2223 577 ι
2273 524 2609 596 Διολισθήσει
2646 526 2756 597 γὰρ
2788 526 2971 580 λοιπὸν
2999 526 3093 579 τοῦ
3139 525 3271 589 Θεὸς
3316 521 3456 577 εἶναι
3494 524 3578 575 καὶ

350 612 490 669 Deus
513 613 728 683 quidem
760 614 888 679 erit,
920 627 1018 669 nec
1044 614 1213 671 Filius
1240 629 1399 670 verus
1438 633 1453 670 :
1493 631 1611 682 quae
1638 616 1743 669 duo
1768 631 1853 670 rec

2039 616 2143 679 ι’ίὸς
2170 617 2440 687 ἀληθινὸς,
2470 618 2602 687 ὅπερ
2630 618 2893 689 ὑπάρχειν
2918 616 3060 671 κατὰ
3083 617 3173 670 τὸν
3202 614 3362 688 ὀρθὸν
3392 615 3579 685 τρόπον

345 713 510 755 sensu
539 699 588 755 ei
613 700 905 756 convenire
928 712 1202 756 ostensum
1230 711 1314 767 est
1341 719 1353 753 :
1407 701 1534 769 quin
1556 700 1709 769 juxta
1740 701 1850 755 hmr

2039 706 2403 760 mo6é6stxmt'
2433 708 2751 777 ἐκφεύξεται
2777 710 2832 762 δὲ
2854 710 2946 762 καὶ
2967 710 3025 763 τὸ
3046 708 3302 775 νοεῖσθαι,
3327 706 3472 759 κατὰ
3496 705 3578 756 τὸν

353 792 583 848 ticorum
618 791 945 847 sententiam
978 805 1045 846 ne
1070 802 1317 847 creatura
1350 793 1566 863 quidem
1594 793 1701 846 erit
1727 810 1739 846 :
1770 807 1853 861 qm

2039 798 2284 867 ιὶρετικὸν
2311 798 2487 868 λόγον,
2518 800 2725 871 ποίημα
2745 841 2758 864 ,
2793 803 2929 873 ὅπερ
2960 799 3071 855 οὔτ’
3110 801 3278 863 ἔστιν,
3324 798 3449 852 οὔτε
3495 797 3576 864 γέ-

349 894 526 940 tamen
565 898 757 939 nomen
785 898 970 939 revera
991 885 1041 939 ei
1076 899 1182 940 non
1204 885 1453 939 convenit
1480 901 1492 948 ;
1536 884 1578 938 is
1600 886 1741 939 enim
1762 901 1913 939 crea-

345 984 472 1031 tura
509 990 611 1031 nec
636 977 811 1046 reipsa
844 985 949 1041 est,
1004 990 1106 1031 nec
1140 990 1366 1047 usquam
1422 977 1471 1029 in
1524 975 1802 1046 Scriptura
1832 976 1912 1029 di-

350 1074 473 1124 ctus
501 1066 623 1122 fuit.
664 1068 775 1122 lmo
808 1082 840 1121 e
894 1068 1167 1123 contrario
1228 1068 1284 1121 in
1325 1066 1458 1121 lsaia
1495 1069 1753 1138 scriptum
1785 1078 1902 1123 est:

354 1178 373 1212 ι
402 1159 516 1212 Non
548 1158 755 1226 legatus
784 1158 923 1229 (98),
952 1175 1056 1213 non
1098 1159 1337 1229 angelus,
1377 1161 1469 1213 sed
1508 1161 1621 1229 ipse
1651 1159 1909 1214 Dominus

340 1252 574 1307 salvavit
606 1267 727 1307 eos:
764 1271 781 1302 ι
841 1252 893 1305 id
924 1260 1026 1316 est,
1056 1267 1159 1306 non
1217 1261 1464 1307 creatura
1519 1252 1654 1323 (99),
1678 1254 1769 1307 sed
1796 1254 1910 1323 ipse

344 1342 505 1405 Deus.
540 1342 630 1412 qui
664 1352 947 1411 antequam
978 1359 1099 1397 eum
1128 1359 1432 1413 precemur,
1466 1344 1601 1399 dona
1635 1345 1906 1399 nobislar-

342 1434 485 1503 gitur
514 1433 617 1488 sibi
649 1433 1050 1498 convenientia,
1116 1448 1307 1504 nempe
1369 1434 1477 1488 Deo
1516 1433 1694 1504 digna.
1726 1436 1777 1490 lu
1817 1435 1906 1489 ln-

342 1525 652 1583 carnatione
677 1540 804 1594 ergo
835 1536 918 1579 est
954 1524 1242 1591 mediatio;
1285 1528 1336 1580 in
1364 1526 1735 1581 lucarnatioue
1764 1528 1904 1581 enim

2014 905 2290 961 γραπται·
2336 892 2430 945 καὶ
2454 891 2583 961 γοῦν
2614 894 2706 947 καὶ
2742 893 2898 947 τοῦτο
2927 896 2982 946 ὲν
3026 894 3223 963 Ἡσαΐᾳ
3256 887 3577 961 κεχρησμῲ-

2011 982 2199 1052 δηται·
2249 1001 2267 1034 ι
2317 985 2390 1037 Οὐ
2443 985 2707 1055 πρέσϐις,
2759 987 2858 1039 οὐκ
2896 985 3144 1053 ἄγγελος,
3194 984 3309 1037 ἀλλ’
3351 981 3510 1045 αὐτὸς
3549 981 3578 1032 6

2011 1074 2214 1144 Κύριος
2243 1074 2444 1126 ἔσωσεν
2480 1075 2675 1136 αὐτούς
2700 1091 2714 1106 ⁸
2750 1096 2765 1126 ι
2797 1075 3092 1138 τουτέστιν,
3118 1074 3177 1126 οὐ
3209 1073 3438 1142 κτίσμα,
3468 1061 3576 1123 ἀλλ’

2010 1163 2170 1226 αὐτὸς
2206 1166 2234 1216 6
2272 1163 2425 1227 Θεὸς,
2458 1164 2487 1214 6
2530 1163 2903 1235 πρεσϐυτέρας
2955 1164 3060 1216 τῶν
3093 1163 3381 1233 ἡμετέρων
3426 1162 3572 1230 αἰτή-

2010 1271 2143 1306 σεων
2168 1254 2266 1317 τάς
2296 1253 2444 1324 αὐτῷ
2472 1255 2785 1325 πρεπούσας
2816 1256 2893 1317 είς
2920 1255 3067 1324 ἡμᾶς
3094 1254 3269 1315 δόσεις
3304 1251 3572 1322 χορηγῶν.

2021 1345 2108 1398 Ἐν
2138 1346 2203 1414 τῇ
2233 1343 2513 1413 οἰκονομίᾳ
2538 1343 2714 1396 τοίνυν
2743 1345 2775 1414 ή
2805 1342 3069 1413 μεσιτείαο
3106 1343 3163 1394 ὲν
3282 1340 3423 1411 ὑπὲρ
3450 1357 3574 1392 παν·

2007 1435 2097 1499 τὸς
2117 1435 2209 1487 τοῦ
2241 1434 2575 1506 ἀνθρωπείου
2607 1435 2795 1503 γένους
2821 1434 3011 1487 ἑαυτὸν
3041 1432 3335 1502 ἀφράστως
3370 1434 3575 1502 ἱερουρ-

2007 1528 2181 1596 γήσας
2202 1567 2218 1590 ,
2249 1525 2341 1579 καὶ
2374 1528 2431 1578 ἐν
2459 1524 2607 1590 τάξει
2632 1526 2973 1596 θυμιάματος
2999 1523 3190 1594 νοητοῦ
3211 1522 3291 1593 τῷ
3326 1522 3443 1592 ἰδίῳ
3469 1523 3573 1575 [la-

340 1630 437 1684 pro
464 1624 577 1673 toto
608 1617 843 1671 humano
903 1631 1101 1685 genere
1150 1618 1501 1683 semetipsum
1566 1618 1853 1673 iueﬂ‘abilin

2041 1617 2094 1688 pi.
2128 1616 2521 1689 προσαγαγὼν,
2573 1616 2733 1670 αὐτόν
2766 1633 2823 1669 τε
2874 1614 3307 1684 ἐξεδυσώπησεν,
3359 1613 3455 1665 καὶ
3488 1612 3572 1664 τὸν

340 1707 645 1775 immolaus,
691 1719 745 1763 et
825 1709 1086 1779 spiritalis
1145 1725 1208 1764 ac
1267 1711 1480 1781 mystici
1531 1712 1853 1782 thymiamat

2040 1708 2386 1780 πηρτημένον
2410 1707 2488 1778 τῷ
2514 1707 2674 1779 κοινῷ
2700 1708 2846 1775 γένει
2877 1707 3104 1761 θάνατον
3131 1704 3459 1767 άπέσϐεσεν,
3485 1704 3571 1755 καὶ

340 1798 458 1851 loco
483 1812 602 1852 sese
625 1799 845 1868 pmprio
891 1799 1037 1853 Patri
1062 1798 1293 1855 oﬁ‘erens
1343 1810 1398 1854 et
1418 1816 1537 1855 eum
1572 1802 1853 1871 placavit,

2049 1776 2153 1869 μάς
2338 1776 2570 1853 εἰδώλων
2620 1776 2926 1871 ἀπέστησεν
2950 1839 2963 1860 ,
3021 1800 3114 1851 καὶ
3162 1800 3227 1868 τῇ
3280 1795 3571 1863 θεογνωσίᾳ

338 1887 733 1957 impendentem
769 1889 1018 1943 universo
1051 1888 1285 1945 humano
1327 1893 1504 1961 generi
1548 1902 1777 1948 mortem
1806 1910 1853 1948 et

2039 1889 2137 1943 204
2170 1890 2223 1961 b]
2272 1891 2608 1963 προσήνωσε,
2655 1889 2744 1942 τόν
2788 1906 2847 1941 τε
2917 1888 3241 1960 παράδεισον
3275 1887 3569 1945 ἀπέδωκεν,

335 1979 547 2044 stinxit,
588 1987 641 2034 et
678 1995 776 2034 nos
806 1978 874 2033 ab
904 1980 1059 2034 idolis
1084 1981 1373 2048 abstraxit,
1408 1993 1461 2036 et
1498 1998 1592 2053 per
1618 1985 1779 2039 unius
1809 1985 1848 2038 D

2039 1981 2102 2034 ιαὶ
2127 1982 2206 2044 εἰς
2245 1982 2505 2053 οὐρανοὺς
2530 1981 2823 2053 ἀνήγαγεν,
2863 1980 3122 2050 συνάψας,
3157 1980 3233 2043 ώς
3271 1978 3406 2040 Θεὸς
3432 1977 3572 2041 ἐξου-

335 2071 694 2140 coguitionem
724 2086 819 2125 nos
850 2070 1139 2141 capulavit,
1170 2082 1221 2126 et
1245 2074 1549 2142 paradisum
1579 2075 1853 2143 reddidit,.

2039 2072 2252 2143 ἰαστὴς,
2277 2073 2343 2125 τά
2372 2072 2587 2141 ἐπίγεια
2626 2074 2737 2135 τοῖς
2771 2071 3131 2143 ἐπουρανίοις,
3165 2071 3261 2124 καὶ
3287 2070 3385 2139 τὴν
3424 2086 3569 2136 γενο-

335 2162 389 2217 in
417 2161 584 2218 caelos
609 2162 846 2229 reduxit,
875 2170 1086 2217 terrena
1133 2172 1190 2218 ιιι
1222 2165 1359 2219 Deus
1392 2165 1696 2219 dominator
1736 2166 1899 2220 coele-

334 2256 506 2309 stibus
562 2254 915 2325 conjungens,
948 2269 1122 2324 eaque
1173 2270 1293 2310 cum
1333 2256 1473 2312 inter
1524 2272 1582 2313 se
1614 2258 1898 2325 distarent,

333 2355 741 2416 coagmentatis,
780 2356 835 2401 et
867 2346 1136 2402 hominem
1171 2347 1222 2401 in
1253 2348 1394 2401 illam
1441 2349 1693 2418 gratiam,
1724 2365 1752 2403 a
1791 2367 1897 2420 qua

332 2440 634 2503 exciderat,
672 2439 998 2506 restituens;
1024 2441 1159 2494 adeo
1191 2452 1247 2495 ut
1275 2441 1562 2510 Apostolus
1606 2457 1715 2511 prae
1746 2443 1900 2512 hujus

333 2529 785 2585 reconciliationis
827 2531 1136 2600 praestantia
1184 2546 1247 2587 ac
1304 2530 1669 2601 magnitudine
1698 2533 1898 2587 attoni-

334 2630 440 2684 tus,
472 2620 653 2673 divina
709 2634 805 2675 sua
861 2618 1044 2689 lingua
1104 2621 1220 2675 hate
1269 2620 1689 2690 praadicaverit:
1729 2640 1749 2674 ι
1780 2620 1898 2690 Ipse

330 2725 415 2769 εει
439 2714 515 2785 (ι)
545 2729 646 2784 pax
674 2724 879 2779 nostra,
904 2714 994 2783 qui
1031 2713 1157 2767 fecit
1211 2724 1440 2784 utraque
1486 2729 1676 2780 unum,
1705 2723 1760 2770 et
1781 2730 1897 2771 me-

331 2803 474 2859 dium
498 2804 758 2874 parietem
791 2803 1035 2858 maceriae
1061 2803 1176 2875 (aut
1218 2804 1377 2873 septi)
1421 2803 1580 2859 solvit
1605 2821 1621 2871 ;
1645 2823 1665 2858 ι
1698 2814 1754 2860 et
1779 2821 1898 2860 rur-

330 2907 460 2949 sus:
496 2912 514 2944 ι
540 2890 828 2949 Justiﬁcati
863 2891 939 2963 (2)
980 2908 1111 2962 ergo
1158 2907 1222 2947 cx
1265 2892 1386 2957 ﬁde,
1418 2907 1604 2964 pacem
1636 2894 1897 2949 habemus

329 2984 396 3040 ad
426 2985 590 3039 Deum
619 2999 715 3055 per
741 2984 1026 3038 Dominum
1059 2991 1304 3039 nostrum
1332 2982 1512 3039 Jesum
1544 2984 1842 3041 Christum.
1868 3004 1887 3037 ι

784 3074 944 3147 (.21
987 3075 1141 3131 CAP.
1196 3074 1432 3131 xxvnt.

2010 2163 2175 2236 μένην
2211 2164 2490 2218 διάστασιν
2535 2163 2913 2234 συναρμόσας,
2958 2164 3053 2217 καὶ
3082 2160 3445 2230 ἐπαναγαγὼν
3486 2161 3570 2212 τὸν

2006 2258 2288 2329 ἄνθρωπον
2331 2260 2410 2321 εἰς
2458 2255 2670 2326 ἐκείνην
2706 2254 2802 2327 τὴν
2836 2256 3016 2327 χάριν,
3054 2255 3146 2325 ἀφ’
3171 2251 3239 2327 ἦς
3268 2252 3568 2307 διώλισθεν’

2003 2344 2078 2409 ώς
2104 2347 2194 2399 τὸν
2238 2346 2575 2411 Ἀπόστολον,
2599 2344 2897 2415 νικώμενον
2922 2348 2986 2416 τῇ
3022 2346 3294 2417 ὑπερῦολῇ
3320 2345 3423 2415 τῆς
3446 2361 3546 2396 κατ

2004 2437 2241 2506 αλλαγῆς
2262 2479 2276 2498 ,
2307 2437 2624 2508 θεοφράστῳ
2660 2436 2875 2508 γλώττῃ
2924 2437 3321 2508 ἀνακηρύττειν
3343 2452 3357 2467 ·
3404 2453 3423 2487 ι
3477 2437 3567 2488 Αὑ-

2002 2526 2094 2591 τός
2135 2526 2341 2598 ἐστινὴ
2384 2527 2573 2599 εἰρήνη
2619 2525 2811 2597 ἡμῶν,
2854 2528 2882 2579 ὁ
2924 2528 3151 2598 ποιήσας
3184 2526 3252 2579 τά
3289 2527 3566 2596 ἀμφότερα

2004 2620 2081 2685 ἒν,
2114 2620 2209 2673 καὶ
2233 2619 2292 2672 τὸ
2321 2620 2630 2690 μεσότοιχον
2655 2618 2748 2672 τοῦ
2779 2620 3035 2690 φραγμοῦ
3062 2619 3228 2680 λύσας
3247 2636 3261 2651 ο
3294 2638 3315 2673 ι
3346 2620 3440 2673 καὶ
3471 2621 3547 2671 πά

2002 2712 2119 2765 λιν·
2167 2730 2185 2762 ι
2225 2710 2611 2774 Δικαιωθέντες
2651 2704 2744 2763 οὖν
2787 2713 2851 2765 ὲκ
2890 2711 3154 2777 πίστεως,
3190 2712 3413 2783 εἰρήνην
3451 2710 3563 2779 ἐχ).

2004 2819 2104 2874 μεν
2131 2801 2267 2873 πρὸς
2292 2802 2380 2854 τὸν
2409 2800 2539 2854 Θεὸν
2561 2799 2649 2853 διὰ
2670 2801 2765 2854 τοῦ
2789 2803 2993 2875 Κυρίου
3032 2801 3187 2874 ἡμῶν
3234 2801 3408 2871 Ἰησοῦ
3439 2803 3551 2873 Χριρ

2004 2910 2149 2949 στου.
2178 2913 2197 2946 ι

2602 3073 2757 3128 ΚΕΦ.
2823 3073 2959 3127 ΚΗ’.

397 3168 624 3236 Quidam
664 3181 795 3224 vero
824 3184 889 3223 ex
916 3168 1186 3223 haereticis
1225 3169 1370 3221 omni
1402 3183 1623 3238 prorsus
1663 3169 1770 3224 ﬁde
1805 3170 1853 3224 dt

2068 3167 2310 3233 Πίστεως
2330 3168 2387 3222 δὲ
2416 3168 2479 3222 τὸ
2506 3167 2624 3221 καθ’
2654 3167 2776 3221 ὅλου
2808 3163 3130 3237 χηρεύοντὲς
3162 3181 3307 3227 τινες
3350 3164 3458 3217 τῶν
3488 3166 3561 3217 αἱ·

328 3261 503 3316 stituti
545 3261 693 3317 aliud
730 3261 893 3316 etiam
934 3261 1219 3330 objiciunt,
1255 3262 1400 3331 quod
1431 3276 1553 3315 cum
1595 3262 1895 3332 suspicari,

329 3363 441 3408 tum
476 3352 643 3407 multo
674 3352 847 3422 magis
874 3353 1057 3407 dicere
1087 3352 1369 3408 ridiculum
1397 3363 1499 3407 est.
1526 3355 1691 3408 Aiunt
1713 3354 1855 3409 enim
1878 3396 1893 3421 ,

327 3442 468 3498 dona
497 3442 766 3498 creaturis
793 3450 919 3497 aute
964 3442 1240 3503 stabilem,
1288 3450 1343 3495 et
1386 3441 1591 3505 ﬁxum,
1634 3457 1698 3496 ac
1741 3442 1896 3497 beni-

326 3550 491 3606 gnum
524 3532 824 3591 Salvatoris
855 3532 1058 3588 Christi
1082 3533 1135 3585 iu
1161 3532 1349 3587 orbem
1386 3540 1654 3585 terrarum
1688 3531 1895 3586 adven-

328 3637 441 3683 tum
470 3626 595 3680 data
615 3665 632 3691 ,
666 3642 694 3679 a
728 3624 842 3680 solo
872 3624 981 3680 Deo
1015 3624 1177 3679 Patre
1208 3625 1403 3679 donata
1434 3638 1555 3677 esse
1575 3664 1591 3691 ,
1623 3638 1729 3679 non
1764 3637 1895 3679 vero

325 3736 357 3775 a
390 3719 657 3784 beneﬁco,
682 3733 745 3773 ac
774 3718 991 3788 proprio
1020 3717 1190 3787 ipsius
1220 3716 1356 3771 Filio
1382 3713 1583 3780 Verbo,
1610 3725 1893 3785 propterea

325 3812 535 3867 scilicet
574 3812 718 3881 quod
764 3812 868 3866 iste
915 3809 1191 3877 subjectus
1221 3810 1311 3864 sit.
1353 3810 1421 3862 At
1450 3809 1495 3863 si
1527 3817 1734 3878 partem
1765 3808 1845 3877 (5)
1874 3846 1890 3875 ,

325 3918 391 3959 ac
418 3913 615 3959 sortem
649 3919 769 3957 cum
800 3905 865 3959 iis
897 3904 1157 3958 haberent
1180 3943 1194 3966 ,
1226 3903 1315 3970 qui
1354 3901 1709 3969 theologicam
1747 3901 1893 3955 illam

328 3995 649 4049 sententiam
694 3996 1150 4064 pronuntiarunt:
1183 4011 1201 4043 ι
1233 3992 1424 4047 Omnia
1468 3991 1544 4062 (4)
1591 4007 1687 4060 per
1719 3992 1891 4060 ipsum

328 4087 466 4141 facta
500 4098 655 4151 sunt,
688 4097 742 4140 et
772 4088 889 4139 sine
922 4088 1040 4156 ipso
1070 4085 1274 4139 factum
1303 4094 1385 4139 est
1420 4084 1552 4138 nihil
1580 4100 1594 4137 :
1626 4105 1645 4136 ι
1677 4085 1771 4153 (in
1805 4078 1893 4138 re-

331 4195 450 4233 rttm
482 4189 660 4232 autem
690 4178 930 4231 omnium
955 4193 1120 4231 censu
1152 4177 1295 4229 venit
1325 4176 1502 4228 omnis
1533 4176 1757 4229 donatio
1797 4190 1894 4244 per

330 4272 541 4338 ipsum,
592 4276 647 4322 et
688 4269 756 4321 ab
788 4267 904 4336 ipso
946 4267 1131 4329 facta;
1174 4280 1363 4320 eorum
1398 4266 1541 4318 enim
1582 4280 1703 4334 quae
1752 4265 1891 4319 facta

331 4358 519 4422 fuere,
551 4355 855 4426 hujusmodi
887 4354 1048 4408 etiam
1078 4355 1399 4408 donationes
1432 4369 1558 4423 pars
1586 4364 1753 4420 sunt;
1785 4369 1890 4423 qua

2002 3262 2251 3334 ρετικῶν,
2285 3263 2377 3315 καὶ
2409 3261 2534 3316 ἄλλο
2575 3261 2783 3331 γελοῖον
2814 3260 3103 3313 ὑπολαϐεῖν
3143 3275 3201 3311 τε
3256 3259 3352 3311 καὶ
3391 3259 3562 3329 πολλῷ

1998 3353 2157 3407 πλέον
2182 3355 2355 3407 εἰπεῖν
2382 3336 2680 3422 φάσκουσιν
2699 3366 2712 3377 ⁶
2746 3351 2827 3404 ὅτι
2861 3350 2929 3403 τὰ
2957 3349 3062 3422 πρὸ
3085 3350 3182 3420 τῆς
3206 3351 3263 3404 ὲν
3288 3352 3353 3421 τῇ
3392 3352 3540 3404 οἰκον

2001 3448 2137 3521 μένῃ
2174 3446 2507 3518 άστεμφοῦς,
2555 3445 2650 3499 καὶ
2691 3442 3010 3507 ἀσαλεύτου,
3056 3443 3149 3495 καὶ
3184 3442 3560 3511 φιλανθρώπου

1997 3536 2422 3608 παρουσίας.τοῦ
2458 3535 2707 3606 Σωτῆρος
2735 3530 2972 3604 Χριστοῦ
3016 3534 3083 3602 τῇ
3125 3530 3297 3584 κτίσει
3344 3531 3557 3583 δοθέντα

1996 3629 2327 3700 χαρίσματα,
2366 3627 2469 3681 ὑπὸ
2500 3626 2593 3679 τοῦ
2628 3623 2762 3678 Θεοῦ
2796 3623 3010 3694 Πατρὸς
3041 3623 3203 3693 μόνου
3243 3623 3561 3693 δεδώρηται,

1996 3721 2122 3774 ἄνευ
2150 3719 2242 3773 τοῦ
2276 3719 2404 3772 ἰδίου
2432 3717 2594 3771 αὑτοῦ
2621 3715 2959 3786 ἀγαθουργοῦ
2991 3714 3120 3767 Υἰοῦ
3150 3714 3345 3782 Λόγου,
3371 3715 3447 3777 ὡς
3474 3714 3536 3783 δῆ

1996 3813 2087 3866 θεν
2113 3811 2275 3869 αὐτοῦ
2308 3810 2624 3875 ὑπεξουσίου
2649 3806 3029 3877 τυγχάνοντος.
3068 3806 3127 3858 Εἰ
3158 3805 3213 3858 δὲ
3246 3804 3443 3875 μερίδα
3471 3806 3562 3858 καὶ

1995 3904 2193 3975 κλῆρον
2222 3899 2366 3973 εἶχον
2394 3901 2531 3973 μετὰ
2567 3900 2676 3953 τῶν
2708 3894 3163 3970 θεολογησάντων,
3207 3914 3225 3947 ι
3270 3896 3456 3950 Πάντα
3495 3896 3560 3948 δι’

1995 3993 2158 4047 αὐτοῦ
2193 3993 2429 4062 ἐγένετο,
2463 3992 2557 4044 καὶ
2583 3990 2747 4061 χωρὶς
2769 3987 2932 4042 αὐτοῦ
2966 3988 3182 4057 ἐγένετο
3211 3988 3331 4040 οὐδὲ
3359 3989 3415 4040 ἓν
3440 4007 3456 4039 ι
3482 3990 3562 4055 (ἐν

1994 4081 2074 4148 οἷς
2105 4085 2253 4137 πᾶσα
2279 4078 2424 4146 δόσις
2452 4082 2517 4135 δι’
2555 4080 2718 4134 αὐτοῦ
2764 4079 2859 4133 καὶ
2908 4081 3040 4150 παρ’
3090 4079 3253 4132 αὐτοῦ
3284 4080 3558 4151 ὑπῆρξεν

1997 4174 2161 4246 μέρος
2194 4174 2302 4245 γὰρ
2335 4173 2443 4227 τῶν
2486 4173 2865 4244 γεγενημένων
2904 4172 2997 4225 καὶ
3040 4172 3199 4224 αὐταί
3246 4173 3418 4225 εἰσινο
3442 4172 3563 4225 ὅθεν

1995 4266 2089 4318 καὶ
2122 4266 2406 4337 ἀνείρηται
2426 4279 2440 4292 ο
2465 4282 2483 4315 ι
2507 4259 2675 4328 Οὗτός
2717 4266 2832 4318 ἐστι
2870 4264 3088 4316 πάντων
3134 4264 3359 4333 Κύριος,
3394 4281 3416 4316 ι
3445 4262 3561 4318 καε’

1998 4374 2016 4406 ι
2035 4355 2186 4419 Θεὸς.
2204 4354 2457 4426 ’1σχυρὸς,
2476 4355 2870 4426 Ἐξουσιαστής·
2885 4376 2903 4406 ι
2930 4355 3043 4408 καί·
3067 4354 3173 4410 «οὖ
3187 4355 3561 4426 λογισθήσεται

328 4450 392 4506 de
437 4463 602 4504 causa
648 4447 993 4517 praedicatum
1034 4444 1220 4498 fuitzc
1254 4445 1349 4499 llic
1398 4456 1480 4500 est
1526 4445 1600 4518 (5)
1650 4447 1851 4501 omnim

2039 4464 2177 4518 τερος
2206 4446 2332 4518 [205
2361 4445 2417 4518 α]
2447 4446 2580 4517 πρὸς
2608 4446 2768 4499 αὑτὸν
2803 4450 2874 4512 ι),
2899 4447 2992 4499 καὶ
3024 4447 3071 4499 εἰ
3112 4448 3338 4517 ἐνόησαν
3384 4447 3439 4499 δὲ
3466 4447 3559 4499 καὶ

327 4541 624 4606 Dominus;
655 4557 674 4592 ι
701 4548 793 4594 et:
826 4556 844 4589 ι
878 4538 1017 4592 Dens
1049 4537 1124 4607 (6)
1160 4574 1176 4601 ,
1224 4536 1435 4604 Fortis,
1470 4538 1823 4606 Domiuator;
1866 4558 1884 4590 ι

325 4643 380 4688 ει
408 4654 420 4689 :
453 4650 472 4683 ι
502 4631 616 4688 Non
667 4630 1008 4702 reputabitur
1041 4629 1118 4699 (7)
1142 4628 1280 4683 alter
1318 4643 1428 4696 prae
1477 4629 1568 4683 illo
1598 4646 1613 4684 :
1653 4648 1673 4680 ι
1700 4631 1719 4701 )
1748 4646 1812 4685 ac
1842 4631 1886 4685 si

324 4736 445 4779 eum
476 4729 733 4790 praeterea
762 4716 1190 4782 intellexissent,
1217 4716 1308 4783 qui
1336 4716 1412 4770 ait
1437 4734 1450 4770 :
1479 4734 1497 4766 ‹
1528 4714 1676 4772 Unus
1699 4727 1782 4770 est
1808 4716 1886 4785 (8)

325 4811 621 4882 legislator,
651 4820 707 4866 et
731 4808 893 4879 judex
919 4846 934 4873 ,
969 4808 1057 4875 qui
1094 4806 1242 4863 solus
1272 4805 1482 4861 salvare
1510 4816 1686 4877 potest
1713 4825 1728 4874 ;
1762 4825 1782 4860 ι
1817 4822 1884 4863 ne

396 5030 505 5101 (97)
536 5077 541 5082 .
578 5028 863 5101 M_edi_ator.
906 5028 1103 5101 lTim.
1179 5044 1251 5093 ιι,
1325 5028 1615 5101 5._Grmca
1660 5029 1832 5101 editio
1874 5049 1890 5085 :

324 5098 559 5222 ἱξεσίτη,
607 5099 743 5153 Θεοῦ
787 5101 885 5154 καὶ
932 5098 1268 5172 ἀνθρώπων,
1321 5099 1606 5170 ἄνθρωπος
1655 5100 1889 5170 Χριστὸς

378 5186 561 5222 ησους.

418 5186 561 5233 σους.

378 5187 674 5309 ἳῖἓῗῖνοη
696 5238 916 5308 legatus.
944 5238 1049 5309 Visa.
1078 5254 1232 5305 Lxut,
1283 5240 1334 5297 9.
1378 5240 1565 5296 Graeca
1592 5237 1757 5294 editio
1790 5240 1887 5294 ha-

325 5307 415 5363 bet
446 5307 686 5377 πρέσβυς
727 5307 821 5374 pro
850 5308 1093 5377 πρέσὸις.

398 5378 510 5448 (99)
556 5376 675 5430 Non
720 5376 991 5450 creatura.
1036 5379 1225 5433 Aﬁinia
1270 5378 1498 5450 legimus
1541 5378 1593 5450 in
1634 5378 1775 5433 lihro
1810 5378 1884 5434 De

329 5446 425 5516 Sp.
461 5446 521 5501 S.
558 5462 703 5520 num.
731 5447 817 5520 ιβ.
845 5466 863 5497 ι
895 5447 1028 5513 Quia
1068 5452 1227 5520 igitur
1250 5446 1387 5504 Deus
1416 5461 1531 5502 erat
1554 5448 1765 5520 (inquit)
1793 5451 1883 5518 qui

327 5520 551 5571 salutem
581 5518 851 5585 prmhehat
876 5518 1158 5581 aeternam,
1195 5520 1396 5573 dictum
1431 5528 1555 5573 est:
1587 5537 1604 5569 ι
1650 5519 1765 5572 Non
1810 5520 1887 5576 le-

326 5598 501 5657 gatus,
540 5602 712 5656 neque
746 5587 983 5671 angelus.
1019 5606 1038 5638 ι
1076 5587 1216 5711 Lege
1242 5600 1454 5655 caetera,
1482 5590 1525 5645 si
1556 5587 1751 5659 placet.

398 5656 476 5711 (li
517 5656 636 5711 Ipse
669 5666 766 5711 est.
802 5655 999 5711 thes.
1026 5673 1088 5711 ιι.
1118 5658 1143 5710 ‘l
1194 5698 1209 5711 .

398 5656 476 5725 (1)
517 5655 636 5721 Ipse
669 5666 766 5711 est.
802 5655 999 5725 Ephes.
1026 5673 1088 5722 ιι,
1118 5655 1209 5714 ιι.

400 5726 475 5790 (2)
514 5726 820 5795 Justiﬁcali.
858 5727 1013 5781 Rom.
1047 5743 1099 5791 γ,
1132 5728 1184 5781 1.

1994 4537 2085 4591 τὸν
2107 4536 2554 4607 διαγορεύσαντα,
2589 4557 2607 4589 ι
2631 4534 2725 4602 Εἷς
2755 4539 2901 4591 ἐστιν
2924 4540 2951 4591 6
2976 4536 3270 4609 νομοθέτης
3308 4538 3403 4590 καὶ
3436 4554 3557 4608 κρι-

1994 4628 2092 4699 τὴς
2120 4630 2149 4682 6
2174 4627 2330 4698 μόνος
2366 4626 2556 4693 σώζειν
2579 4628 2871 4700 δυνάμενος
2890 4645 2935 4682 ἰ
2966 4629 3157 4701 ᾔδεσαν
3202 4630 3290 4692 ἂν,
3331 4629 3407 4693 ὡς
3437 4630 3559 4699 δίχα

1992 4718 2088 4773 τοῦ
2113 4719 2493 4791 γενεσιουργοῦ
2522 4721 2614 4775 xal.
2639 4722 2863 4793 δοτῆρος
2882 4721 2992 4774 τῶν
3023 4720 3264 4789 ἀγαθῶν,
3290 4721 3471 4792 κριτοῦ
3496 4738 3558 4773 τε

1993 4811 2109 4882 ἅμα
2150 4812 2245 4866 καὶ
2276 4812 2550 4884 λυτρωτοῦ
2589 4812 2908 4884 μονογενοῦς
2939 4813 3069 4867 Υίοῦ
3108 4813 3306 4880 Λόγου,
3340 4812 3561 4881 οὐδεμία

2072 5029 2666 5100 (3)1?artemshocntio
2689 5030 2881 5084 hiblica
2919 5044 2983 5086 ex
3014 5030 3131 5085 Act.
3161 5044 3288 5094 ml,
3317 5029 3407 5086 2|.

2069 5098 2146 5163 (4)
2179 5098 2386 5152 Omnia.
2408 5099 2561 5155 Juttn.
2597 5116 2633 5156 ι,
2664 5102 2717 5153 5.

2068 5168 2145 5239 (ὅ)
2183 5168 2285 5222 Hic
2320 5179 2416 5224 est.
2457 5170 2677 5223 Videtur
2714 5166 3157 5239 reSpit-ereiPanli
3196 5169 3365 5223 verba
3401 5186 3416 5224 :
3448 5169 3561 5221 K5.

2001 5238 2114 5311 ριος
2146 5239 2492 5311 πάντωνών,
2511 5239 2680 5311 idest,
2708 5257 2729 5311 ι
2753 5254 2872 5311 cum
2903 5240 2968 5295 sit
2993 5238 3249 5311 Dominus
3264 5241 3552 5301 omniurn,-

1984 5308 2103 5378 (iure
2118 5319 2341 5378 exstant
2369 5310 2419 5362 in
2454 5308 2624 5376 Epist.
2658 5309 2720 5363 ad
2752 5308 2925 5363 Galat.
2953 5324 3026 5374 tv,
3062 5309 3115 5361 ι.

2081 5376 2133 5448 6)
2169 5378 2327 5448 Deus.
2362 5378 2464 5431 lsa.
2493 5394 2569 5441 ιιι,
2602 5379 2657 5434 6.

2082 5445 2130 5519 7)
2160 5445 2283 5519 (Yon
2316 5450 2661 5519 reputabitur.
2682 5447 2887 5519 Baruclt
2916 5463 2999 5519 ιιι,
3027 5446 3101 5500 22
3127 5448 3242 5519 (seu
3267 5447 3376 5516 '56).

2054 5509 2128 5587 (8)
2155 5516 2300 5571 Unus
2323 5509 2419 5571 est.
2460 5515 2645 5571 Jacob.
2696 5533 2772 5581 tv,
2812 5517 2896 5570 12.
2950 5509 3145 5572 orm
3187 5509 3350 5572 editio
3398 5509 3559 5587 :“EE;

1983 5583 2131 5659 ἐστιν
2154 5590 2181 5641 6
2207 5588 2559 5659 νομοθέτηςνὸ
2580 5586 2873 5659 δυνάμενος
2908 5588 3099 5646 σῶσαι,
3133 5589 3184 5659 id
3217 5601 3336 5659 esst,
3356 5583 3557 5659 {Unus

1982 5669 2066 5713 est
2101 5658 2397 5727 legislator,
2437 5658 2525 5724 qui
2567 5657 2745 5724 potest
2798 5660 3029 5712 salvare.
3059 5676 3080 5709 ι
3137 5657 3245 5714 Sed
3296 5657 3556 5723 Vulgata:

1980 5729 2247 5795 interpres
2278 5728 2407 5796 legit
2443 5738 2501 5782 ut
2533 5727 2814 5798 Didymus.
