  <div class='ocr_page' id='page_1' title='image "/cluster/home/n/w/nwhite01/storage/ocr_20150623/39/hvd.32044019207778/481.png"; bbox 0 0 3738 6304; ppageno 0'>
   <div class='ocr_carea' id='block_1_1' title="bbox 354 354 459 411">
    <p class='ocr_par' dir='ltr' id='par_1_1' title="bbox 354 354 459 411">
     <span class='ocr_line' id='line_1_1' title="bbox 354 354 459 411; baseline -0.038 0"><span class='ocrx_word' id='word_1_1' title='bbox 354 354 459 411; x_wconf 73' lang='grc'><strong>967</strong></span> 
     </span>
    </p>
   </div>
   <div class='ocr_carea' id='block_1_2' title="bbox 1598 344 2337 401">
    <p class='ocr_par' dir='ltr' id='par_1_2' title="bbox 1598 344 2337 401">
     <span class='ocr_line' id='line_1_2' title="bbox 1598 344 2337 401; baseline -0.005 0"><span class='ocrx_word' id='word_1_2' title='bbox 1598 346 1831 401; x_wconf 70' lang='grc' dir='ltr'>υιογιιι</span> <span class='ocrx_word' id='word_1_3' title='bbox 1872 344 2337 400; x_wconf 60' lang='grc' dir='ltr'>ΑιιξιιΑΝοῐιιΝι</span> 
     </span>
    </p>
   </div>
   <div class='ocr_carea' id='block_1_3' title="bbox 3494 343 3587 399">
    <p class='ocr_par' dir='ltr' id='par_1_3' title="bbox 3494 343 3587 399">
     <span class='ocr_line' id='line_1_3' title="bbox 3494 343 3587 399; baseline 0.022 -2"><span class='ocrx_word' id='word_1_4' title='bbox 3494 343 3587 399; x_wconf 58' lang='lat'><strong>918</strong></span> 
     </span>
    </p>
   </div>
   <div class='ocr_carea' id='block_1_4' title="bbox 354 450 1922 529">
    <p class='ocr_par' dir='ltr' id='par_1_4' title="bbox 354 456 1922 529">
     <span class='ocr_line' id='line_1_4' title="bbox 354 456 1922 529; baseline -0.006 -11"><span class='ocrx_word' id='word_1_5' title='bbox 354 462 477 520; x_wconf 85' lang='lat' dir='ltr'><strong>stoli</strong></span> <span class='ocrx_word' id='word_1_6' title='bbox 502 502 517 527; x_wconf 90' lang='lat'><strong>,</strong></span> <span class='ocrx_word' id='word_1_7' title='bbox 569 460 915 517; x_wconf 89' lang='lat' dir='ltr'><strong>considerent</strong></span> <span class='ocrx_word' id='word_1_8' title='bbox 962 457 1107 529; x_wconf 73' lang='grc'><strong>(14),</strong></span> <span class='ocrx_word' id='word_1_9' title='bbox 1144 457 1217 511; x_wconf 91' lang='lat' dir='ltr'><strong>ita</strong></span> <span class='ocrx_word' id='word_1_10' title='bbox 1258 456 1532 526; x_wconf 72' lang='lat' dir='ltr'><strong>respondit</strong></span> <span class='ocrx_word' id='word_1_11' title='bbox 1578 457 1727 526; x_wconf 72' lang='lat'><strong>(15):</strong></span> <span class='ocrx_word' id='word_1_12' title='bbox 1760 476 1777 507; x_wconf 85' lang='grc'><em>‹</em></span> <span class='ocrx_word' id='word_1_13' title='bbox 1812 456 1922 511; x_wconf 85' lang='grc' dir='ltr'><strong>Νοη</strong></span> 
     </span>
    </p>
   </div>
   <div class='ocr_carea' id='block_1_5' title="bbox 2061 450 3587 529">
    <p class='ocr_par' dir='ltr' id='par_1_5' title="bbox 2061 450 3587 526">
     <span class='ocr_line' id='line_1_5' title="bbox 2061 450 3587 526; baseline 0 -17"><span class='ocrx_word' id='word_1_14' title='bbox 2061 455 2116 509; x_wconf 83' lang='grc' dir='ltr'>ύο</span> <span class='ocrx_word' id='word_1_15' title='bbox 2148 456 2317 526; x_wconf 82' lang='grc' dir='ltr'>αὐτῆς</span> <span class='ocrx_word' id='word_1_16' title='bbox 2341 456 2510 518; x_wconf 82' lang='grc' dir='ltr'>υἱοὺς,</span> <span class='ocrx_word' id='word_1_17' title='bbox 2535 452 2865 517; x_wconf 70' lang='grc' dir='ltr'>ἀποστόλους</span> <span class='ocrx_word' id='word_1_18' title='bbox 2898 450 3076 517; x_wconf 72' lang='grc' dir='ltr'>ὄντας,</span> <span class='ocrx_word' id='word_1_19' title='bbox 3101 452 3378 524; x_wconf 83' lang='grc' dir='ltr'>απεκρίθη</span> <span class='ocrx_word' id='word_1_20' title='bbox 3398 467 3412 481; x_wconf 82' lang='grc'>⁶</span> <span class='ocrx_word' id='word_1_21' title='bbox 3446 473 3464 505; x_wconf 78' lang='grc' dir='ltr'><strong>ι</strong></span> <span class='ocrx_word' id='word_1_22' title='bbox 3485 458 3587 509; x_wconf 70' lang='lat'><strong>032</strong></span> 
     </span>
    </p>
   </div>
   <div class='ocr_carea' id='block_1_6' title="bbox 354 549 1923 620">
    <p class='ocr_par' dir='ltr' id='par_1_6' title="bbox 354 549 1923 620">
     <span class='ocr_line' id='line_1_6' title="bbox 354 549 1923 620; baseline -0.004 -10"><span class='ocrx_word' id='word_1_23' title='bbox 354 563 438 610; x_wconf 88' lang='lat' dir='ltr'><strong>est</strong></span> <span class='ocrx_word' id='word_1_24' title='bbox 484 568 665 611; x_wconf 85' lang='lat' dir='ltr'><strong>meum</strong></span> <span class='ocrx_word' id='word_1_25' title='bbox 711 553 875 617; x_wconf 76' lang='lat' dir='ltr'><strong>dare,</strong></span> <span class='ocrx_word' id='word_1_26' title='bbox 922 552 1016 605; x_wconf 78' lang='lat' dir='ltr'><strong>sed</strong></span> <span class='ocrx_word' id='word_1_27' title='bbox 1059 550 1257 620; x_wconf 87' lang='lat' dir='ltr'><strong>quibus</strong></span> <span class='ocrx_word' id='word_1_28' title='bbox 1303 558 1549 617; x_wconf 87' lang='lat' dir='ltr'><strong>paratum</strong></span> <span class='ocrx_word' id='word_1_29' title='bbox 1594 560 1679 604; x_wconf 90' lang='lat' dir='ltr'><strong>est</strong></span> <span class='ocrx_word' id='word_1_30' title='bbox 1706 564 1733 601; x_wconf 88' lang='lat' dir='ltr'><strong>a</strong></span> <span class='ocrx_word' id='word_1_31' title='bbox 1764 549 1923 603; x_wconf 85' lang='lat' dir='ltr'><strong>Patre</strong></span> 
     </span>
    </p>
   </div>
   <div class='ocr_carea' id='block_1_7' title="bbox 355 639 1922 718">
    <p class='ocr_par' dir='ltr' id='par_1_7' title="bbox 355 639 1922 718">
     <span class='ocr_line' id='line_1_7' title="bbox 355 639 1922 718; baseline -0.004 -18"><span class='ocrx_word' id='word_1_32' title='bbox 355 645 516 718; x_wconf 52' lang='lat'><strong>3,23</strong></span> <span class='ocrx_word' id='word_1_33' title='bbox 552 659 691 698; x_wconf 92' lang='lat' dir='ltr'><strong>meo.</strong></span> <span class='ocrx_word' id='word_1_34' title='bbox 728 642 878 698; x_wconf 65' lang='lat' dir='ltr'><strong>rSed</strong></span> <span class='ocrx_word' id='word_1_35' title='bbox 922 659 990 698; x_wconf 92' lang='lat' dir='ltr'><strong>ne</strong></span> <span class='ocrx_word' id='word_1_36' title='bbox 1037 642 1140 698; x_wconf 90' lang='lat' dir='ltr'><strong>hoc</strong></span> <span class='ocrx_word' id='word_1_37' title='bbox 1190 642 1404 711; x_wconf 83' lang='lat' dir='ltr'><strong>quidem</strong></span> <span class='ocrx_word' id='word_1_38' title='bbox 1455 640 1562 694; x_wconf 93' lang='lat' dir='ltr'><strong>ullo</strong></span> <span class='ocrx_word' id='word_1_39' title='bbox 1618 641 1778 695; x_wconf 87' lang='lat' dir='ltr'><strong>modo</strong></span> <span class='ocrx_word' id='word_1_40' title='bbox 1807 639 1922 707; x_wconf 87' lang='lat' dir='ltr'><strong>ejus</strong></span> 
     </span>
    </p>
   </div>
   <div class='ocr_carea' id='block_1_8' title="bbox 357 731 1921 807">
    <p class='ocr_par' dir='ltr' id='par_1_8' title="bbox 357 731 1921 807">
     <span class='ocr_line' id='line_1_8' title="bbox 357 731 1921 807; baseline -0.006 -15"><span class='ocrx_word' id='word_1_41' title='bbox 357 742 527 792; x_wconf 87' lang='lat' dir='ltr'><strong>decus</strong></span> <span class='ocrx_word' id='word_1_42' title='bbox 559 735 670 807; x_wconf 80' lang='grc'><strong>(16)</strong></span> <span class='ocrx_word' id='word_1_43' title='bbox 703 735 973 789; x_wconf 88' lang='lat' dir='ltr'><strong>imminuit</strong></span> <span class='ocrx_word' id='word_1_44' title='bbox 1002 752 1017 801; x_wconf 89' lang='lat'><strong>;</strong></span> <span class='ocrx_word' id='word_1_45' title='bbox 1068 748 1165 788; x_wconf 92' lang='lat' dir='ltr'><strong>nec</strong></span> <span class='ocrx_word' id='word_1_46' title='bbox 1192 732 1334 786; x_wconf 90' lang='lat' dir='ltr'><strong>enim</strong></span> <span class='ocrx_word' id='word_1_47' title='bbox 1371 745 1586 800; x_wconf 80' lang='lat' dir='ltr'><strong>semper</strong></span> <span class='ocrx_word' id='word_1_48' title='bbox 1632 731 1921 800; x_wconf 80' lang='lat' dir='ltr'><strong>contingit,</strong></span> 
     </span>
    </p>
   </div>
   <div class='ocr_carea' id='block_1_9' title="bbox 355 823 1921 898">
    <p class='ocr_par' dir='ltr' id='par_1_9' title="bbox 355 823 1921 898">
     <span class='ocr_line' id='line_1_9' title="bbox 355 823 1921 898; baseline -0.006 -15"><span class='ocrx_word' id='word_1_49' title='bbox 355 838 415 883; x_wconf 90' lang='lat' dir='ltr'><strong>nt</strong></span> <span class='ocrx_word' id='word_1_50' title='bbox 440 828 617 898; x_wconf 85' lang='lat' dir='ltr'><strong>qualis</strong></span> <span class='ocrx_word' id='word_1_51' title='bbox 643 834 726 882; x_wconf 88' lang='lat' dir='ltr'><strong>est</strong></span> <span class='ocrx_word' id='word_1_52' title='bbox 757 826 897 881; x_wconf 83' lang='lat' dir='ltr'><strong>nuda</strong></span> <span class='ocrx_word' id='word_1_53' title='bbox 926 826 1305 880; x_wconf 82' lang='lat' dir='ltr'><strong>vocabulorum</strong></span> <span class='ocrx_word' id='word_1_54' title='bbox 1335 825 1531 893; x_wconf 87' lang='lat' dir='ltr'><strong>positio</strong></span> <span class='ocrx_word' id='word_1_55' title='bbox 1554 863 1569 887; x_wconf 91' lang='lat'><strong>,</strong></span> <span class='ocrx_word' id='word_1_56' title='bbox 1599 823 1730 879; x_wconf 82' lang='lat' dir='ltr'><strong>tales</strong></span> <span class='ocrx_word' id='word_1_57' title='bbox 1760 824 1921 878; x_wconf 90' lang='lat' dir='ltr'><strong>etiam</strong></span> 
     </span>
    </p>
   </div>
   <div class='ocr_carea' id='block_1_10' title="bbox 358 913 1925 990">
    <p class='ocr_par' dir='ltr' id='par_1_10' title="bbox 358 913 1925 990">
     <span class='ocr_line' id='line_1_10' title="bbox 358 913 1925 990; baseline -0.006 -13"><span class='ocrx_word' id='word_1_58' title='bbox 358 922 473 978; x_wconf 85' lang='lat' dir='ltr'><strong>sint</strong></span> <span class='ocrx_word' id='word_1_59' title='bbox 508 935 594 976; x_wconf 87' lang='lat' dir='ltr'><strong>res</strong></span> <span class='ocrx_word' id='word_1_60' title='bbox 634 920 803 990; x_wconf 59' lang='lat' dir='ltr'><strong>ipsae:</strong></span> <span class='ocrx_word' id='word_1_61' title='bbox 852 917 949 973; x_wconf 90' lang='lat' dir='ltr'><strong>sed</strong></span> <span class='ocrx_word' id='word_1_62' title='bbox 993 917 1284 986; x_wconf 85' lang='lat' dir='ltr'><strong>aliquando</strong></span> <span class='ocrx_word' id='word_1_63' title='bbox 1331 916 1657 971; x_wconf 91' lang='lat' dir='ltr'><strong>sententiam</strong></span> <span class='ocrx_word' id='word_1_64' title='bbox 1710 913 1925 984; x_wconf 89' lang='lat' dir='ltr'><strong>perﬁcit</strong></span> 
     </span>
    </p>
   </div>
   <div class='ocr_carea' id='block_1_11' title="bbox 361 1006 1920 1082">
    <p class='ocr_par' dir='ltr' id='par_1_11' title="bbox 361 1006 1920 1082">
     <span class='ocr_line' id='line_1_11' title="bbox 361 1006 1920 1082; baseline -0.003 -17"><span class='ocrx_word' id='word_1_65' title='bbox 361 1011 479 1082; x_wconf 88' lang='lat' dir='ltr'><strong>ipsa</strong></span> <span class='ocrx_word' id='word_1_66' title='bbox 504 1010 710 1067; x_wconf 87' lang='lat' dir='ltr'><strong>veritas</strong></span> <span class='ocrx_word' id='word_1_67' title='bbox 733 1049 748 1074; x_wconf 89' lang='lat'><strong>,</strong></span> <span class='ocrx_word' id='word_1_68' title='bbox 780 1022 844 1062; x_wconf 88' lang='lat' dir='ltr'><strong>ea</strong></span> <span class='ocrx_word' id='word_1_69' title='bbox 876 1006 1172 1077; x_wconf 85' lang='lat' dir='ltr'><strong>supplendo</strong></span> <span class='ocrx_word' id='word_1_70' title='bbox 1192 1046 1206 1070; x_wconf 89' lang='lat'><strong>,</strong></span> <span class='ocrx_word' id='word_1_71' title='bbox 1241 1021 1359 1075; x_wconf 78' lang='lat' dir='ltr'><strong>qua:</strong></span> <span class='ocrx_word' id='word_1_72' title='bbox 1392 1021 1495 1060; x_wconf 93' lang='lat' dir='ltr'><strong>non</strong></span> <span class='ocrx_word' id='word_1_73' title='bbox 1533 1006 1804 1060; x_wconf 86' lang='lat' dir='ltr'><strong>dicuntur.</strong></span> <span class='ocrx_word' id='word_1_74' title='bbox 1845 1007 1920 1061; x_wconf 90' lang='lat' dir='ltr'><strong>Ita</strong></span> 
     </span>
    </p>
   </div>
   <div class='ocr_carea' id='block_1_12' title="bbox 357 1094 1923 1173">
    <p class='ocr_par' dir='ltr' id='par_1_12' title="bbox 357 1094 1923 1173">
     <span class='ocr_line' id='line_1_12' title="bbox 357 1094 1923 1173; baseline -0.004 -16"><span class='ocrx_word' id='word_1_75' title='bbox 357 1117 490 1173; x_wconf 79' lang='lat' dir='ltr'><strong>ergo</strong></span> <span class='ocrx_word' id='word_1_76' title='bbox 514 1094 733 1157; x_wconf 76' lang='lat' dir='ltr'><strong>locutus</strong></span> <span class='ocrx_word' id='word_1_77' title='bbox 746 1110 830 1155; x_wconf 91' lang='lat' dir='ltr'><strong>est</strong></span> <span class='ocrx_word' id='word_1_78' title='bbox 852 1098 1120 1167; x_wconf 86' lang='lat' dir='ltr'><strong>Christus,</strong></span> <span class='ocrx_word' id='word_1_79' title='bbox 1144 1099 1270 1166; x_wconf 86' lang='lat' dir='ltr'><strong>quia</strong></span> <span class='ocrx_word' id='word_1_80' title='bbox 1293 1098 1538 1152; x_wconf 82' lang='lat' dir='ltr'><strong>servilem</strong></span> <span class='ocrx_word' id='word_1_81' title='bbox 1570 1098 1787 1168; x_wconf 83' lang='lat' dir='ltr'><strong>gerebat</strong></span> <span class='ocrx_word' id='word_1_82' title='bbox 1812 1097 1923 1151; x_wconf 91' lang='lat' dir='ltr'><strong>for-</strong></span> 
     </span>
    </p>
   </div>
   <div class='ocr_carea' id='block_1_13' title="bbox 357 1189 1923 1260">
    <p class='ocr_par' dir='ltr' id='par_1_13' title="bbox 357 1189 1923 1260">
     <span class='ocr_line' id='line_1_13' title="bbox 357 1189 1923 1260; baseline 0.001 -14"><span class='ocrx_word' id='word_1_83' title='bbox 357 1208 499 1246; x_wconf 89' lang='lat' dir='ltr'><strong>mam</strong></span> <span class='ocrx_word' id='word_1_84' title='bbox 529 1209 544 1257; x_wconf 91' lang='lat'><strong>;</strong></span> <span class='ocrx_word' id='word_1_85' title='bbox 578 1200 671 1245; x_wconf 89' lang='lat' dir='ltr'><strong>aut</strong></span> <span class='ocrx_word' id='word_1_86' title='bbox 704 1192 885 1259; x_wconf 90' lang='lat' dir='ltr'><strong>potius</strong></span> <span class='ocrx_word' id='word_1_87' title='bbox 925 1191 1047 1260; x_wconf 90' lang='lat' dir='ltr'><strong>quia</strong></span> <span class='ocrx_word' id='word_1_88' title='bbox 1091 1189 1296 1246; x_wconf 88' lang='lat' dir='ltr'><strong>invisos</strong></span> <span class='ocrx_word' id='word_1_89' title='bbox 1333 1191 1442 1245; x_wconf 92' lang='lat' dir='ltr'><strong>Deo</strong></span> <span class='ocrx_word' id='word_1_90' title='bbox 1478 1191 1766 1247; x_wconf 88' lang='lat' dir='ltr'><strong>ostendere</strong></span> <span class='ocrx_word' id='word_1_91' title='bbox 1804 1191 1923 1247; x_wconf 91' lang='lat' dir='ltr'><strong>illos</strong></span> 
     </span>
    </p>
   </div>
   <div class='ocr_carea' id='block_1_14' title="bbox 357 1281 1920 1352">
    <p class='ocr_par' dir='ltr' id='par_1_14' title="bbox 357 1281 1920 1352">
     <span class='ocr_line' id='line_1_14' title="bbox 357 1281 1920 1352; baseline 0 -16"><span class='ocrx_word' id='word_1_92' title='bbox 357 1282 559 1346; x_wconf 89' lang='lat' dir='ltr'><strong>voluit,</strong></span> <span class='ocrx_word' id='word_1_93' title='bbox 595 1281 685 1350; x_wconf 93' lang='lat' dir='ltr'><strong>qui</strong></span> <span class='ocrx_word' id='word_1_94' title='bbox 720 1281 907 1351; x_wconf 69' lang='lat' dir='ltr'><strong>prima:</strong></span> <span class='ocrx_word' id='word_1_95' title='bbox 934 1281 1078 1336; x_wconf 89' lang='lat' dir='ltr'><strong>sedis</strong></span> <span class='ocrx_word' id='word_1_96' title='bbox 1130 1282 1391 1337; x_wconf 88' lang='lat' dir='ltr'><strong>honorem</strong></span> <span class='ocrx_word' id='word_1_97' title='bbox 1447 1290 1624 1351; x_wconf 88' lang='lat' dir='ltr'><strong>spreta</strong></span> <span class='ocrx_word' id='word_1_98' title='bbox 1661 1282 1920 1352; x_wconf 78' lang='lat' dir='ltr'><strong>graduum</strong></span> 
     </span>
    </p>
   </div>
   <div class='ocr_carea' id='block_1_15' title="bbox 357 1376 1921 1445">
    <p class='ocr_par' dir='ltr' id='par_1_15' title="bbox 357 1376 1921 1445">
     <span class='ocr_line' id='line_1_15' title="bbox 357 1376 1921 1445; baseline -0.003 -14"><span class='ocrx_word' id='word_1_99' title='bbox 357 1385 412 1431; x_wconf 89' lang='lat' dir='ltr'><strong>et</strong></span> <span class='ocrx_word' id='word_1_100' title='bbox 440 1377 709 1445; x_wconf 66' lang='lat' dir='ltr'><strong>mquitatis</strong></span> <span class='ocrx_word' id='word_1_101' title='bbox 746 1376 957 1430; x_wconf 88' lang='lat' dir='ltr'><strong>ratione</strong></span> <span class='ocrx_word' id='word_1_102' title='bbox 988 1384 1289 1445; x_wconf 88' lang='lat' dir='ltr'><strong>appetunt;</strong></span> <span class='ocrx_word' id='word_1_103' title='bbox 1324 1383 1417 1430; x_wconf 90' lang='lat' dir='ltr'><strong>aut</strong></span> <span class='ocrx_word' id='word_1_104' title='bbox 1445 1376 1609 1430; x_wconf 88' lang='lat' dir='ltr'><strong>etiam</strong></span> <span class='ocrx_word' id='word_1_105' title='bbox 1643 1377 1768 1444; x_wconf 89' lang='lat' dir='ltr'><strong>quia</strong></span> <span class='ocrx_word' id='word_1_106' title='bbox 1799 1390 1921 1428; x_wconf 92' lang='lat' dir='ltr'><strong>mu-</strong></span> 
     </span>
    </p>
   </div>
   <div class='ocr_carea' id='block_1_16' title="bbox 358 1465 1922 1534">
    <p class='ocr_par' dir='ltr' id='par_1_16' title="bbox 358 1465 1922 1534">
     <span class='ocr_line' id='line_1_16' title="bbox 358 1465 1922 1534; baseline 0 -13"><span class='ocrx_word' id='word_1_107' title='bbox 358 1468 458 1523; x_wconf 90' lang='lat' dir='ltr'><strong>lier</strong></span> <span class='ocrx_word' id='word_1_108' title='bbox 484 1468 672 1523; x_wconf 67' lang='lat' dir='ltr'><strong>isthtec</strong></span> <span class='ocrx_word' id='word_1_109' title='bbox 700 1468 883 1521; x_wconf 92' lang='lat' dir='ltr'><strong>animo</strong></span> <span class='ocrx_word' id='word_1_110' title='bbox 909 1467 1046 1521; x_wconf 89' lang='lat' dir='ltr'><strong>clam</strong></span> <span class='ocrx_word' id='word_1_111' title='bbox 1078 1465 1404 1522; x_wconf 69' lang='lat' dir='ltr'><strong>efferebatur</strong></span> <span class='ocrx_word' id='word_1_112' title='bbox 1429 1467 1496 1521; x_wconf 92' lang='lat' dir='ltr'><strong>ob</strong></span> <span class='ocrx_word' id='word_1_113' title='bbox 1525 1466 1755 1520; x_wconf 88' lang='lat' dir='ltr'><strong>ﬁliorum</strong></span> <span class='ocrx_word' id='word_1_114' title='bbox 1784 1481 1922 1534; x_wconf 65' lang='lat' dir='ltr'><strong>prte-</strong></span> 
     </span>
    </p>
   </div>
   <div class='ocr_carea' id='block_1_17' title="bbox 357 1557 1918 1629">
    <p class='ocr_par' dir='ltr' id='par_1_17' title="bbox 357 1557 1918 1629">
     <span class='ocr_line' id='line_1_17' title="bbox 357 1557 1918 1629; baseline -0.003 -14"><span class='ocrx_word' id='word_1_115' title='bbox 357 1560 612 1615; x_wconf 89' lang='lat' dir='ltr'><strong>stantiam</strong></span> <span class='ocrx_word' id='word_1_116' title='bbox 680 1574 744 1615; x_wconf 89' lang='lat' dir='ltr'><strong>ac</strong></span> <span class='ocrx_word' id='word_1_117' title='bbox 776 1558 1234 1628; x_wconf 85' lang='lat' dir='ltr'><strong>pulchritudinem</strong></span> <span class='ocrx_word' id='word_1_118' title='bbox 1259 1602 1273 1625; x_wconf 92' lang='lat'><strong>,</strong></span> <span class='ocrx_word' id='word_1_119' title='bbox 1317 1574 1455 1629; x_wconf 89' lang='lat' dir='ltr'><strong>quos</strong></span> <span class='ocrx_word' id='word_1_120' title='bbox 1487 1573 1606 1613; x_wconf 89' lang='lat' dir='ltr'><strong>cum</strong></span> <span class='ocrx_word' id='word_1_121' title='bbox 1640 1557 1918 1628; x_wconf 91' lang='lat' dir='ltr'><strong>apostolici</strong></span> 
     </span>
    </p>
   </div>
   <div class='ocr_carea' id='block_1_18' title="bbox 358 1648 1922 1722">
    <p class='ocr_par' dir='ltr' id='par_1_18' title="bbox 358 1648 1922 1722">
     <span class='ocr_line' id='line_1_18' title="bbox 358 1648 1922 1722; baseline -0.002 -17"><span class='ocrx_word' id='word_1_122' title='bbox 358 1651 663 1722; x_wconf 88' lang='lat' dir='ltr'><strong>primatus,</strong></span> <span class='ocrx_word' id='word_1_123' title='bbox 717 1660 829 1706; x_wconf 89' lang='lat' dir='ltr'><strong>tum</strong></span> <span class='ocrx_word' id='word_1_124' title='bbox 890 1650 1088 1705; x_wconf 81' lang='lat' dir='ltr'><strong>divinae</strong></span> <span class='ocrx_word' id='word_1_125' title='bbox 1137 1650 1502 1705; x_wconf 88' lang='lat' dir='ltr'><strong>consessionis</strong></span> <span class='ocrx_word' id='word_1_126' title='bbox 1556 1648 1744 1720; x_wconf 73' lang='lat' dir='ltr'><strong>dignos</strong></span> <span class='ocrx_word' id='word_1_127' title='bbox 1800 1662 1922 1703; x_wconf 87' lang='lat' dir='ltr'><strong>esse</strong></span> 
     </span>
    </p>
   </div>
   <div class='ocr_carea' id='block_1_19' title="bbox 356 1741 1922 1798">
    <p class='ocr_par' dir='ltr' id='par_1_19' title="bbox 356 1741 1922 1798">
     <span class='ocr_line' id='line_1_19' title="bbox 356 1741 1922 1798; baseline -0.004 0"><span class='ocrx_word' id='word_1_128' title='bbox 356 1742 741 1798; x_wconf 80' lang='lat' dir='ltr'><strong>existimabat:</strong></span> <span class='ocrx_word' id='word_1_129' title='bbox 780 1756 878 1797; x_wconf 90' lang='lat' dir='ltr'><strong>nec</strong></span> <span class='ocrx_word' id='word_1_130' title='bbox 908 1742 1052 1796; x_wconf 89' lang='lat' dir='ltr'><strong>enim</strong></span> <span class='ocrx_word' id='word_1_131' title='bbox 1084 1757 1206 1796; x_wconf 92' lang='lat' dir='ltr'><strong>eum</strong></span> <span class='ocrx_word' id='word_1_132' title='bbox 1245 1741 1489 1796; x_wconf 84' lang='lat' dir='ltr'><strong>latebant</strong></span> <span class='ocrx_word' id='word_1_133' title='bbox 1537 1749 1749 1795; x_wconf 84' lang='lat' dir='ltr'><strong>secreta</strong></span> <span class='ocrx_word' id='word_1_134' title='bbox 1798 1754 1922 1793; x_wconf 90' lang='lat' dir='ltr'><strong>cor-</strong></span> 
     </span>
    </p>
   </div>
   <div class='ocr_carea' id='block_1_20' title="bbox 358 1800 1994 1902">
    <p class='ocr_par' dir='ltr' id='par_1_20' title="bbox 358 1800 1994 1902">
     <span class='ocr_line' id='line_1_20' title="bbox 358 1800 1994 1902; baseline -0.003 -15"><span class='ocrx_word' id='word_1_135' title='bbox 358 1832 504 1887; x_wconf 91' lang='lat' dir='ltr'><strong>dium</strong></span> <span class='ocrx_word' id='word_1_136' title='bbox 529 1873 544 1898; x_wconf 97' lang='lat'><strong>,</strong></span> <span class='ocrx_word' id='word_1_137' title='bbox 574 1832 730 1902; x_wconf 81' lang='lat' dir='ltr'><strong>juxta</strong></span> <span class='ocrx_word' id='word_1_138' title='bbox 767 1834 818 1888; x_wconf 91' lang='lat' dir='ltr'><strong>id</strong></span> <span class='ocrx_word' id='word_1_139' title='bbox 851 1834 993 1901; x_wconf 92' lang='lat' dir='ltr'><strong>quod</strong></span> <span class='ocrx_word' id='word_1_140' title='bbox 1024 1831 1265 1888; x_wconf 84' lang='lat' dir='ltr'><strong>Joannes</strong></span> <span class='ocrx_word' id='word_1_141' title='bbox 1296 1832 1369 1886; x_wconf 88' lang='lat' dir='ltr'><strong>ait</strong></span> <span class='ocrx_word' id='word_1_142' title='bbox 1401 1850 1414 1886; x_wconf 91' lang='lat'><strong>:</strong></span> <span class='ocrx_word' id='word_1_143' title='bbox 1446 1850 1465 1883; x_wconf 79' lang='grc' dir='ltr'><strong>ι</strong></span> <span class='ocrx_word' id='word_1_144' title='bbox 1502 1831 1617 1901; x_wconf 90' lang='lat' dir='ltr'><strong>Ipse</strong></span> <span class='ocrx_word' id='word_1_145' title='bbox 1646 1847 1773 1886; x_wconf 86' lang='lat' dir='ltr'><strong>vero</strong></span> <span class='ocrx_word' id='word_1_146' title='bbox 1808 1831 1917 1902; x_wconf 85' lang='grc'><strong>(17)</strong></span> <span class='ocrx_word' id='word_1_147' title='bbox 1954 1800 1994 1854; x_wconf 74' lang='grc' dir='ltr'><strong><em>Β</em></strong></span> 
     </span>
    </p>
   </div>
   <div class='ocr_carea' id='block_1_21' title="bbox 358 1922 1921 1995">
    <p class='ocr_par' dir='ltr' id='par_1_21' title="bbox 358 1922 1921 1995">
     <span class='ocr_line' id='line_1_21' title="bbox 358 1922 1921 1995; baseline -0.004 -15"><span class='ocrx_word' id='word_1_148' title='bbox 358 1922 513 1980; x_wconf 69' lang='lat' dir='ltr'><strong>Iesus</strong></span> <span class='ocrx_word' id='word_1_149' title='bbox 543 1939 646 1979; x_wconf 92' lang='lat' dir='ltr'><strong>non</strong></span> <span class='ocrx_word' id='word_1_150' title='bbox 678 1923 932 1979; x_wconf 88' lang='lat' dir='ltr'><strong>credebat</strong></span> <span class='ocrx_word' id='word_1_151' title='bbox 968 1924 1046 1977; x_wconf 87' lang='lat' dir='ltr'><strong>eis</strong></span> <span class='ocrx_word' id='word_1_152' title='bbox 1075 1923 1187 1995; x_wconf 92' lang='lat' dir='ltr'><strong>(l8)</strong></span> <span class='ocrx_word' id='word_1_153' title='bbox 1216 1963 1229 1986; x_wconf 87' lang='lat'><strong>,</strong></span> <span class='ocrx_word' id='word_1_154' title='bbox 1260 1923 1385 1993; x_wconf 88' lang='lat' dir='ltr'><strong>quia</strong></span> <span class='ocrx_word' id='word_1_155' title='bbox 1419 1923 1534 1991; x_wconf 91' lang='lat' dir='ltr'><strong>ipse</strong></span> <span class='ocrx_word' id='word_1_156' title='bbox 1566 1922 1921 1990; x_wconf 76' lang='lat' dir='ltr'><strong>cognoscebat</strong></span> 
     </span>
    </p>
   </div>
   <div class='ocr_carea' id='block_1_22' title="bbox 358 2012 1923 2083">
    <p class='ocr_par' dir='ltr' id='par_1_22' title="bbox 358 2012 1923 2083">
     <span class='ocr_line' id='line_1_22' title="bbox 358 2012 1923 2083; baseline -0.003 -13"><span class='ocrx_word' id='word_1_157' title='bbox 358 2028 545 2070; x_wconf 89' lang='lat' dir='ltr'><strong>omnes</strong></span> <span class='ocrx_word' id='word_1_158' title='bbox 567 2053 584 2079; x_wconf 93' lang='lat'><strong>,</strong></span> <span class='ocrx_word' id='word_1_159' title='bbox 621 2023 675 2068; x_wconf 92' lang='lat' dir='ltr'><strong>et</strong></span> <span class='ocrx_word' id='word_1_160' title='bbox 709 2028 841 2083; x_wconf 90' lang='lat' dir='ltr'><strong>opus</strong></span> <span class='ocrx_word' id='word_1_161' title='bbox 874 2013 923 2067; x_wconf 92' lang='lat' dir='ltr'><strong>ei</strong></span> <span class='ocrx_word' id='word_1_162' title='bbox 962 2028 1067 2067; x_wconf 93' lang='lat' dir='ltr'><strong>non</strong></span> <span class='ocrx_word' id='word_1_163' title='bbox 1102 2021 1219 2067; x_wconf 90' lang='lat' dir='ltr'><strong>erat</strong></span> <span class='ocrx_word' id='word_1_164' title='bbox 1251 2012 1363 2083; x_wconf 87' lang='lat' dir='ltr'><strong>(i9)</strong></span> <span class='ocrx_word' id='word_1_165' title='bbox 1384 2054 1398 2073; x_wconf 85' lang='lat'><em>.</em></span> <span class='ocrx_word' id='word_1_166' title='bbox 1432 2022 1492 2065; x_wconf 89' lang='lat' dir='ltr'><strong>ut</strong></span> <span class='ocrx_word' id='word_1_167' title='bbox 1526 2013 1646 2080; x_wconf 89' lang='lat' dir='ltr'><strong>quis</strong></span> <span class='ocrx_word' id='word_1_168' title='bbox 1682 2012 1923 2066; x_wconf 89' lang='lat' dir='ltr'><strong>testimo-</strong></span> 
     </span>
    </p>
   </div>
   <div class='ocr_carea' id='block_1_23' title="bbox 359 2103 1919 2175">
    <p class='ocr_par' dir='ltr' id='par_1_23' title="bbox 359 2103 1919 2175">
     <span class='ocr_line' id='line_1_23' title="bbox 359 2103 1919 2175; baseline -0.002 -15"><span class='ocrx_word' id='word_1_169' title='bbox 359 2107 505 2160; x_wconf 91' lang='lat' dir='ltr'><strong>nium</strong></span> <span class='ocrx_word' id='word_1_170' title='bbox 535 2105 843 2175; x_wconf 90' lang='lat' dir='ltr'><strong>perhiberet</strong></span> <span class='ocrx_word' id='word_1_171' title='bbox 872 2105 937 2157; x_wconf 90' lang='lat' dir='ltr'><strong>de</strong></span> <span class='ocrx_word' id='word_1_172' title='bbox 980 2104 1243 2158; x_wconf 90' lang='lat' dir='ltr'><strong>homine:</strong></span> <span class='ocrx_word' id='word_1_173' title='bbox 1284 2105 1396 2173; x_wconf 88' lang='lat' dir='ltr'><strong>ipse</strong></span> <span class='ocrx_word' id='word_1_174' title='bbox 1439 2103 1579 2156; x_wconf 89' lang='lat' dir='ltr'><strong>enim</strong></span> <span class='ocrx_word' id='word_1_175' title='bbox 1624 2118 1919 2174; x_wconf 83' lang='lat' dir='ltr'><strong>cognosce-</strong></span> 
     </span>
    </p>
   </div>
   <div class='ocr_carea' id='block_1_24' title="bbox 358 2194 1921 2266">
    <p class='ocr_par' dir='ltr' id='par_1_24' title="bbox 358 2194 1921 2266">
     <span class='ocr_line' id='line_1_24' title="bbox 358 2194 1921 2266; baseline -0.003 -14"><span class='ocrx_word' id='word_1_176' title='bbox 358 2200 450 2253; x_wconf 89' lang='lat' dir='ltr'><strong>bat</strong></span> <span class='ocrx_word' id='word_1_177' title='bbox 473 2238 489 2263; x_wconf 89' lang='lat'><strong>,</strong></span> <span class='ocrx_word' id='word_1_178' title='bbox 520 2196 647 2266; x_wconf 90' lang='lat' dir='ltr'><strong>quid</strong></span> <span class='ocrx_word' id='word_1_179' title='bbox 684 2206 827 2251; x_wconf 87' lang='lat' dir='ltr'><strong>esset</strong></span> <span class='ocrx_word' id='word_1_180' title='bbox 858 2195 910 2249; x_wconf 92' lang='lat' dir='ltr'><strong>in</strong></span> <span class='ocrx_word' id='word_1_181' title='bbox 944 2195 1179 2250; x_wconf 87' lang='lat' dir='ltr'><strong>homine.</strong></span> <span class='ocrx_word' id='word_1_182' title='bbox 1208 2213 1225 2245; x_wconf 75' lang='grc' dir='ltr'><strong>ι</strong></span> <span class='ocrx_word' id='word_1_183' title='bbox 1253 2194 1367 2248; x_wconf 85' lang='lat' dir='ltr'><strong>Jam</strong></span> <span class='ocrx_word' id='word_1_184' title='bbox 1400 2210 1529 2251; x_wconf 90' lang='lat' dir='ltr'><strong>vero</strong></span> <span class='ocrx_word' id='word_1_185' title='bbox 1558 2194 1680 2250; x_wconf 91' lang='lat' dir='ltr'><strong>audi</strong></span> <span class='ocrx_word' id='word_1_186' title='bbox 1709 2210 1769 2249; x_wconf 91' lang='lat' dir='ltr'><strong>ea</strong></span> <span class='ocrx_word' id='word_1_187' title='bbox 1802 2209 1921 2264; x_wconf 74' lang='lat' dir='ltr'><strong>quae</strong></span> 
     </span>
    </p>
   </div>
   <div class='ocr_carea' id='block_1_25' title="bbox 357 2286 1921 2357">
    <p class='ocr_par' dir='ltr' id='par_1_25' title="bbox 357 2286 1921 2357">
     <span class='ocr_line' id='line_1_25' title="bbox 357 2286 1921 2357; baseline -0.002 -14"><span class='ocrx_word' id='word_1_188' title='bbox 357 2294 679 2357; x_wconf 88' lang='lat' dir='ltr'><strong>sequuntur,</strong></span> <span class='ocrx_word' id='word_1_189' title='bbox 711 2301 905 2355; x_wconf 89' lang='lat' dir='ltr'><strong>meque</strong></span> <span class='ocrx_word' id='word_1_190' title='bbox 947 2287 999 2340; x_wconf 95' lang='lat' dir='ltr'><strong>in</strong></span> <span class='ocrx_word' id='word_1_191' title='bbox 1051 2286 1168 2356; x_wconf 84' lang='lat' dir='ltr'><strong>ejus</strong></span> <span class='ocrx_word' id='word_1_192' title='bbox 1212 2286 1313 2340; x_wconf 90' lang='lat' dir='ltr'><strong>loci</strong></span> <span class='ocrx_word' id='word_1_193' title='bbox 1350 2286 1794 2355; x_wconf 85' lang='lat' dir='ltr'><strong>interpretatione</strong></span> <span class='ocrx_word' id='word_1_194' title='bbox 1827 2286 1921 2340; x_wconf 89' lang='lat' dir='ltr'><strong>de-</strong></span> 
     </span>
    </p>
   </div>
   <div class='ocr_carea' id='block_1_26' title="bbox 358 2376 1918 2450">
    <p class='ocr_par' dir='ltr' id='par_1_26' title="bbox 358 2376 1918 2450">
     <span class='ocr_line' id='line_1_26' title="bbox 358 2376 1918 2450; baseline -0.003 -15"><span class='ocrx_word' id='word_1_195' title='bbox 358 2388 573 2450; x_wconf 84' lang='lat' dir='ltr'><strong>ceptum</strong></span> <span class='ocrx_word' id='word_1_196' title='bbox 607 2394 710 2433; x_wconf 93' lang='lat' dir='ltr'><strong>non</strong></span> <span class='ocrx_word' id='word_1_197' title='bbox 739 2393 857 2432; x_wconf 89' lang='lat' dir='ltr'><strong>esse</strong></span> <span class='ocrx_word' id='word_1_198' title='bbox 885 2377 976 2433; x_wconf 87' lang='lat' dir='ltr'><strong>tibi</strong></span> <span class='ocrx_word' id='word_1_199' title='bbox 1014 2379 1359 2446; x_wconf 89' lang='lat' dir='ltr'><strong>persuadeas.</strong></span> <span class='ocrx_word' id='word_1_200' title='bbox 1391 2376 1583 2432; x_wconf 85' lang='lat' dir='ltr'><strong>Statim</strong></span> <span class='ocrx_word' id='word_1_201' title='bbox 1618 2377 1759 2432; x_wconf 88' lang='lat' dir='ltr'><strong>enim</strong></span> <span class='ocrx_word' id='word_1_202' title='bbox 1787 2376 1918 2431; x_wconf 85' lang='lat' dir='ltr'><strong>sub-</strong></span> 
     </span>
    </p>
   </div>
   <div class='ocr_carea' id='block_1_27' title="bbox 359 2466 1919 2541">
    <p class='ocr_par' dir='ltr' id='par_1_27' title="bbox 359 2466 1919 2541">
     <span class='ocr_line' id='line_1_27' title="bbox 359 2466 1919 2541; baseline -0.002 -18"><span class='ocrx_word' id='word_1_203' title='bbox 359 2469 531 2541; x_wconf 76' lang='lat' dir='ltr'><strong>iungit</strong></span> <span class='ocrx_word' id='word_1_204' title='bbox 577 2468 879 2533; x_wconf 72' lang='lat' dir='ltr'><strong>Matthteus,</strong></span> <span class='ocrx_word' id='word_1_205' title='bbox 912 2487 928 2516; x_wconf 73' lang='grc' dir='ltr'>ε</span> <span class='ocrx_word' id='word_1_206' title='bbox 958 2466 1088 2522; x_wconf 91' lang='lat' dir='ltr'><strong>Cum</strong></span> <span class='ocrx_word' id='word_1_207' title='bbox 1132 2467 1254 2521; x_wconf 91' lang='lat' dir='ltr'><strong>irati</strong></span> <span class='ocrx_word' id='word_1_208' title='bbox 1293 2476 1473 2521; x_wconf 90' lang='lat' dir='ltr'><strong>essent</strong></span> <span class='ocrx_word' id='word_1_209' title='bbox 1498 2466 1610 2539; x_wconf 86' lang='grc'><strong>(20)</strong></span> <span class='ocrx_word' id='word_1_210' title='bbox 1643 2486 1661 2519; x_wconf 77' lang='grc' dir='ltr'><strong>ι</strong></span> <span class='ocrx_word' id='word_1_211' title='bbox 1716 2467 1919 2522; x_wconf 82' lang='lat' dir='ltr'><strong>duode-</strong></span> 
     </span>
    </p>
   </div>
   <div class='ocr_carea' id='block_1_28' title="bbox 359 2557 1923 2631">
    <p class='ocr_par' dir='ltr' id='par_1_28' title="bbox 359 2557 1923 2631">
     <span class='ocr_line' id='line_1_28' title="bbox 359 2557 1923 2631; baseline -0.003 -15"><span class='ocrx_word' id='word_1_212' title='bbox 359 2562 463 2616; x_wconf 80' lang='lat' dir='ltr'><strong>cim</strong></span> <span class='ocrx_word' id='word_1_213' title='bbox 499 2560 612 2631; x_wconf 88' lang='grc'><strong>(21)</strong></span> <span class='ocrx_word' id='word_1_214' title='bbox 653 2580 671 2611; x_wconf 86' lang='grc'><em>‹</em></span> <span class='ocrx_word' id='word_1_215' title='bbox 706 2561 774 2613; x_wconf 84' lang='grc'><strong>01)</strong></span> <span class='ocrx_word' id='word_1_216' title='bbox 807 2561 940 2613; x_wconf 86' lang='lat' dir='ltr'><strong>duos</strong></span> <span class='ocrx_word' id='word_1_217' title='bbox 980 2558 1143 2613; x_wconf 87' lang='lat' dir='ltr'><strong>hosce</strong></span> <span class='ocrx_word' id='word_1_218' title='bbox 1188 2558 1387 2613; x_wconf 78' lang='lat' dir='ltr'><strong>fratres</strong></span> <span class='ocrx_word' id='word_1_219' title='bbox 1412 2597 1427 2624; x_wconf 89' lang='lat'><strong>,</strong></span> <span class='ocrx_word' id='word_1_220' title='bbox 1453 2577 1471 2610; x_wconf 78' lang='grc' dir='ltr'><strong>ι</strong></span> <span class='ocrx_word' id='word_1_221' title='bbox 1499 2558 1699 2613; x_wconf 81' lang='lat' dir='ltr'><strong>dixisse</strong></span> <span class='ocrx_word' id='word_1_222' title='bbox 1739 2557 1923 2612; x_wconf 89' lang='lat' dir='ltr'><strong>Domi-</strong></span> 
     </span>
    </p>
   </div>
   <div class='ocr_carea' id='block_1_29' title="bbox 361 2647 1925 2719">
    <p class='ocr_par' dir='ltr' id='par_1_29' title="bbox 361 2647 1925 2719">
     <span class='ocr_line' id='line_1_29' title="bbox 361 2647 1925 2719; baseline -0.003 -14"><span class='ocrx_word' id='word_1_223' title='bbox 361 2665 489 2705; x_wconf 88' lang='lat' dir='ltr'><strong>num</strong></span> <span class='ocrx_word' id='word_1_224' title='bbox 522 2667 536 2704; x_wconf 76' lang='grc' dir='ltr'><strong>ε</strong></span> <span class='ocrx_word' id='word_1_225' title='bbox 572 2649 671 2703; x_wconf 70' lang='lat' dir='ltr'><strong>«In</strong></span> <span class='ocrx_word' id='word_1_226' title='bbox 702 2650 853 2703; x_wconf 89' lang='lat' dir='ltr'><strong>vobis</strong></span> <span class='ocrx_word' id='word_1_227' title='bbox 900 2647 1012 2719; x_wconf 84' lang='grc'><strong>(22)</strong></span> <span class='ocrx_word' id='word_1_228' title='bbox 1066 2649 1373 2718; x_wconf 88' lang='lat' dir='ltr'><strong>quicunque</strong></span> <span class='ocrx_word' id='word_1_229' title='bbox 1422 2647 1653 2719; x_wconf 80' lang='lat' dir='ltr'><strong>voluerit</strong></span> <span class='ocrx_word' id='word_1_230' title='bbox 1700 2662 1925 2717; x_wconf 79' lang='lat' dir='ltr'><strong>magnus</strong></span> 
     </span>
    </p>
   </div>
   <div class='ocr_carea' id='block_1_30' title="bbox 360 2738 1926 2809">
    <p class='ocr_par' dir='ltr' id='par_1_30' title="bbox 360 2738 1926 2809">
     <span class='ocr_line' id='line_1_30' title="bbox 360 2738 1926 2809; baseline -0.002 -13"><span class='ocrx_word' id='word_1_231' title='bbox 360 2755 482 2796; x_wconf 89' lang='lat' dir='ltr'><strong>esse</strong></span> <span class='ocrx_word' id='word_1_232' title='bbox 503 2781 519 2806; x_wconf 93' lang='lat'><strong>,</strong></span> <span class='ocrx_word' id='word_1_233' title='bbox 545 2740 647 2796; x_wconf 92' lang='lat' dir='ltr'><strong>erit</strong></span> <span class='ocrx_word' id='word_1_234' title='bbox 677 2739 789 2809; x_wconf 83' lang='grc'><strong>(25)</strong></span> <span class='ocrx_word' id='word_1_235' title='bbox 818 2750 998 2795; x_wconf 81' lang='lat' dir='ltr'><strong>vester</strong></span> <span class='ocrx_word' id='word_1_236' title='bbox 1024 2739 1292 2803; x_wconf 87' lang='lat' dir='ltr'><strong>minister,</strong></span> <span class='ocrx_word' id='word_1_237' title='bbox 1320 2748 1373 2791; x_wconf 90' lang='lat' dir='ltr'><strong>et</strong></span> <span class='ocrx_word' id='word_1_238' title='bbox 1400 2738 1707 2807; x_wconf 88' lang='lat' dir='ltr'><strong>quicunque</strong></span> <span class='ocrx_word' id='word_1_239' title='bbox 1735 2738 1926 2793; x_wconf 87' lang='lat' dir='ltr'><strong>volue-</strong></span> 
     </span>
    </p>
   </div>
   <div class='ocr_carea' id='block_1_31' title="bbox 360 2828 1926 2901">
    <p class='ocr_par' dir='ltr' id='par_1_31' title="bbox 360 2828 1926 2901">
     <span class='ocr_line' id='line_1_31' title="bbox 360 2828 1926 2901; baseline -0.003 -14"><span class='ocrx_word' id='word_1_240' title='bbox 360 2832 431 2887; x_wconf 85' lang='lat' dir='ltr'><strong>rit</strong></span> <span class='ocrx_word' id='word_1_241' title='bbox 459 2846 579 2887; x_wconf 90' lang='lat' dir='ltr'><strong>esse</strong></span> <span class='ocrx_word' id='word_1_242' title='bbox 606 2831 829 2901; x_wconf 88' lang='lat' dir='ltr'><strong>primus,</strong></span> <span class='ocrx_word' id='word_1_243' title='bbox 869 2830 974 2885; x_wconf 90' lang='lat' dir='ltr'><strong>erit</strong></span> <span class='ocrx_word' id='word_1_244' title='bbox 1002 2828 1112 2901; x_wconf 78' lang='grc'><strong>(24)</strong></span> <span class='ocrx_word' id='word_1_245' title='bbox 1150 2838 1325 2884; x_wconf 87' lang='lat' dir='ltr'><strong>vester</strong></span> <span class='ocrx_word' id='word_1_246' title='bbox 1366 2844 1571 2883; x_wconf 82' lang='lat' dir='ltr'><strong>servus.</strong></span> <span class='ocrx_word' id='word_1_247' title='bbox 1604 2846 1622 2879; x_wconf 80' lang='grc' dir='ltr'><strong>ι</strong></span> <span class='ocrx_word' id='word_1_248' title='bbox 1647 2828 1926 2895; x_wconf 87' lang='lat' dir='ltr'><strong>Quomodo</strong></span> 
     </span>
    </p>
   </div>
   <div class='ocr_carea' id='block_1_32' title="bbox 362 2918 1924 2992">
    <p class='ocr_par' dir='ltr' id='par_1_32' title="bbox 362 2918 1924 2992">
     <span class='ocr_line' id='line_1_32' title="bbox 362 2918 1924 2992; baseline -0.003 -15"><span class='ocrx_word' id='word_1_249' title='bbox 362 2932 540 2977; x_wconf 83' lang='lat' dir='ltr'><strong>autem</strong></span> <span class='ocrx_word' id='word_1_250' title='bbox 564 2924 700 2991; x_wconf 90' lang='lat' dir='ltr'><strong>apud</strong></span> <span class='ocrx_word' id='word_1_251' title='bbox 715 2920 909 2975; x_wconf 88' lang='lat' dir='ltr'><strong>Lucam</strong></span> <span class='ocrx_word' id='word_1_252' title='bbox 927 2921 1039 2992; x_wconf 88' lang='grc'><strong>(25)</strong></span> <span class='ocrx_word' id='word_1_253' title='bbox 1057 2935 1271 2990; x_wconf 90' lang='lat' dir='ltr'><strong>quoque</strong></span> <span class='ocrx_word' id='word_1_254' title='bbox 1285 2921 1472 2988; x_wconf 68' lang='lat' dir='ltr'><strong>prima:</strong></span> <span class='ocrx_word' id='word_1_255' title='bbox 1496 2920 1638 2974; x_wconf 87' lang='lat' dir='ltr'><strong>sedis</strong></span> <span class='ocrx_word' id='word_1_256' title='bbox 1684 2934 1747 2973; x_wconf 93' lang='lat' dir='ltr'><strong>ac</strong></span> <span class='ocrx_word' id='word_1_257' title='bbox 1768 2918 1924 2988; x_wconf 87' lang='lat' dir='ltr'><strong>primi</strong></span> 
     </span>
    </p>
   </div>
   <div class='ocr_carea' id='block_1_33' title="bbox 362 3009 1924 3081">
    <p class='ocr_par' dir='ltr' id='par_1_33' title="bbox 362 3009 1924 3081">
     <span class='ocr_line' id='line_1_33' title="bbox 362 3009 1924 3081; baseline -0.002 -15"><span class='ocrx_word' id='word_1_258' title='bbox 362 3011 643 3067; x_wconf 88' lang='lat' dir='ltr'><strong>accubitus</strong></span> <span class='ocrx_word' id='word_1_259' title='bbox 670 3013 927 3067; x_wconf 91' lang='lat' dir='ltr'><strong>honorem</strong></span> <span class='ocrx_word' id='word_1_260' title='bbox 954 3010 1022 3066; x_wconf 91' lang='lat' dir='ltr'><strong>de</strong></span> <span class='ocrx_word' id='word_1_261' title='bbox 1046 3010 1305 3065; x_wconf 87' lang='lat' dir='ltr'><strong>industria</strong></span> <span class='ocrx_word' id='word_1_262' title='bbox 1334 3009 1620 3081; x_wconf 72' lang='lat' dir='ltr'><strong>quaesitum</strong></span> <span class='ocrx_word' id='word_1_263' title='bbox 1649 3009 1924 3078; x_wconf 85' lang='lat' dir='ltr'><strong>impediat,</strong></span> 
     </span>
    </p>
   </div>
   <div class='ocr_carea' id='block_1_34' title="bbox 361 3098 1993 3196">
    <p class='ocr_par' dir='ltr' id='par_1_34' title="bbox 361 3098 1993 3196">
     <span class='ocr_line' id='line_1_34' title="bbox 361 3098 1993 3196; baseline -0.002 -40"><span class='ocrx_word' id='word_1_264' title='bbox 361 3102 687 3196; x_wconf 73' lang='lat' dir='ltr'><strong>audivimus.</strong></span> <span class='ocrx_word' id='word_1_265' title='bbox 732 3101 841 3157; x_wconf 82' lang='lat' dir='ltr'><strong>Nec</strong></span> <span class='ocrx_word' id='word_1_266' title='bbox 885 3102 1032 3196; x_wconf 80' lang='lat' dir='ltr'><strong>enim</strong></span> <span class='ocrx_word' id='word_1_267' title='bbox 1056 3111 1195 3196; x_wconf 61' lang='lat' dir='ltr'><strong>erat</strong></span> <span class='ocrx_word' id='word_1_268' title='bbox 1237 3100 1369 3196; x_wconf 79' lang='lat' dir='ltr'><strong>justi</strong></span> <span class='ocrx_word' id='word_1_269' title='bbox 1416 3099 1545 3196; x_wconf 76' lang='lat' dir='ltr'><strong>Dei,</strong></span> <span class='ocrx_word' id='word_1_270' title='bbox 1578 3099 1668 3169; x_wconf 88' lang='lat' dir='ltr'><strong>qui</strong></span> <span class='ocrx_word' id='word_1_271' title='bbox 1705 3098 1923 3196; x_wconf 39' lang='lat' dir='ltr'><strong>praemia</strong></span> <span class='ocrx_word' id='word_1_272' title='bbox 1953 3139 1993 3196; x_wconf 64' lang='grc' dir='ltr'>ο</span> 
     </span>
    </p>
   </div>
   <div class='ocr_carea' id='block_1_35' title="bbox 361 3189 1925 3259">
    <p class='ocr_par' dir='ltr' id='par_1_35' title="bbox 361 3189 1925 3259">
     <span class='ocr_line' id='line_1_35' title="bbox 361 3189 1925 3259; baseline -0.001 -13"><span class='ocrx_word' id='word_1_273' title='bbox 361 3191 417 3246; x_wconf 84' lang='lat' dir='ltr'><strong>in</strong></span> <span class='ocrx_word' id='word_1_274' title='bbox 454 3190 635 3246; x_wconf 85' lang='lat' dir='ltr'><strong>futura</strong></span> <span class='ocrx_word' id='word_1_275' title='bbox 665 3192 776 3246; x_wconf 88' lang='lat' dir='ltr'><strong>vita</strong></span> <span class='ocrx_word' id='word_1_276' title='bbox 806 3190 1026 3247; x_wconf 86' lang='lat' dir='ltr'><strong>cuilibet</strong></span> <span class='ocrx_word' id='word_1_277' title='bbox 1051 3189 1202 3259; x_wconf 82' lang='lat' dir='ltr'><strong>juxta</strong></span> <span class='ocrx_word' id='word_1_278' title='bbox 1234 3190 1658 3259; x_wconf 84' lang='lat' dir='ltr'><strong>uniuscujusque</strong></span> <span class='ocrx_word' id='word_1_279' title='bbox 1685 3189 1925 3244; x_wconf 91' lang='lat' dir='ltr'><strong>actiones</strong></span> 
     </span>
    </p>
   </div>
   <div class='ocr_carea' id='block_1_36' title="bbox 359 3279 1922 3352">
    <p class='ocr_par' dir='ltr' id='par_1_36' title="bbox 359 3279 1922 3352">
     <span class='ocr_line' id='line_1_36' title="bbox 359 3279 1922 3352; baseline -0.002 -16"><span class='ocrx_word' id='word_1_280' title='bbox 359 3289 661 3352; x_wconf 65' lang='lat' dir='ltr'><strong>praeparat,</strong></span> <span class='ocrx_word' id='word_1_281' title='bbox 690 3281 871 3352; x_wconf 75' lang='lat' dir='ltr'><strong>largiri</strong></span> <span class='ocrx_word' id='word_1_282' title='bbox 900 3282 1150 3351; x_wconf 90' lang='lat' dir='ltr'><strong>cuiquam</strong></span> <span class='ocrx_word' id='word_1_283' title='bbox 1175 3282 1313 3352; x_wconf 88' lang='lat' dir='ltr'><strong>quod</strong></span> <span class='ocrx_word' id='word_1_284' title='bbox 1343 3279 1538 3349; x_wconf 86' lang='lat' dir='ltr'><strong>injuste</strong></span> <span class='ocrx_word' id='word_1_285' title='bbox 1580 3290 1636 3336; x_wconf 89' lang='lat' dir='ltr'><strong>et</strong></span> <span class='ocrx_word' id='word_1_286' title='bbox 1662 3295 1922 3349; x_wconf 79' lang='lat' dir='ltr'><strong>arrogan-</strong></span> 
     </span>
    </p>
   </div>
   <div class='ocr_carea' id='block_1_37' title="bbox 364 3372 1924 3442">
    <p class='ocr_par' dir='ltr' id='par_1_37' title="bbox 364 3372 1924 3442">
     <span class='ocr_line' id='line_1_37' title="bbox 364 3372 1924 3442; baseline -0.002 -14"><span class='ocrx_word' id='word_1_287' title='bbox 364 3382 446 3428; x_wconf 89' lang='lat' dir='ltr'><strong>ter</strong></span> <span class='ocrx_word' id='word_1_288' title='bbox 487 3374 792 3442; x_wconf 86' lang='lat' dir='ltr'><strong>petebatur,</strong></span> <span class='ocrx_word' id='word_1_289' title='bbox 826 3383 877 3428; x_wconf 91' lang='lat' dir='ltr'><strong>et</strong></span> <span class='ocrx_word' id='word_1_290' title='bbox 931 3373 1132 3441; x_wconf 89' lang='lat' dir='ltr'><strong>primos</strong></span> <span class='ocrx_word' id='word_1_291' title='bbox 1171 3374 1223 3427; x_wconf 92' lang='lat' dir='ltr'><strong>in</strong></span> <span class='ocrx_word' id='word_1_292' title='bbox 1277 3373 1528 3428; x_wconf 89' lang='lat' dir='ltr'><strong>secundis</strong></span> <span class='ocrx_word' id='word_1_293' title='bbox 1556 3372 1780 3428; x_wconf 86' lang='lat' dir='ltr'><strong>sedibus</strong></span> <span class='ocrx_word' id='word_1_294' title='bbox 1810 3372 1924 3426; x_wconf 79' lang='lat' dir='ltr'><strong>col-</strong></span> 
     </span>
    </p>
   </div>
   <div class='ocr_carea' id='block_1_38' title="bbox 360 3462 1924 3536">
    <p class='ocr_par' dir='ltr' id='par_1_38' title="bbox 360 3462 1924 3536">
     <span class='ocr_line' id='line_1_38' title="bbox 360 3462 1924 3536; baseline 0 -19"><span class='ocrx_word' id='word_1_295' title='bbox 360 3462 545 3519; x_wconf 85' lang='lat' dir='ltr'><strong>locare</strong></span> <span class='ocrx_word' id='word_1_296' title='bbox 576 3462 692 3536; x_wconf 84' lang='grc'><strong>(26)</strong></span> <span class='ocrx_word' id='word_1_297' title='bbox 721 3504 737 3529; x_wconf 88' lang='grc'><strong>,</strong></span> <span class='ocrx_word' id='word_1_298' title='bbox 767 3473 823 3518; x_wconf 91' lang='lat' dir='ltr'><strong>et</strong></span> <span class='ocrx_word' id='word_1_299' title='bbox 854 3465 1128 3535; x_wconf 87' lang='lat' dir='ltr'><strong>apostolos</strong></span> <span class='ocrx_word' id='word_1_300' title='bbox 1157 3464 1480 3519; x_wconf 88' lang='lat' dir='ltr'><strong>contristare</strong></span> <span class='ocrx_word' id='word_1_301' title='bbox 1499 3505 1514 3529; x_wconf 92' lang='lat'><strong>,</strong></span> <span class='ocrx_word' id='word_1_302' title='bbox 1546 3464 1636 3533; x_wconf 92' lang='lat' dir='ltr'><strong>qui</strong></span> <span class='ocrx_word' id='word_1_303' title='bbox 1668 3473 1924 3518; x_wconf 86' lang='lat' dir='ltr'><strong>constan-</strong></span> 
     </span>
    </p>
   </div>
   <div class='ocr_carea' id='block_1_39' title="bbox 360 3555 1925 3626">
    <p class='ocr_par' dir='ltr' id='par_1_39' title="bbox 360 3555 1925 3626">
     <span class='ocr_line' id='line_1_39' title="bbox 360 3555 1925 3626; baseline -0.001 -16"><span class='ocrx_word' id='word_1_304' title='bbox 360 3566 448 3610; x_wconf 88' lang='lat' dir='ltr'><strong>ter</strong></span> <span class='ocrx_word' id='word_1_305' title='bbox 478 3555 527 3612; x_wconf 91' lang='lat' dir='ltr'><strong>ei</strong></span> <span class='ocrx_word' id='word_1_306' title='bbox 553 3555 740 3611; x_wconf 87' lang='lat' dir='ltr'><strong>ﬁdeles</strong></span> <span class='ocrx_word' id='word_1_307' title='bbox 786 3555 1032 3619; x_wconf 81' lang='lat' dir='ltr'><strong>fuerant,</strong></span> <span class='ocrx_word' id='word_1_308' title='bbox 1076 3572 1247 3626; x_wconf 87' lang='lat' dir='ltr'><strong>neque</strong></span> <span class='ocrx_word' id='word_1_309' title='bbox 1301 3556 1660 3626; x_wconf 86' lang='lat' dir='ltr'><strong>principatum</strong></span> <span class='ocrx_word' id='word_1_310' title='bbox 1703 3563 1925 3623; x_wconf 84' lang='lat' dir='ltr'><strong>optave-</strong></span> 
     </span>
    </p>
   </div>
   <div class='ocr_carea' id='block_1_40' title="bbox 362 3643 1925 3715">
    <p class='ocr_par' dir='ltr' id='par_1_40' title="bbox 362 3643 1925 3715">
     <span class='ocr_line' id='line_1_40' title="bbox 362 3643 1925 3715; baseline -0.002 -16"><span class='ocrx_word' id='word_1_311' title='bbox 362 3655 517 3711; x_wconf 84' lang='lat' dir='ltr'><strong>rant,</strong></span> <span class='ocrx_word' id='word_1_312' title='bbox 565 3654 621 3701; x_wconf 92' lang='lat' dir='ltr'><strong>et</strong></span> <span class='ocrx_word' id='word_1_313' title='bbox 658 3660 767 3701; x_wconf 90' lang='lat' dir='ltr'><strong>una</strong></span> <span class='ocrx_word' id='word_1_314' title='bbox 819 3661 941 3700; x_wconf 93' lang='lat' dir='ltr'><strong>cum</strong></span> <span class='ocrx_word' id='word_1_315' title='bbox 980 3646 1113 3715; x_wconf 73' lang='lat' dir='ltr'><strong>ipsis</strong></span> <span class='ocrx_word' id='word_1_316' title='bbox 1161 3654 1344 3715; x_wconf 88' lang='lat' dir='ltr'><strong>patres</strong></span> <span class='ocrx_word' id='word_1_317' title='bbox 1372 3645 1533 3698; x_wconf 89' lang='lat' dir='ltr'><strong>etiam</strong></span> <span class='ocrx_word' id='word_1_318' title='bbox 1562 3654 1778 3698; x_wconf 87' lang='lat' dir='ltr'><strong>nostros</strong></span> <span class='ocrx_word' id='word_1_319' title='bbox 1809 3643 1925 3715; x_wconf 86' lang='grc'><strong>(27)</strong></span> 
     </span>
    </p>
   </div>
   <div class='ocr_carea' id='block_1_41' title="bbox 361 3735 1927 3809">
    <p class='ocr_par' dir='ltr' id='par_1_41' title="bbox 361 3735 1927 3809">
     <span class='ocr_line' id='line_1_41' title="bbox 361 3735 1927 3809; baseline -0.003 -17"><span class='ocrx_word' id='word_1_320' title='bbox 361 3738 715 3804; x_wconf 86' lang='lat' dir='ltr'><strong>contristare,</strong></span> <span class='ocrx_word' id='word_1_321' title='bbox 743 3737 835 3809; x_wconf 89' lang='lat' dir='ltr'><strong>qui</strong></span> <span class='ocrx_word' id='word_1_322' title='bbox 870 3738 920 3793; x_wconf 90' lang='lat' dir='ltr'><strong>ei</strong></span> <span class='ocrx_word' id='word_1_323' title='bbox 951 3748 1110 3795; x_wconf 90' lang='lat' dir='ltr'><strong>antea</strong></span> <span class='ocrx_word' id='word_1_324' title='bbox 1157 3738 1509 3807; x_wconf 86' lang='lat' dir='ltr'><strong>placuerant,</strong></span> <span class='ocrx_word' id='word_1_325' title='bbox 1550 3746 1606 3790; x_wconf 90' lang='lat' dir='ltr'><strong>et</strong></span> <span class='ocrx_word' id='word_1_326' title='bbox 1635 3735 1706 3790; x_wconf 89' lang='lat' dir='ltr'><strong>ob</strong></span> <span class='ocrx_word' id='word_1_327' title='bbox 1756 3735 1927 3792; x_wconf 79' lang='lat' dir='ltr'><strong>virtu-</strong></span> 
     </span>
    </p>
   </div>
   <div class='ocr_carea' id='block_1_42' title="bbox 364 3827 1922 3900">
    <p class='ocr_par' dir='ltr' id='par_1_42' title="bbox 364 3827 1922 3900">
     <span class='ocr_line' id='line_1_42' title="bbox 364 3827 1922 3900; baseline -0.003 -15"><span class='ocrx_word' id='word_1_328' title='bbox 364 3838 472 3885; x_wconf 91' lang='lat' dir='ltr'><strong>tem</strong></span> <span class='ocrx_word' id='word_1_329' title='bbox 506 3830 806 3886; x_wconf 88' lang='lat' dir='ltr'><strong>admirandi</strong></span> <span class='ocrx_word' id='word_1_330' title='bbox 840 3830 1091 3897; x_wconf 88' lang='lat' dir='ltr'><strong>fuerant,</strong></span> <span class='ocrx_word' id='word_1_331' title='bbox 1127 3830 1444 3900; x_wconf 88' lang='lat' dir='ltr'><strong>quibuscum</strong></span> <span class='ocrx_word' id='word_1_332' title='bbox 1475 3827 1651 3883; x_wconf 63' lang='lat' dir='ltr'><strong>foedus</strong></span> <span class='ocrx_word' id='word_1_333' title='bbox 1680 3827 1922 3892; x_wconf 89' lang='lat' dir='ltr'><strong>inierat,</strong></span> 
     </span>
    </p>
   </div>
   <div class='ocr_carea' id='block_1_43' title="bbox 361 3918 1923 3992">
    <p class='ocr_par' dir='ltr' id='par_1_43' title="bbox 361 3918 1923 3992">
     <span class='ocr_line' id='line_1_43' title="bbox 361 3918 1923 3992; baseline -0.002 -16"><span class='ocrx_word' id='word_1_334' title='bbox 361 3928 419 3976; x_wconf 91' lang='lat' dir='ltr'><strong>et</strong></span> <span class='ocrx_word' id='word_1_335' title='bbox 444 3920 638 3990; x_wconf 83' lang='lat' dir='ltr'><strong>quibus</strong></span> <span class='ocrx_word' id='word_1_336' title='bbox 662 3920 868 3992; x_wconf 89' lang='lat' dir='ltr'><strong>primas</strong></span> <span class='ocrx_word' id='word_1_337' title='bbox 889 3936 957 3977; x_wconf 77' lang='lat' dir='ltr'><strong>ex</strong></span> <span class='ocrx_word' id='word_1_338' title='bbox 985 3929 1214 3990; x_wconf 89' lang='lat' dir='ltr'><strong>utroque</strong></span> <span class='ocrx_word' id='word_1_339' title='bbox 1241 3920 1358 3990; x_wconf 89' lang='lat' dir='ltr'><strong>ejus</strong></span> <span class='ocrx_word' id='word_1_340' title='bbox 1384 3919 1553 3975; x_wconf 88' lang='lat' dir='ltr'><strong>latere</strong></span> <span class='ocrx_word' id='word_1_341' title='bbox 1578 3918 1735 3974; x_wconf 88' lang='lat' dir='ltr'><strong>sedes</strong></span> <span class='ocrx_word' id='word_1_342' title='bbox 1763 3927 1923 3973; x_wconf 89' lang='lat' dir='ltr'><strong>antea</strong></span> 
     </span>
    </p>
   </div>
   <div class='ocr_carea' id='block_1_44' title="bbox 363 4012 1924 4081">
    <p class='ocr_par' dir='ltr' id='par_1_44' title="bbox 363 4012 1924 4081">
     <span class='ocr_line' id='line_1_44' title="bbox 363 4012 1924 4081; baseline -0.003 -13"><span class='ocrx_word' id='word_1_343' title='bbox 363 4013 663 4081; x_wconf 82' lang='lat' dir='ltr'><strong>promissas</strong></span> <span class='ocrx_word' id='word_1_344' title='bbox 692 4012 859 4069; x_wconf 89' lang='lat' dir='ltr'><strong>fuisse</strong></span> <span class='ocrx_word' id='word_1_345' title='bbox 886 4014 1108 4069; x_wconf 92' lang='lat' dir='ltr'><strong>omnino</strong></span> <span class='ocrx_word' id='word_1_346' title='bbox 1136 4012 1431 4068; x_wconf 86' lang='lat' dir='ltr'><strong>verisimile</strong></span> <span class='ocrx_word' id='word_1_347' title='bbox 1455 4019 1574 4076; x_wconf 86' lang='lat' dir='ltr'><strong>est,</strong></span> <span class='ocrx_word' id='word_1_348' title='bbox 1605 4012 1659 4066; x_wconf 89' lang='lat' dir='ltr'><strong>in</strong></span> <span class='ocrx_word' id='word_1_349' title='bbox 1692 4025 1924 4080; x_wconf 88' lang='lat' dir='ltr'><strong>quorum</strong></span> 
     </span>
    </p>
   </div>
   <div class='ocr_carea' id='block_1_45' title="bbox 364 4101 1919 4174">
    <p class='ocr_par' dir='ltr' id='par_1_45' title="bbox 364 4101 1919 4174">
     <span class='ocr_line' id='line_1_45' title="bbox 364 4101 1919 4174; baseline -0.005 -14"><span class='ocrx_word' id='word_1_350' title='bbox 364 4105 530 4160; x_wconf 87' lang='lat' dir='ltr'><strong>etiam</strong></span> <span class='ocrx_word' id='word_1_351' title='bbox 559 4106 787 4163; x_wconf 88' lang='lat' dir='ltr'><strong>sinubus</strong></span> <span class='ocrx_word' id='word_1_352' title='bbox 823 4106 876 4161; x_wconf 88' lang='lat' dir='ltr'><strong>hi</strong></span> <span class='ocrx_word' id='word_1_353' title='bbox 899 4142 918 4170; x_wconf 92' lang='lat'><strong>,</strong></span> <span class='ocrx_word' id='word_1_354' title='bbox 948 4105 1015 4161; x_wconf 89' lang='lat' dir='ltr'><strong>de</strong></span> <span class='ocrx_word' id='word_1_355' title='bbox 1042 4103 1237 4174; x_wconf 89' lang='lat' dir='ltr'><strong>quibus</strong></span> <span class='ocrx_word' id='word_1_356' title='bbox 1259 4111 1341 4158; x_wconf 92' lang='lat' dir='ltr'><strong>est</strong></span> <span class='ocrx_word' id='word_1_357' title='bbox 1366 4116 1546 4159; x_wconf 86' lang='lat' dir='ltr'><strong>sermo</strong></span> <span class='ocrx_word' id='word_1_358' title='bbox 1569 4141 1588 4171; x_wconf 85' lang='lat'><strong>,</strong></span> <span class='ocrx_word' id='word_1_359' title='bbox 1620 4101 1919 4173; x_wconf 90' lang='lat' dir='ltr'><strong>requieturi</strong></span> 
     </span>
    </p>
   </div>
   <div class='ocr_carea' id='block_1_46' title="bbox 362 4192 1927 4269">
    <p class='ocr_par' dir='ltr' id='par_1_46' title="bbox 362 4192 1927 4269">
     <span class='ocr_line' id='line_1_46' title="bbox 362 4192 1927 4269; baseline -0.005 -16"><span class='ocrx_word' id='word_1_360' title='bbox 362 4205 520 4253; x_wconf 88' lang='lat' dir='ltr'><strong>erant</strong></span> <span class='ocrx_word' id='word_1_361' title='bbox 555 4197 713 4269; x_wconf 71' lang='lat'><strong>(28);</strong></span> <span class='ocrx_word' id='word_1_362' title='bbox 772 4198 991 4267; x_wconf 87' lang='lat' dir='ltr'><strong>insuper</strong></span> <span class='ocrx_word' id='word_1_363' title='bbox 1042 4210 1173 4251; x_wconf 87' lang='lat' dir='ltr'><strong>vero</strong></span> <span class='ocrx_word' id='word_1_364' title='bbox 1217 4196 1384 4251; x_wconf 85' lang='lat' dir='ltr'><strong>etiam</strong></span> <span class='ocrx_word' id='word_1_365' title='bbox 1428 4192 1665 4263; x_wconf 82' lang='lat' dir='ltr'><strong>Moysem</strong></span> <span class='ocrx_word' id='word_1_366' title='bbox 1720 4193 1927 4249; x_wconf 91' lang='lat' dir='ltr'><strong>contri-</strong></span> 
     </span>
    </p>
   </div>
   <div class='ocr_carea' id='block_1_47' title="bbox 363 4285 1929 4362">
    <p class='ocr_par' dir='ltr' id='par_1_47' title="bbox 363 4285 1929 4362">
     <span class='ocr_line' id='line_1_47' title="bbox 363 4285 1929 4362; baseline -0.004 -17"><span class='ocrx_word' id='word_1_367' title='bbox 363 4298 533 4345; x_wconf 88' lang='lat' dir='ltr'><strong>stare.</strong></span> <span class='ocrx_word' id='word_1_368' title='bbox 562 4288 729 4362; x_wconf 64' lang='grc'><strong>424</strong></span> <span class='ocrx_word' id='word_1_369' title='bbox 754 4288 1201 4359; x_wconf 87' lang='lat' dir='ltr'><strong>Quandoquidem</strong></span> <span class='ocrx_word' id='word_1_370' title='bbox 1237 4289 1350 4359; x_wconf 88' lang='lat' dir='ltr'><strong>ipse</strong></span> <span class='ocrx_word' id='word_1_371' title='bbox 1383 4295 1467 4341; x_wconf 89' lang='lat' dir='ltr'><strong>est</strong></span> <span class='ocrx_word' id='word_1_372' title='bbox 1492 4300 1615 4341; x_wconf 91' lang='lat' dir='ltr'><strong>cum</strong></span> <span class='ocrx_word' id='word_1_373' title='bbox 1645 4285 1720 4341; x_wconf 90' lang='lat' dir='ltr'><strong>rei</strong></span> <span class='ocrx_word' id='word_1_374' title='bbox 1750 4300 1779 4338; x_wconf 91' lang='lat' dir='ltr'><strong>a</strong></span> <span class='ocrx_word' id='word_1_375' title='bbox 1812 4300 1929 4339; x_wconf 89' lang='lat' dir='ltr'><strong>mu-</strong></span> 
     </span>
    </p>
   </div>
   <div class='ocr_carea' id='block_1_48' title="bbox 362 4377 1926 4451">
    <p class='ocr_par' dir='ltr' id='par_1_48' title="bbox 362 4377 1926 4451">
     <span class='ocr_line' id='line_1_48' title="bbox 362 4377 1926 4451; baseline -0.002 -15"><span class='ocrx_word' id='word_1_376' title='bbox 362 4381 500 4437; x_wconf 86' lang='lat' dir='ltr'><strong>liere</strong></span> <span class='ocrx_word' id='word_1_377' title='bbox 528 4382 739 4451; x_wconf 71' lang='lat' dir='ltr'><strong>petitae,</strong></span> <span class='ocrx_word' id='word_1_378' title='bbox 772 4392 884 4437; x_wconf 91' lang='lat' dir='ltr'><strong>tum</strong></span> <span class='ocrx_word' id='word_1_379' title='bbox 928 4382 1096 4438; x_wconf 88' lang='lat' dir='ltr'><strong>totius</strong></span> <span class='ocrx_word' id='word_1_380' title='bbox 1130 4379 1319 4449; x_wconf 88' lang='lat' dir='ltr'><strong>judicii</strong></span> <span class='ocrx_word' id='word_1_381' title='bbox 1367 4377 1658 4444; x_wconf 88' lang='lat' dir='ltr'><strong>Dominus,</strong></span> <span class='ocrx_word' id='word_1_382' title='bbox 1702 4387 1759 4434; x_wconf 90' lang='lat' dir='ltr'><strong>et</strong></span> <span class='ocrx_word' id='word_1_383' title='bbox 1813 4377 1926 4451; x_wconf 87' lang='lat' dir='ltr'><strong>ipse</strong></span> 
     </span>
    </p>
   </div>
   <div class='ocr_carea' id='block_1_49' title="bbox 2026 539 3587 618">
    <p class='ocr_par' dir='ltr' id='par_1_49' title="bbox 2026 539 3587 618">
     <span class='ocr_line' id='line_1_49' title="bbox 2026 539 3587 618; baseline 0.002 -20"><span class='ocrx_word' id='word_1_384' title='bbox 2026 547 2168 599; x_wconf 80' lang='grc' dir='ltr'>ἔστιν</span> <span class='ocrx_word' id='word_1_385' title='bbox 2202 548 2333 618; x_wconf 74' lang='grc' dir='ltr'>ἐμὸν</span> <span class='ocrx_word' id='word_1_386' title='bbox 2374 547 2575 611; x_wconf 80' lang='grc' dir='ltr'>δοῦναι,</span> <span class='ocrx_word' id='word_1_387' title='bbox 2607 545 2719 599; x_wconf 86' lang='grc' dir='ltr'>ἀλλ’</span> <span class='ocrx_word' id='word_1_388' title='bbox 2750 539 2829 608; x_wconf 79' lang='grc' dir='ltr'>οἷς</span> <span class='ocrx_word' id='word_1_389' title='bbox 2872 545 3197 616; x_wconf 79' lang='grc' dir='ltr'><strong>ἡτοίμασται</strong></span> <span class='ocrx_word' id='word_1_390' title='bbox 3224 545 3331 598; x_wconf 83' lang='grc' dir='ltr'><strong>ὑπὸ</strong></span> <span class='ocrx_word' id='word_1_391' title='bbox 3358 545 3452 598; x_wconf 74' lang='grc' dir='ltr'><strong>τοῦ</strong></span> <span class='ocrx_word' id='word_1_392' title='bbox 3494 548 3587 601; x_wconf 71' lang='lat' dir='ltr'><strong>lla-</strong></span> 
     </span>
    </p>
   </div>
   <div class='ocr_carea' id='block_1_50' title="bbox 2022 635 3588 707">
    <p class='ocr_par' dir='ltr' id='par_1_50' title="bbox 2022 635 3588 707">
     <span class='ocr_line' id='line_1_50' title="bbox 2022 635 3588 707; baseline 0.001 -18"><span class='ocrx_word' id='word_1_393' title='bbox 2022 638 2148 706; x_wconf 87' lang='grc' dir='ltr'>τρός</span> <span class='ocrx_word' id='word_1_394' title='bbox 2195 654 2316 707; x_wconf 90' lang='grc' dir='ltr'>μου.</span> <span class='ocrx_word' id='word_1_395' title='bbox 2344 656 2361 688; x_wconf 76' lang='grc' dir='ltr'><strong>ι</strong></span> <span class='ocrx_word' id='word_1_396' title='bbox 2406 636 2516 690; x_wconf 77' lang='grc' dir='ltr'><strong>Καὶ</strong></span> <span class='ocrx_word' id='word_1_397' title='bbox 2562 635 2718 690; x_wconf 80' lang='grc' dir='ltr'>τοῦτο</span> <span class='ocrx_word' id='word_1_398' title='bbox 2750 636 2808 689; x_wconf 83' lang='grc' dir='ltr'>δὲ</span> <span class='ocrx_word' id='word_1_399' title='bbox 2844 635 2996 690; x_wconf 81' lang='grc' dir='ltr'>οὐδὲν</span> <span class='ocrx_word' id='word_1_400' title='bbox 3044 635 3207 689; x_wconf 78' lang='grc' dir='ltr'>αὐτοῦ</span> <span class='ocrx_word' id='word_1_401' title='bbox 3267 636 3588 692; x_wconf 76' lang='grc' dir='ltr'>καταϐάλλει</span> 
     </span>
    </p>
   </div>
   <div class='ocr_carea' id='block_1_51' title="bbox 2021 726 3587 800">
    <p class='ocr_par' dir='ltr' id='par_1_51' title="bbox 2021 726 3587 800">
     <span class='ocr_line' id='line_1_51' title="bbox 2021 726 3587 800; baseline 0 -20"><span class='ocrx_word' id='word_1_402' title='bbox 2021 729 2083 781; x_wconf 87' lang='grc' dir='ltr'>τὸ</span> <span class='ocrx_word' id='word_1_403' title='bbox 2119 729 2307 799; x_wconf 87' lang='grc' dir='ltr'>γέρας,</span> <span class='ocrx_word' id='word_1_404' title='bbox 2358 729 2432 782; x_wconf 86' lang='grc' dir='ltr'><strong>Οὐ</strong></span> <span class='ocrx_word' id='word_1_405' title='bbox 2474 728 2584 800; x_wconf 83' lang='grc' dir='ltr'>γὰρ</span> <span class='ocrx_word' id='word_1_406' title='bbox 2630 729 2750 792; x_wconf 83' lang='grc' dir='ltr'>ἀεὶ,</span> <span class='ocrx_word' id='word_1_407' title='bbox 2800 727 2875 791; x_wconf 84' lang='grc' dir='ltr'>ὡς</span> <span class='ocrx_word' id='word_1_408' title='bbox 2908 727 3044 797; x_wconf 84' lang='grc' dir='ltr'>μόνη</span> <span class='ocrx_word' id='word_1_409' title='bbox 3094 729 3127 797; x_wconf 84' lang='grc' dir='ltr'>ή</span> <span class='ocrx_word' id='word_1_410' title='bbox 3175 726 3284 781; x_wconf 83' lang='grc' dir='ltr'><strong>τῶν</strong></span> <span class='ocrx_word' id='word_1_411' title='bbox 3337 730 3587 800; x_wconf 79' lang='grc' dir='ltr'><strong>ῥημάτων</strong></span> 
     </span>
    </p>
   </div>
   <div class='ocr_carea' id='block_1_52' title="bbox 2023 814 3588 887">
    <p class='ocr_par' dir='ltr' id='par_1_52' title="bbox 2023 814 3588 887">
     <span class='ocr_line' id='line_1_52' title="bbox 2023 814 3588 887; baseline 0.003 -19"><span class='ocrx_word' id='word_1_412' title='bbox 2023 814 2134 885; x_wconf 74' lang='grc' dir='ltr'>ἔχει</span> <span class='ocrx_word' id='word_1_413' title='bbox 2167 814 2436 881; x_wconf 80' lang='grc' dir='ltr'><strong>σύνταξις,</strong></span> <span class='ocrx_word' id='word_1_414' title='bbox 2473 816 2616 869; x_wconf 70' lang='grc' dir='ltr'>οὕτω</span> <span class='ocrx_word' id='word_1_415' title='bbox 2654 817 2746 869; x_wconf 80' lang='grc' dir='ltr'>καὶ</span> <span class='ocrx_word' id='word_1_416' title='bbox 2795 815 2865 869; x_wconf 80' lang='grc' dir='ltr'>τὰ</span> <span class='ocrx_word' id='word_1_417' title='bbox 2911 817 3245 887; x_wconf 79' lang='grc' dir='ltr'>πράγματα’</span> <span class='ocrx_word' id='word_1_418' title='bbox 3291 818 3409 871; x_wconf 82' lang='grc' dir='ltr'>ἀλλ’</span> <span class='ocrx_word' id='word_1_419' title='bbox 3452 820 3588 873; x_wconf 82' lang='grc' dir='ltr'>ἐστιν</span> 
     </span>
    </p>
   </div>
   <div class='ocr_carea' id='block_1_53' title="bbox 2023 907 3588 982">
    <p class='ocr_par' dir='ltr' id='par_1_53' title="bbox 2023 907 3588 982">
     <span class='ocr_line' id='line_1_53' title="bbox 2023 907 3588 982; baseline 0.003 -23"><span class='ocrx_word' id='word_1_420' title='bbox 2023 908 2110 960; x_wconf 82' lang='grc' dir='ltr'>ὅτε</span> <span class='ocrx_word' id='word_1_421' title='bbox 2141 909 2425 979; x_wconf 79' lang='grc' dir='ltr'><strong>ἀπαρτίζει</strong></span> <span class='ocrx_word' id='word_1_422' title='bbox 2455 908 2554 979; x_wconf 73' lang='grc' dir='ltr'>τὴν</span> <span class='ocrx_word' id='word_1_423' title='bbox 2588 908 2718 979; x_wconf 86' lang='grc'><strong>[206</strong></span> <span class='ocrx_word' id='word_1_424' title='bbox 2747 907 2802 980; x_wconf 87' lang='lat' dir='ltr'><strong>a]</strong></span> <span class='ocrx_word' id='word_1_425' title='bbox 2852 908 3088 962; x_wconf 89' lang='grc' dir='ltr'>διάνοιαν</span> <span class='ocrx_word' id='word_1_426' title='bbox 3119 911 3212 962; x_wconf 74' lang='grc' dir='ltr'>καὶ</span> <span class='ocrx_word' id='word_1_427' title='bbox 3244 910 3385 982; x_wconf 76' lang='grc' dir='ltr'>πρὸς</span> <span class='ocrx_word' id='word_1_428' title='bbox 3421 911 3492 963; x_wconf 75' lang='grc' dir='ltr'><strong>τά</strong></span> <span class='ocrx_word' id='word_1_429' title='bbox 3522 914 3588 982; x_wconf 65' lang='grc' dir='ltr'>μὴ</span> 
     </span>
    </p>
   </div>
   <div class='ocr_carea' id='block_1_54' title="bbox 2022 997 3587 1074">
    <p class='ocr_par' dir='ltr' id='par_1_54' title="bbox 2022 997 3587 1074">
     <span class='ocr_line' id='line_1_54' title="bbox 2022 997 3587 1074; baseline 0.004 -24"><span class='ocrx_word' id='word_1_430' title='bbox 2022 998 2289 1068; x_wconf 82' lang='grc' dir='ltr'>λεγόμενα</span> <span class='ocrx_word' id='word_1_431' title='bbox 2334 1001 2367 1070; x_wconf 82' lang='grc' dir='ltr'><strong>ἡ</strong></span> <span class='ocrx_word' id='word_1_432' title='bbox 2423 1000 2671 1072; x_wconf 86' lang='grc' dir='ltr'>ἀλήθεια.</span> <span class='ocrx_word' id='word_1_433' title='bbox 2736 1000 2973 1072; x_wconf 82' lang='grc' dir='ltr'>Ἐρῤήθη</span> <span class='ocrx_word' id='word_1_434' title='bbox 3021 997 3113 1055; x_wconf 75' lang='grc' dir='ltr'>οὖν</span> <span class='ocrx_word' id='word_1_435' title='bbox 3157 1000 3300 1054; x_wconf 79' lang='grc' dir='ltr'>οὕτω</span> <span class='ocrx_word' id='word_1_436' title='bbox 3355 1002 3447 1057; x_wconf 70' lang='grc' dir='ltr'><strong>διὰ</strong></span> <span class='ocrx_word' id='word_1_437' title='bbox 3499 1006 3587 1074; x_wconf 71' lang='grc' dir='ltr'>τὴν</span> 
     </span>
    </p>
   </div>
   <div class='ocr_carea' id='block_1_55' title="bbox 2022 1088 3587 1166">
    <p class='ocr_par' dir='ltr' id='par_1_55' title="bbox 2022 1088 3587 1166">
     <span class='ocr_line' id='line_1_55' title="bbox 2022 1088 3587 1166; baseline 0.004 -25"><span class='ocrx_word' id='word_1_438' title='bbox 2022 1088 2269 1159; x_wconf 81' lang='grc' dir='ltr'>δουλικὴν</span> <span class='ocrx_word' id='word_1_439' title='bbox 2300 1090 2531 1161; x_wconf 83' lang='grc' dir='ltr'>μορφὴν,</span> <span class='ocrx_word' id='word_1_440' title='bbox 2562 1092 2593 1162; x_wconf 82' lang='grc' dir='ltr'>ἢ</span> <span class='ocrx_word' id='word_1_441' title='bbox 2625 1092 2825 1161; x_wconf 82' lang='grc' dir='ltr'>μᾶλλον</span> <span class='ocrx_word' id='word_1_442' title='bbox 2844 1091 2931 1145; x_wconf 81' lang='grc' dir='ltr'><strong>διὰ</strong></span> <span class='ocrx_word' id='word_1_443' title='bbox 2958 1092 3019 1145; x_wconf 81' lang='grc' dir='ltr'>τὸ</span> <span class='ocrx_word' id='word_1_444' title='bbox 3044 1094 3302 1163; x_wconf 82' lang='grc' dir='ltr'>συστῆναι</span> <span class='ocrx_word' id='word_1_445' title='bbox 3326 1093 3587 1166; x_wconf 84' lang='grc' dir='ltr'>θεομισείς</span> 
     </span>
    </p>
   </div>
   <div class='ocr_carea' id='block_1_56' title="bbox 2022 1179 3587 1257">
    <p class='ocr_par' dir='ltr' id='par_1_56' title="bbox 2022 1179 3587 1257">
     <span class='ocr_line' id='line_1_56' title="bbox 2022 1179 3587 1257; baseline 0.003 -26"><span class='ocrx_word' id='word_1_446' title='bbox 2022 1179 2121 1242; x_wconf 89' lang='grc' dir='ltr'><strong>τάς</strong></span> <span class='ocrx_word' id='word_1_447' title='bbox 2158 1179 2231 1251; x_wconf 83' lang='grc' dir='ltr'>μὴ</span> <span class='ocrx_word' id='word_1_448' title='bbox 2262 1181 2401 1234; x_wconf 87' lang='grc' dir='ltr'><strong>κατά</strong></span> <span class='ocrx_word' id='word_1_449' title='bbox 2434 1181 2640 1252; x_wconf 81' lang='grc' dir='ltr'><strong>βαθμὸν</strong></span> <span class='ocrx_word' id='word_1_450' title='bbox 2683 1183 2778 1235; x_wconf 80' lang='grc' dir='ltr'>καὶ</span> <span class='ocrx_word' id='word_1_451' title='bbox 2812 1184 2951 1238; x_wconf 89' lang='grc' dir='ltr'><strong>κατά</strong></span> <span class='ocrx_word' id='word_1_452' title='bbox 3001 1185 3159 1252; x_wconf 88' lang='grc' dir='ltr'>λόγον</span> <span class='ocrx_word' id='word_1_453' title='bbox 3194 1187 3587 1257; x_wconf 78' lang='grc' dir='ltr'>εἰσπροεδρὶας,</span> 
     </span>
    </p>
   </div>
   <div class='ocr_carea' id='block_1_57' title="bbox 2022 1269 3587 1345">
    <p class='ocr_par' dir='ltr' id='par_1_57' title="bbox 2022 1269 3587 1345">
     <span class='ocr_line' id='line_1_57' title="bbox 2022 1269 3587 1345; baseline 0.006 -23"><span class='ocrx_word' id='word_1_454' title='bbox 2022 1269 2055 1339; x_wconf 79' lang='grc' dir='ltr'><strong>ἥ</strong></span> <span class='ocrx_word' id='word_1_455' title='bbox 2086 1270 2181 1323; x_wconf 77' lang='grc' dir='ltr'>καὶ</span> <span class='ocrx_word' id='word_1_456' title='bbox 2204 1270 2295 1324; x_wconf 83' lang='grc' dir='ltr'>διὰ</span> <span class='ocrx_word' id='word_1_457' title='bbox 2320 1272 2380 1324; x_wconf 88' lang='grc' dir='ltr'>τὸ</span> <span class='ocrx_word' id='word_1_458' title='bbox 2405 1272 2619 1343; x_wconf 84' lang='grc' dir='ltr'>ἐκείνην</span> <span class='ocrx_word' id='word_1_459' title='bbox 2651 1275 2825 1344; x_wconf 76' lang='grc' dir='ltr'>οἴησιν</span> <span class='ocrx_word' id='word_1_460' title='bbox 2856 1276 3145 1345; x_wconf 77' lang='grc' dir='ltr'>ἐσχηκέναι</span> <span class='ocrx_word' id='word_1_461' title='bbox 3177 1277 3485 1342; x_wconf 63' lang='grc' dir='ltr'>εὐπαῶίας,</span> <span class='ocrx_word' id='word_1_462' title='bbox 3505 1282 3587 1333; x_wconf 78' lang='grc' dir='ltr'><strong>καὶ</strong></span> 
     </span>
    </p>
   </div>
   <div class='ocr_carea' id='block_1_58' title="bbox 2021 1359 3591 1439">
    <p class='ocr_par' dir='ltr' id='par_1_58' title="bbox 2021 1359 3591 1439">
     <span class='ocr_line' id='line_1_58' title="bbox 2021 1359 3591 1439; baseline 0.006 -27"><span class='ocrx_word' id='word_1_463' title='bbox 2021 1359 2115 1413; x_wconf 80' lang='grc' dir='ltr'>τοῦ</span> <span class='ocrx_word' id='word_1_464' title='bbox 2158 1361 2341 1427; x_wconf 81' lang='grc' dir='ltr'>ἀξίους</span> <span class='ocrx_word' id='word_1_465' title='bbox 2372 1359 2513 1415; x_wconf 76' lang='grc' dir='ltr'>εἶναι</span> <span class='ocrx_word' id='word_1_466' title='bbox 2548 1365 2676 1427; x_wconf 79' lang='grc' dir='ltr'>τοὺς</span> <span class='ocrx_word' id='word_1_467' title='bbox 2714 1366 2909 1429; x_wconf 83' lang='grc' dir='ltr'>παῖδας</span> <span class='ocrx_word' id='word_1_468' title='bbox 2948 1366 3117 1436; x_wconf 82' lang='grc' dir='ltr'>αὐτῆς</span> <span class='ocrx_word' id='word_1_469' title='bbox 3148 1368 3247 1439; x_wconf 87' lang='grc' dir='ltr'>τῆς</span> <span class='ocrx_word' id='word_1_470' title='bbox 3277 1386 3335 1421; x_wconf 88' lang='grc' dir='ltr'><strong>τε</strong></span> <span class='ocrx_word' id='word_1_471' title='bbox 3371 1369 3591 1423; x_wconf 80' lang='grc' dir='ltr'>ἀποστο-</span> 
     </span>
    </p>
   </div>
   <div class='ocr_carea' id='block_1_59' title="bbox 2022 1452 3589 1530">
    <p class='ocr_par' dir='ltr' id='par_1_59' title="bbox 2022 1452 3589 1530">
     <span class='ocr_line' id='line_1_59' title="bbox 2022 1452 3589 1530; baseline 0.006 -26"><span class='ocrx_word' id='word_1_472' title='bbox 2022 1452 2178 1523; x_wconf 81' lang='grc' dir='ltr'>λικῆς</span> <span class='ocrx_word' id='word_1_473' title='bbox 2211 1454 2482 1524; x_wconf 88' lang='grc' dir='ltr'>πρωτείας</span> <span class='ocrx_word' id='word_1_474' title='bbox 2528 1455 2623 1508; x_wconf 78' lang='grc' dir='ltr'>καὶ</span> <span class='ocrx_word' id='word_1_475' title='bbox 2660 1457 2760 1526; x_wconf 84' lang='grc' dir='ltr'>τῆς</span> <span class='ocrx_word' id='word_1_476' title='bbox 2791 1457 2980 1527; x_wconf 79' lang='grc' dir='ltr'>θεῖκῆς</span> <span class='ocrx_word' id='word_1_477' title='bbox 3032 1459 3463 1530; x_wconf 79' lang='grc' dir='ltr'>συγκαθεδρίαςο</span> <span class='ocrx_word' id='word_1_478' title='bbox 3498 1462 3589 1514; x_wconf 75' lang='grc' dir='ltr'>οὐκ</span> 
     </span>
    </p>
   </div>
   <div class='ocr_carea' id='block_1_60' title="bbox 2023 1544 3589 1623">
    <p class='ocr_par' dir='ltr' id='par_1_60' title="bbox 2023 1544 3589 1623">
     <span class='ocr_line' id='line_1_60' title="bbox 2023 1544 3589 1623; baseline 0.006 -26"><span class='ocrx_word' id='word_1_479' title='bbox 2023 1544 2310 1599; x_wconf 79' lang='grc' dir='ltr'>ἐλάνθανεν</span> <span class='ocrx_word' id='word_1_480' title='bbox 2345 1546 2453 1615; x_wconf 82' lang='grc' dir='ltr'><strong>γὰρ</strong></span> <span class='ocrx_word' id='word_1_481' title='bbox 2483 1547 2645 1600; x_wconf 82' lang='grc' dir='ltr'>αὐτὸν</span> <span class='ocrx_word' id='word_1_482' title='bbox 2675 1548 2743 1601; x_wconf 83' lang='grc' dir='ltr'><strong>τὰ</strong></span> <span class='ocrx_word' id='word_1_483' title='bbox 2784 1549 3065 1623; x_wconf 87' lang='grc' dir='ltr'>ἐγκάρδια,</span> <span class='ocrx_word' id='word_1_484' title='bbox 3101 1552 3177 1614; x_wconf 86' lang='grc' dir='ltr'>ὼς</span> <span class='ocrx_word' id='word_1_485' title='bbox 3215 1552 3475 1623; x_wconf 75' lang='grc' dir='ltr'><strong>Ἰωάννης</strong></span> <span class='ocrx_word' id='word_1_486' title='bbox 3516 1554 3589 1606; x_wconf 62' lang='lat' dir='ltr'><strong>ii-</strong></span> 
     </span>
    </p>
   </div>
   <div class='ocr_carea' id='block_1_61' title="bbox 2024 1633 3588 1706">
    <p class='ocr_par' dir='ltr' id='par_1_61' title="bbox 2024 1633 3588 1706">
     <span class='ocr_line' id='line_1_61' title="bbox 2024 1633 3588 1706; baseline 0.003 -20"><span class='ocrx_word' id='word_1_487' title='bbox 2024 1651 2106 1702; x_wconf 77' lang='grc' dir='ltr'><strong>γει</strong></span> <span class='ocrx_word' id='word_1_488' title='bbox 2126 1651 2142 1664; x_wconf 71' lang='grc' dir='ltr'><strong>ο</strong></span> <span class='ocrx_word' id='word_1_489' title='bbox 2182 1653 2200 1686; x_wconf 79' lang='grc' dir='ltr'><strong>ι</strong></span> <span class='ocrx_word' id='word_1_490' title='bbox 2223 1633 2394 1698; x_wconf 76' lang='grc' dir='ltr'>Αὐτὸς</span> <span class='ocrx_word' id='word_1_491' title='bbox 2427 1635 2482 1688; x_wconf 87' lang='grc' dir='ltr'>δὲ</span> <span class='ocrx_word' id='word_1_492' title='bbox 2515 1637 2544 1688; x_wconf 94' lang='lat'><strong>6</strong></span> <span class='ocrx_word' id='word_1_493' title='bbox 2587 1635 2793 1706; x_wconf 82' lang='grc' dir='ltr'>Ἰησοῦς</span> <span class='ocrx_word' id='word_1_494' title='bbox 2823 1637 2920 1690; x_wconf 78' lang='grc' dir='ltr'>οὐκ</span> <span class='ocrx_word' id='word_1_495' title='bbox 2958 1637 3237 1691; x_wconf 79' lang='grc' dir='ltr'>ἐπίστευεν</span> <span class='ocrx_word' id='word_1_496' title='bbox 3269 1640 3478 1702; x_wconf 77' lang='grc' dir='ltr'>αὐτοῖς,</span> <span class='ocrx_word' id='word_1_497' title='bbox 3509 1640 3588 1693; x_wconf 65' lang='grc' dir='ltr'>διὰ</span> 
     </span>
    </p>
   </div>
   <div class='ocr_carea' id='block_1_62' title="bbox 2023 1724 3587 1800">
    <p class='ocr_par' dir='ltr' id='par_1_62' title="bbox 2023 1724 3587 1800">
     <span class='ocr_line' id='line_1_62' title="bbox 2023 1724 3587 1800; baseline 0.003 -22"><span class='ocrx_word' id='word_1_498' title='bbox 2023 1725 2083 1778; x_wconf 86' lang='grc' dir='ltr'>τὸ</span> <span class='ocrx_word' id='word_1_499' title='bbox 2111 1724 2271 1778; x_wconf 77' lang='grc' dir='ltr'>αὐτὸν</span> <span class='ocrx_word' id='word_1_500' title='bbox 2297 1724 2586 1793; x_wconf 82' lang='grc' dir='ltr'>γινώσκειν</span> <span class='ocrx_word' id='word_1_501' title='bbox 2614 1727 2843 1791; x_wconf 81' lang='grc' dir='ltr'>πάντας,</span> <span class='ocrx_word' id='word_1_502' title='bbox 2875 1730 2968 1781; x_wconf 73' lang='grc' dir='ltr'>καὶ</span> <span class='ocrx_word' id='word_1_503' title='bbox 3004 1727 3079 1799; x_wconf 83' lang='grc' dir='ltr'>μὴ</span> <span class='ocrx_word' id='word_1_504' title='bbox 3110 1729 3300 1800; x_wconf 81' lang='grc' dir='ltr'>χρείαν</span> <span class='ocrx_word' id='word_1_505' title='bbox 3330 1730 3479 1799; x_wconf 78' lang='grc' dir='ltr'>ἔχειν</span> <span class='ocrx_word' id='word_1_506' title='bbox 3511 1732 3587 1783; x_wconf 74' lang='grc' dir='ltr'>ἵνα</span> 
     </span>
    </p>
   </div>
   <div class='ocr_carea' id='block_1_63' title="bbox 2023 1819 3587 1893">
    <p class='ocr_par' dir='ltr' id='par_1_63' title="bbox 2023 1819 3587 1893">
     <span class='ocr_line' id='line_1_63' title="bbox 2023 1819 3587 1893; baseline 0.003 -23"><span class='ocrx_word' id='word_1_507' title='bbox 2023 1834 2106 1880; x_wconf 90' lang='grc' dir='ltr'><strong>τις</strong></span> <span class='ocrx_word' id='word_1_508' title='bbox 2137 1819 2458 1891; x_wconf 79' lang='grc' dir='ltr'>μαρτυρήσῃ</span> <span class='ocrx_word' id='word_1_509' title='bbox 2501 1820 2629 1889; x_wconf 68' lang='grc' dir='ltr'>περ).</span> <span class='ocrx_word' id='word_1_510' title='bbox 2666 1820 2759 1872; x_wconf 82' lang='grc' dir='ltr'>τοῦ</span> <span class='ocrx_word' id='word_1_511' title='bbox 2796 1820 3111 1892; x_wconf 87' lang='grc' dir='ltr'>ἀνθρώπου·</span> <span class='ocrx_word' id='word_1_512' title='bbox 3147 1823 3310 1886; x_wconf 77' lang='grc' dir='ltr'>αὐτὸς</span> <span class='ocrx_word' id='word_1_513' title='bbox 3344 1824 3457 1893; x_wconf 73' lang='grc' dir='ltr'><strong>γὰρ</strong></span> <span class='ocrx_word' id='word_1_514' title='bbox 3484 1824 3587 1891; x_wconf 79' lang='grc' dir='ltr'>ἐγί-</span> 
     </span>
    </p>
   </div>
   <div class='ocr_carea' id='block_1_64' title="bbox 2021 1903 3589 1983">
    <p class='ocr_par' dir='ltr' id='par_1_64' title="bbox 2021 1903 3589 1983">
     <span class='ocr_line' id='line_1_64' title="bbox 2021 1903 3589 1983; baseline 0.003 -25"><span class='ocrx_word' id='word_1_515' title='bbox 2021 1923 2215 1965; x_wconf 88' lang='grc' dir='ltr'>νωσκε.</span> <span class='ocrx_word' id='word_1_516' title='bbox 2246 1907 2299 1959; x_wconf 91' lang='grc' dir='ltr'><strong>τί</strong></span> <span class='ocrx_word' id='word_1_517' title='bbox 2337 1903 2405 1978; x_wconf 84' lang='grc' dir='ltr'>ἦν</span> <span class='ocrx_word' id='word_1_518' title='bbox 2445 1908 2504 1961; x_wconf 88' lang='grc' dir='ltr'><strong>ἐν</strong></span> <span class='ocrx_word' id='word_1_519' title='bbox 2548 1908 2625 1978; x_wconf 81' lang='grc' dir='ltr'>τῷ</span> <span class='ocrx_word' id='word_1_520' title='bbox 2667 1909 2956 1981; x_wconf 85' lang='grc' dir='ltr'><strong>ἀνθρώπῳ.</strong></span> <span class='ocrx_word' id='word_1_521' title='bbox 2994 1930 3011 1963; x_wconf 77' lang='grc' dir='ltr'><strong>ι</strong></span> <span class='ocrx_word' id='word_1_522' title='bbox 3056 1912 3253 1965; x_wconf 79' lang='grc' dir='ltr'>’Δκουε</span> <span class='ocrx_word' id='word_1_523' title='bbox 3277 1911 3343 1983; x_wconf 79' lang='grc' dir='ltr'>δὴ</span> <span class='ocrx_word' id='word_1_524' title='bbox 3367 1908 3461 1965; x_wconf 69' lang='grc' dir='ltr'><strong>οὖν</strong></span> <span class='ocrx_word' id='word_1_525' title='bbox 3489 1912 3589 1964; x_wconf 80' lang='grc' dir='ltr'><strong>τῶν</strong></span> 
     </span>
    </p>
   </div>
   <div class='ocr_carea' id='block_1_65' title="bbox 2020 1998 3590 2075">
    <p class='ocr_par' dir='ltr' id='par_1_65' title="bbox 2020 1998 3590 2075">
     <span class='ocr_line' id='line_1_65' title="bbox 2020 1998 3590 2075; baseline 0.005 -25"><span class='ocrx_word' id='word_1_526' title='bbox 2020 1998 2168 2067; x_wconf 78' lang='grc' dir='ltr'>ἑξῆς,</span> <span class='ocrx_word' id='word_1_527' title='bbox 2193 1999 2288 2052; x_wconf 79' lang='grc' dir='ltr'>καὶ</span> <span class='ocrx_word' id='word_1_528' title='bbox 2304 1999 2602 2063; x_wconf 84' lang='grc' dir='ltr'>πείθου,ὼς</span> <span class='ocrx_word' id='word_1_529' title='bbox 2621 2000 2720 2055; x_wconf 81' lang='grc' dir='ltr'>οὐκ</span> <span class='ocrx_word' id='word_1_530' title='bbox 2753 2002 2956 2075; x_wconf 80' lang='grc' dir='ltr'>ἐσφάλη</span> <span class='ocrx_word' id='word_1_531' title='bbox 2986 2020 3075 2073; x_wconf 89' lang='grc' dir='ltr'><strong>μοι</strong></span> <span class='ocrx_word' id='word_1_532' title='bbox 3105 2004 3167 2057; x_wconf 81' lang='grc' dir='ltr'>τὸ</span> <span class='ocrx_word' id='word_1_533' title='bbox 3193 2004 3394 2073; x_wconf 76' lang='grc' dir='ltr'>νόημα.</span> <span class='ocrx_word' id='word_1_534' title='bbox 3426 2005 3590 2069; x_wconf 70' lang='grc' dir='ltr'>Εὐθὺς</span> 
     </span>
    </p>
   </div>
   <div class='ocr_carea' id='block_1_66' title="bbox 2020 2088 3591 2165">
    <p class='ocr_par' dir='ltr' id='par_1_66' title="bbox 2020 2088 3591 2165">
     <span class='ocr_line' id='line_1_66' title="bbox 2020 2088 3591 2165; baseline 0.004 -25"><span class='ocrx_word' id='word_1_535' title='bbox 2020 2088 2129 2159; x_wconf 76' lang='grc' dir='ltr'><strong>γὰρ</strong></span> <span class='ocrx_word' id='word_1_536' title='bbox 2149 2088 2280 2159; x_wconf 81' lang='grc' dir='ltr'>ἔχει,</span> <span class='ocrx_word' id='word_1_537' title='bbox 2299 2090 2399 2153; x_wconf 85' lang='grc' dir='ltr'>ὅτι,</span> <span class='ocrx_word' id='word_1_538' title='bbox 2426 2110 2444 2143; x_wconf 77' lang='grc' dir='ltr'><strong>ι</strong></span> <span class='ocrx_word' id='word_1_539' title='bbox 2481 2092 2993 2162; x_wconf 85' lang='grc' dir='ltr'>Ἀγανακτησάντων</span> <span class='ocrx_word' id='word_1_540' title='bbox 3018 2112 3037 2145; x_wconf 73' lang='grc' dir='ltr'><strong>ι</strong></span> <span class='ocrx_word' id='word_1_541' title='bbox 3068 2095 3175 2147; x_wconf 85' lang='grc' dir='ltr'>τῶν</span> <span class='ocrx_word' id='word_1_542' title='bbox 3202 2094 3413 2148; x_wconf 87' lang='grc' dir='ltr'>δώδεκα</span> <span class='ocrx_word' id='word_1_543' title='bbox 3431 2114 3450 2146; x_wconf 80' lang='grc' dir='ltr'><strong>ι</strong></span> <span class='ocrx_word' id='word_1_544' title='bbox 3476 2098 3591 2165; x_wconf 74' lang='grc' dir='ltr'>περὶ</span> 
     </span>
    </p>
   </div>
   <div class='ocr_carea' id='block_1_67' title="bbox 2020 2178 3592 2256">
    <p class='ocr_par' dir='ltr' id='par_1_67' title="bbox 2020 2178 3592 2256">
     <span class='ocr_line' id='line_1_67' title="bbox 2020 2178 3592 2256; baseline 0.005 -24"><span class='ocrx_word' id='word_1_545' title='bbox 2020 2178 2129 2233; x_wconf 82' lang='grc' dir='ltr'>τῶν</span> <span class='ocrx_word' id='word_1_546' title='bbox 2157 2179 2250 2233; x_wconf 76' lang='grc' dir='ltr'><strong>δύο</strong></span> <span class='ocrx_word' id='word_1_547' title='bbox 2281 2179 2482 2233; x_wconf 86' lang='grc' dir='ltr'>τούτων</span> <span class='ocrx_word' id='word_1_548' title='bbox 2502 2181 2769 2250; x_wconf 84' lang='grc' dir='ltr'>ἀδελφῶν,</span> <span class='ocrx_word' id='word_1_549' title='bbox 2805 2202 2825 2233; x_wconf 81' lang='grc'><strong>›</strong></span> <span class='ocrx_word' id='word_1_550' title='bbox 2863 2179 3017 2236; x_wconf 85' lang='grc' dir='ltr'>εἶπεν</span> <span class='ocrx_word' id='word_1_551' title='bbox 3048 2188 3076 2238; x_wconf 97' lang='lat'><strong>6</strong></span> <span class='ocrx_word' id='word_1_552' title='bbox 3103 2188 3383 2256; x_wconf 79' lang='grc' dir='ltr'>Δεσπότης</span> <span class='ocrx_word' id='word_1_553' title='bbox 3409 2204 3424 2218; x_wconf 66' lang='grc' dir='ltr'><strong><em>υ</em></strong></span> <span class='ocrx_word' id='word_1_554' title='bbox 3458 2207 3476 2237; x_wconf 76' lang='grc' dir='ltr'><strong>ι</strong></span> <span class='ocrx_word' id='word_1_555' title='bbox 3511 2190 3592 2240; x_wconf 83' lang='grc' dir='ltr'>Ἐν</span> 
     </span>
    </p>
   </div>
   <div class='ocr_carea' id='block_1_68' title="bbox 2022 2269 3591 2348">
    <p class='ocr_par' dir='ltr' id='par_1_68' title="bbox 2022 2269 3591 2348">
     <span class='ocr_line' id='line_1_68' title="bbox 2022 2269 3591 2348; baseline 0.006 -26"><span class='ocrx_word' id='word_1_556' title='bbox 2022 2269 2149 2340; x_wconf 83' lang='grc' dir='ltr'>ὑμῖν</span> <span class='ocrx_word' id='word_1_557' title='bbox 2179 2270 2237 2334; x_wconf 82' lang='grc' dir='ltr'>ὃς</span> <span class='ocrx_word' id='word_1_558' title='bbox 2267 2271 2360 2324; x_wconf 85' lang='grc' dir='ltr'><strong>ἐὰν</strong></span> <span class='ocrx_word' id='word_1_559' title='bbox 2396 2271 2525 2345; x_wconf 85' lang='grc' dir='ltr'><strong>θέλῃ</strong></span> <span class='ocrx_word' id='word_1_560' title='bbox 2561 2273 2734 2343; x_wconf 83' lang='grc' dir='ltr'>μέγας</span> <span class='ocrx_word' id='word_1_561' title='bbox 2763 2275 3034 2343; x_wconf 87' lang='grc' dir='ltr'>γενέσθαι,</span> <span class='ocrx_word' id='word_1_562' title='bbox 3058 2276 3208 2330; x_wconf 82' lang='grc' dir='ltr'>ἔσται</span> <span class='ocrx_word' id='word_1_563' title='bbox 3235 2279 3394 2348; x_wconf 79' lang='grc' dir='ltr'>ὑμῶν</span> <span class='ocrx_word' id='word_1_564' title='bbox 3419 2279 3591 2332; x_wconf 75' lang='grc' dir='ltr'>διάκο-</span> 
     </span>
    </p>
   </div>
   <div class='ocr_carea' id='block_1_69' title="bbox 2023 2361 3591 2440">
    <p class='ocr_par' dir='ltr' id='par_1_69' title="bbox 2023 2361 3591 2440">
     <span class='ocr_line' id='line_1_69' title="bbox 2023 2361 3591 2440; baseline 0.001 -25"><span class='ocrx_word' id='word_1_565' title='bbox 2023 2379 2139 2425; x_wconf 84' lang='grc' dir='ltr'><strong>νος⁹</strong></span> <span class='ocrx_word' id='word_1_566' title='bbox 2172 2363 2265 2415; x_wconf 79' lang='grc' dir='ltr'>καὶ</span> <span class='ocrx_word' id='word_1_567' title='bbox 2293 2363 2351 2427; x_wconf 86' lang='grc' dir='ltr'>ὃς</span> <span class='ocrx_word' id='word_1_568' title='bbox 2388 2363 2483 2417; x_wconf 86' lang='grc' dir='ltr'><strong>ἐὰν</strong></span> <span class='ocrx_word' id='word_1_569' title='bbox 2521 2364 2648 2436; x_wconf 82' lang='grc' dir='ltr'>θέλῃ</span> <span class='ocrx_word' id='word_1_570' title='bbox 2681 2361 2817 2418; x_wconf 82' lang='grc' dir='ltr'>εἶναι</span> <span class='ocrx_word' id='word_1_571' title='bbox 2848 2366 3081 2437; x_wconf 84' lang='grc' dir='ltr'>πρῶτος,</span> <span class='ocrx_word' id='word_1_572' title='bbox 3112 2368 3265 2422; x_wconf 76' lang='grc' dir='ltr'>ἔσται</span> <span class='ocrx_word' id='word_1_573' title='bbox 3300 2370 3460 2440; x_wconf 83' lang='grc' dir='ltr'>ὑμῶν</span> <span class='ocrx_word' id='word_1_574' title='bbox 3485 2371 3591 2423; x_wconf 63' lang='grc' dir='ltr'><strong>δοῆ-</strong></span> 
     </span>
    </p>
   </div>
   <div class='ocr_carea' id='block_1_70' title="bbox 2022 2452 3595 2529">
    <p class='ocr_par' dir='ltr' id='par_1_70' title="bbox 2022 2452 3595 2529">
     <span class='ocr_line' id='line_1_70' title="bbox 2022 2452 3595 2529; baseline 0.006 -25"><span class='ocrx_word' id='word_1_575' title='bbox 2022 2452 2131 2516; x_wconf 85' lang='grc' dir='ltr'>λος.</span> <span class='ocrx_word' id='word_1_576' title='bbox 2155 2472 2173 2504; x_wconf 77' lang='grc' dir='ltr'><strong>ι</strong></span> <span class='ocrx_word' id='word_1_577' title='bbox 2215 2454 2402 2518; x_wconf 85' lang='grc' dir='ltr'>Ὅπως</span> <span class='ocrx_word' id='word_1_578' title='bbox 2430 2454 2486 2508; x_wconf 87' lang='grc' dir='ltr'><strong>δέ</strong></span> <span class='ocrx_word' id='word_1_579' title='bbox 2517 2458 2612 2508; x_wconf 78' lang='grc' dir='ltr'>κα).</span> <span class='ocrx_word' id='word_1_580' title='bbox 2642 2458 2700 2511; x_wconf 90' lang='grc' dir='ltr'><strong>ἐν</strong></span> <span class='ocrx_word' id='word_1_581' title='bbox 2728 2457 2806 2528; x_wconf 86' lang='grc' dir='ltr'>τῷ</span> <span class='ocrx_word' id='word_1_582' title='bbox 2837 2458 3021 2529; x_wconf 74' lang='grc' dir='ltr'>Λουκᾷ</span> <span class='ocrx_word' id='word_1_583' title='bbox 3050 2460 3248 2513; x_wconf 83' lang='grc' dir='ltr'>κωλύει</span> <span class='ocrx_word' id='word_1_584' title='bbox 3268 2462 3371 2524; x_wconf 77' lang='grc' dir='ltr'>τὰς</span> <span class='ocrx_word' id='word_1_585' title='bbox 3395 2462 3455 2526; x_wconf 79' lang='grc' dir='ltr'><strong>ἐξ</strong></span> <span class='ocrx_word' id='word_1_586' title='bbox 3484 2465 3595 2514; x_wconf 80' lang='grc' dir='ltr'>ἐπι-</span> 
     </span>
    </p>
   </div>
   <div class='ocr_carea' id='block_1_71' title="bbox 2023 2542 3591 2621">
    <p class='ocr_par' dir='ltr' id='par_1_71' title="bbox 2023 2542 3591 2621">
     <span class='ocr_line' id='line_1_71' title="bbox 2023 2542 3591 2621; baseline 0.007 -26"><span class='ocrx_word' id='word_1_587' title='bbox 2023 2542 2184 2614; x_wconf 83' lang='grc' dir='ltr'>λογῆς</span> <span class='ocrx_word' id='word_1_588' title='bbox 2224 2546 2697 2617; x_wconf 84' lang='grc' dir='ltr'>πρωτοκαθεδρίας</span> <span class='ocrx_word' id='word_1_589' title='bbox 2743 2549 2835 2601; x_wconf 79' lang='grc' dir='ltr'>καὶ</span> <span class='ocrx_word' id='word_1_590' title='bbox 2883 2550 3305 2621; x_wconf 81' lang='grc' dir='ltr'>πρωτοκλισίας,</span> <span class='ocrx_word' id='word_1_591' title='bbox 3358 2554 3591 2621; x_wconf 73' lang='grc' dir='ltr'>ἡκούσα-</span> 
     </span>
    </p>
   </div>
   <div class='ocr_carea' id='block_1_72' title="bbox 2027 2634 3594 2715">
    <p class='ocr_par' dir='ltr' id='par_1_72' title="bbox 2027 2634 3594 2715">
     <span class='ocr_line' id='line_1_72' title="bbox 2027 2634 3594 2715; baseline 0.007 -29"><span class='ocrx_word' id='word_1_592' title='bbox 2027 2652 2144 2704; x_wconf 89' lang='grc' dir='ltr'>μεν.</span> <span class='ocrx_word' id='word_1_593' title='bbox 2175 2636 2284 2688; x_wconf 75' lang='grc' dir='ltr'><strong>Καὶ</strong></span> <span class='ocrx_word' id='word_1_594' title='bbox 2321 2636 2429 2707; x_wconf 81' lang='grc' dir='ltr'><strong>γὰρ</strong></span> <span class='ocrx_word' id='word_1_595' title='bbox 2463 2639 2561 2691; x_wconf 82' lang='grc' dir='ltr'>οὐκ</span> <span class='ocrx_word' id='word_1_596' title='bbox 2600 2634 2668 2709; x_wconf 81' lang='grc' dir='ltr'>ἦν</span> <span class='ocrx_word' id='word_1_597' title='bbox 2696 2639 2790 2692; x_wconf 82' lang='grc' dir='ltr'><strong>τοῦ</strong></span> <span class='ocrx_word' id='word_1_598' title='bbox 2822 2640 3027 2693; x_wconf 86' lang='grc' dir='ltr'>δικαίου</span> <span class='ocrx_word' id='word_1_599' title='bbox 3061 2641 3217 2710; x_wconf 76' lang='grc' dir='ltr'>Θεοῦ,</span> <span class='ocrx_word' id='word_1_600' title='bbox 3248 2644 3343 2696; x_wconf 82' lang='grc' dir='ltr'>τοῦ</span> <span class='ocrx_word' id='word_1_601' title='bbox 3382 2646 3594 2715; x_wconf 71' lang='grc' dir='ltr'>ἑτοιμάο</span> 
     </span>
    </p>
   </div>
   <div class='ocr_carea' id='block_1_73' title="bbox 2024 2724 3593 2804">
    <p class='ocr_par' dir='ltr' id='par_1_73' title="bbox 2024 2724 3593 2804">
     <span class='ocr_line' id='line_1_73' title="bbox 2024 2724 3593 2804; baseline 0.006 -26"><span class='ocrx_word' id='word_1_602' title='bbox 2024 2724 2205 2790; x_wconf 80' lang='grc' dir='ltr'>ζοντος</span> <span class='ocrx_word' id='word_1_603' title='bbox 2254 2727 2393 2780; x_wconf 89' lang='grc' dir='ltr'><strong>κατά</strong></span> <span class='ocrx_word' id='word_1_604' title='bbox 2441 2729 2539 2801; x_wconf 79' lang='grc' dir='ltr'>τὴν</span> <span class='ocrx_word' id='word_1_605' title='bbox 2592 2730 2822 2783; x_wconf 79' lang='grc' dir='ltr'>ἑκάστου</span> <span class='ocrx_word' id='word_1_606' title='bbox 2867 2730 3147 2784; x_wconf 87' lang='grc' dir='ltr'>πολιτείαν</span> <span class='ocrx_word' id='word_1_607' title='bbox 3193 2732 3263 2785; x_wconf 79' lang='grc' dir='ltr'><strong>τὰ</strong></span> <span class='ocrx_word' id='word_1_608' title='bbox 3313 2734 3593 2804; x_wconf 70' lang='grc' dir='ltr'>μέλλοντα,</span> 
     </span>
    </p>
   </div>
   <div class='ocr_carea' id='block_1_74' title="bbox 2025 2819 3593 2895">
    <p class='ocr_par' dir='ltr' id='par_1_74' title="bbox 2025 2819 3593 2895">
     <span class='ocr_line' id='line_1_74' title="bbox 2025 2819 3593 2895; baseline 0.008 -27"><span class='ocrx_word' id='word_1_609' title='bbox 2025 2820 2325 2887; x_wconf 84' lang='grc' dir='ltr'>παρασχεῖν</span> <span class='ocrx_word' id='word_1_610' title='bbox 2354 2836 2459 2872; x_wconf 89' lang='grc' dir='ltr'>τινι</span> <span class='ocrx_word' id='word_1_611' title='bbox 2504 2820 2577 2889; x_wconf 81' lang='grc' dir='ltr'>μὴ</span> <span class='ocrx_word' id='word_1_612' title='bbox 2607 2819 2845 2885; x_wconf 87' lang='grc' dir='ltr'>δικαίαν,</span> <span class='ocrx_word' id='word_1_613' title='bbox 2875 2822 2909 2892; x_wconf 81' lang='grc' dir='ltr'><strong>ἦ</strong></span> <span class='ocrx_word' id='word_1_614' title='bbox 2945 2823 3328 2894; x_wconf 79' lang='grc' dir='ltr'>αὐχηματικὴν</span> <span class='ocrx_word' id='word_1_615' title='bbox 3360 2825 3593 2895; x_wconf 72' lang='grc' dir='ltr'>αττησιν.</span> 
     </span>
    </p>
   </div>
   <div class='ocr_carea' id='block_1_75' title="bbox 2025 2908 3596 2986">
    <p class='ocr_par' dir='ltr' id='par_1_75' title="bbox 2025 2908 3596 2986">
     <span class='ocr_line' id='line_1_75' title="bbox 2025 2908 3596 2986; baseline 0.005 -26"><span class='ocrx_word' id='word_1_616' title='bbox 2025 2908 2117 2961; x_wconf 76' lang='grc' dir='ltr'>καὶ</span> <span class='ocrx_word' id='word_1_617' title='bbox 2144 2908 2301 2975; x_wconf 76' lang='grc' dir='ltr'>τάξαι</span> <span class='ocrx_word' id='word_1_618' title='bbox 2332 2912 2457 2973; x_wconf 79' lang='grc' dir='ltr'>τοὺς</span> <span class='ocrx_word' id='word_1_619' title='bbox 2489 2911 2736 2982; x_wconf 83' lang='grc' dir='ltr'>πρώτους</span> <span class='ocrx_word' id='word_1_620' title='bbox 2763 2915 2821 2966; x_wconf 83' lang='grc' dir='ltr'><strong>ἐν</strong></span> <span class='ocrx_word' id='word_1_621' title='bbox 2848 2914 3117 2985; x_wconf 81' lang='grc' dir='ltr'>ὑστέροις,</span> <span class='ocrx_word' id='word_1_622' title='bbox 3148 2916 3241 2967; x_wconf 78' lang='grc' dir='ltr'><strong>καὶ</strong></span> <span class='ocrx_word' id='word_1_623' title='bbox 3270 2916 3596 2986; x_wconf 81' lang='grc' dir='ltr'>παραλυπῆ-</span> 
     </span>
    </p>
   </div>
   <div class='ocr_carea' id='block_1_76' title="bbox 2026 3000 3596 3077">
    <p class='ocr_par' dir='ltr' id='par_1_76' title="bbox 2026 3000 3596 3077">
     <span class='ocr_line' id='line_1_76' title="bbox 2026 3000 3596 3077; baseline 0.006 -26"><span class='ocrx_word' id='word_1_624' title='bbox 2026 3016 2117 3052; x_wconf 91' lang='grc' dir='ltr'><strong>σαι</strong></span> <span class='ocrx_word' id='word_1_625' title='bbox 2148 3002 2274 3064; x_wconf 70' lang='grc' dir='ltr'>τοὺς</span> <span class='ocrx_word' id='word_1_626' title='bbox 2298 3000 2395 3071; x_wconf 81' lang='grc' dir='ltr'>τὴν</span> <span class='ocrx_word' id='word_1_627' title='bbox 2419 3001 2571 3067; x_wconf 77' lang='grc' dir='ltr'>τάξιν</span> <span class='ocrx_word' id='word_1_628' title='bbox 2612 3006 2686 3075; x_wconf 80' lang='grc' dir='ltr'>μὴ</span> <span class='ocrx_word' id='word_1_629' title='bbox 2714 3004 2985 3069; x_wconf 84' lang='grc' dir='ltr'>λιπόντας,</span> <span class='ocrx_word' id='word_1_630' title='bbox 3025 3006 3146 3077; x_wconf 80' lang='grc' dir='ltr'>μηδ’</span> <span class='ocrx_word' id='word_1_631' title='bbox 3176 3008 3351 3077; x_wconf 82' lang='grc' dir='ltr'>ἀρχῆς</span> <span class='ocrx_word' id='word_1_632' title='bbox 3385 3009 3596 3077; x_wconf 64' lang='grc' dir='ltr'>ἐφιεμέ-</span> 
     </span>
    </p>
   </div>
   <div class='ocr_carea' id='block_1_77' title="bbox 2026 3092 3596 3171">
    <p class='ocr_par' dir='ltr' id='par_1_77' title="bbox 2026 3092 3596 3171">
     <span class='ocr_line' id='line_1_77' title="bbox 2026 3092 3596 3171; baseline 0.007 -29"><span class='ocrx_word' id='word_1_633' title='bbox 2026 3108 2149 3155; x_wconf 88' lang='grc' dir='ltr'>νους</span> <span class='ocrx_word' id='word_1_634' title='bbox 2176 3092 2523 3159; x_wconf 81' lang='grc' dir='ltr'>ἀποστόλους,</span> <span class='ocrx_word' id='word_1_635' title='bbox 2559 3096 2654 3148; x_wconf 76' lang='grc' dir='ltr'>καὶ</span> <span class='ocrx_word' id='word_1_636' title='bbox 2684 3097 2780 3150; x_wconf 80' lang='grc' dir='ltr'>σὺν</span> <span class='ocrx_word' id='word_1_637' title='bbox 2812 3097 2995 3161; x_wconf 79' lang='grc' dir='ltr'>αὐτοῖς</span> <span class='ocrx_word' id='word_1_638' title='bbox 3026 3100 3151 3161; x_wconf 80' lang='grc' dir='ltr'>τοὺς</span> <span class='ocrx_word' id='word_1_639' title='bbox 3181 3101 3596 3171; x_wconf 77' lang='grc' dir='ltr'>προαρέσαντας</span> 
     </span>
    </p>
   </div>
   <div class='ocr_carea' id='block_1_78' title="bbox 2029 3181 3596 3261">
    <p class='ocr_par' dir='ltr' id='par_1_78' title="bbox 2029 3181 3596 3261">
     <span class='ocr_line' id='line_1_78' title="bbox 2029 3181 3596 3261; baseline 0.006 -27"><span class='ocrx_word' id='word_1_640' title='bbox 2029 3181 2196 3253; x_wconf 80' lang='grc' dir='ltr'>αὐτῷ,</span> <span class='ocrx_word' id='word_1_641' title='bbox 2258 3185 2350 3238; x_wconf 80' lang='grc' dir='ltr'>κα).</span> <span class='ocrx_word' id='word_1_642' title='bbox 2404 3186 2491 3238; x_wconf 79' lang='grc' dir='ltr'>ἐπ’</span> <span class='ocrx_word' id='word_1_643' title='bbox 2549 3186 2717 3259; x_wconf 80' lang='grc' dir='ltr'>ἀρετῇ</span> <span class='ocrx_word' id='word_1_644' title='bbox 2777 3188 3190 3259; x_wconf 82' lang='grc' dir='ltr'>θαυμασθέντας</span> <span class='ocrx_word' id='word_1_645' title='bbox 3242 3192 3596 3261; x_wconf 78' lang='grc' dir='ltr'>προπάτορας</span> 
     </span>
    </p>
   </div>
   <div class='ocr_carea' id='block_1_79' title="bbox 2028 3268 3598 3351">
    <p class='ocr_par' dir='ltr' id='par_1_79' title="bbox 2028 3268 3598 3351">
     <span class='ocr_line' id='line_1_79' title="bbox 2028 3268 3598 3351; baseline 0.005 -27"><span class='ocrx_word' id='word_1_646' title='bbox 2028 3272 2206 3343; x_wconf 75' lang='grc' dir='ltr'>ἡμῶν,</span> <span class='ocrx_word' id='word_1_647' title='bbox 2244 3268 2324 3338; x_wconf 75' lang='grc' dir='ltr'>οἷς</span> <span class='ocrx_word' id='word_1_648' title='bbox 2375 3276 2643 3344; x_wconf 84' lang='grc' dir='ltr'>συνέθετο,</span> <span class='ocrx_word' id='word_1_649' title='bbox 2700 3278 2794 3332; x_wconf 69' lang='grc' dir='ltr'><strong>καὶ</strong></span> <span class='ocrx_word' id='word_1_650' title='bbox 2838 3275 2920 3342; x_wconf 75' lang='grc' dir='ltr'>οἷς</span> <span class='ocrx_word' id='word_1_651' title='bbox 2955 3281 3064 3333; x_wconf 80' lang='grc' dir='ltr'><strong>πᾶν</strong></span> <span class='ocrx_word' id='word_1_652' title='bbox 3115 3281 3261 3333; x_wconf 88' lang='grc' dir='ltr'>ἐστιν</span> <span class='ocrx_word' id='word_1_653' title='bbox 3308 3282 3460 3345; x_wconf 74' lang='grc' dir='ltr'>εἰκὸς</span> <span class='ocrx_word' id='word_1_654' title='bbox 3502 3284 3598 3351; x_wconf 71' lang='grc' dir='ltr'>τὴν</span> 
     </span>
    </p>
   </div>
   <div class='ocr_carea' id='block_1_80' title="bbox 2028 3364 3593 3444">
    <p class='ocr_par' dir='ltr' id='par_1_80' title="bbox 2028 3364 3593 3444">
     <span class='ocr_line' id='line_1_80' title="bbox 2028 3364 3593 3444; baseline 0.006 -28"><span class='ocrx_word' id='word_1_655' title='bbox 2028 3364 2366 3436; x_wconf 79' lang='grc' dir='ltr'>ἑκατέρωθεν</span> <span class='ocrx_word' id='word_1_656' title='bbox 2394 3368 2558 3421; x_wconf 79' lang='grc' dir='ltr'>αὐτοῦ</span> <span class='ocrx_word' id='word_1_657' title='bbox 2587 3371 2879 3441; x_wconf 83' lang='grc' dir='ltr'>προεδρίαν</span> <span class='ocrx_word' id='word_1_658' title='bbox 2899 3369 3026 3442; x_wconf 89' lang='grc'><strong>[206</strong></span> <span class='ocrx_word' id='word_1_659' title='bbox 3067 3370 3119 3443; x_wconf 81' lang='lat' dir='ltr'><strong>b]</strong></span> <span class='ocrx_word' id='word_1_660' title='bbox 3135 3374 3593 3444; x_wconf 76' lang='grc' dir='ltr'>προῦποσχέσθαι,</span> 
     </span>
    </p>
   </div>
   <div class='ocr_carea' id='block_1_81' title="bbox 2027 3448 3595 3534">
    <p class='ocr_par' dir='ltr' id='par_1_81' title="bbox 2027 3448 3595 3534">
     <span class='ocr_line' id='line_1_81' title="bbox 2027 3448 3595 3534; baseline 0.007 -26"><span class='ocrx_word' id='word_1_661' title='bbox 2027 3448 2102 3509; x_wconf 83' lang='grc' dir='ltr'>ὧν</span> <span class='ocrx_word' id='word_1_662' title='bbox 2130 3458 2222 3509; x_wconf 74' lang='grc' dir='ltr'><strong>καὶ</strong></span> <span class='ocrx_word' id='word_1_663' title='bbox 2250 3459 2331 3520; x_wconf 86' lang='grc' dir='ltr'><strong>είς</strong></span> <span class='ocrx_word' id='word_1_664' title='bbox 2354 3459 2480 3522; x_wconf 79' lang='grc' dir='ltr'>τοὺς</span> <span class='ocrx_word' id='word_1_665' title='bbox 2501 3459 2732 3524; x_wconf 85' lang='grc' dir='ltr'>κόλπους</span> <span class='ocrx_word' id='word_1_666' title='bbox 2756 3456 2923 3525; x_wconf 72' lang='grc' dir='ltr'>οὗτοι,</span> <span class='ocrx_word' id='word_1_667' title='bbox 2950 3464 3078 3534; x_wconf 74' lang='grc' dir='ltr'>περὶ</span> <span class='ocrx_word' id='word_1_668' title='bbox 3107 3457 3181 3518; x_wconf 81' lang='grc' dir='ltr'>ὧν</span> <span class='ocrx_word' id='word_1_669' title='bbox 3209 3466 3238 3517; x_wconf 91' lang='lat'><strong>6</strong></span> <span class='ocrx_word' id='word_1_670' title='bbox 3267 3464 3443 3533; x_wconf 82' lang='grc' dir='ltr'>λόγος,</span> <span class='ocrx_word' id='word_1_671' title='bbox 3465 3484 3595 3519; x_wconf 75' lang='grc' dir='ltr'>κατ-</span> 
     </span>
    </p>
   </div>
   <div class='ocr_carea' id='block_1_82' title="bbox 2029 3547 3596 3623">
    <p class='ocr_par' dir='ltr' id='par_1_82' title="bbox 2029 3547 3596 3623">
     <span class='ocr_line' id='line_1_82' title="bbox 2029 3547 3596 3623; baseline 0.006 -25"><span class='ocrx_word' id='word_1_672' title='bbox 2029 3547 2401 3601; x_wconf 81' lang='grc' dir='ltr'>αναπαύεσθαι</span> <span class='ocrx_word' id='word_1_673' title='bbox 2434 3548 2655 3619; x_wconf 75' lang='grc' dir='ltr'>ἔμελλον</span> <span class='ocrx_word' id='word_1_674' title='bbox 2674 3566 2687 3580; x_wconf 88' lang='grc'><strong>·</strong></span> <span class='ocrx_word' id='word_1_675' title='bbox 2716 3552 2853 3623; x_wconf 84' lang='grc' dir='ltr'>πρὸς</span> <span class='ocrx_word' id='word_1_676' title='bbox 2880 3552 3090 3617; x_wconf 81' lang='grc' dir='ltr'>τούτοις</span> <span class='ocrx_word' id='word_1_677' title='bbox 3126 3555 3184 3607; x_wconf 86' lang='grc' dir='ltr'><strong>δέ</strong></span> <span class='ocrx_word' id='word_1_678' title='bbox 3210 3556 3304 3607; x_wconf 71' lang='grc' dir='ltr'>καὶ</span> <span class='ocrx_word' id='word_1_679' title='bbox 3333 3558 3596 3610; x_wconf 70' lang='grc' dir='ltr'><strong>Μωῖδεινέει.⁹</strong></span> 
     </span>
    </p>
   </div>
   <div class='ocr_carea' id='block_1_83' title="bbox 2028 3640 3596 3721">
    <p class='ocr_par' dir='ltr' id='par_1_83' title="bbox 2028 3640 3596 3721">
     <span class='ocr_line' id='line_1_83' title="bbox 2028 3640 3596 3721; baseline 0.007 -30"><span class='ocrx_word' id='word_1_680' title='bbox 2028 3640 2233 3693; x_wconf 85' lang='grc' dir='ltr'>ὲπείτοι</span> <span class='ocrx_word' id='word_1_681' title='bbox 2265 3642 2360 3694; x_wconf 76' lang='grc' dir='ltr'>καὶ</span> <span class='ocrx_word' id='word_1_682' title='bbox 2391 3643 2551 3707; x_wconf 83' lang='grc' dir='ltr'>αὐτός</span> <span class='ocrx_word' id='word_1_683' title='bbox 2581 3644 2726 3698; x_wconf 86' lang='grc' dir='ltr'>ἐστιν</span> <span class='ocrx_word' id='word_1_684' title='bbox 2755 3646 2783 3698; x_wconf 90' lang='lat'><strong>6</strong></span> <span class='ocrx_word' id='word_1_685' title='bbox 2819 3645 2913 3699; x_wconf 73' lang='lat' dir='ltr'><strong>xui.</strong></span> <span class='ocrx_word' id='word_1_686' title='bbox 2958 3646 3051 3698; x_wconf 79' lang='grc' dir='ltr'>τοῦ</span> <span class='ocrx_word' id='word_1_687' title='bbox 3086 3648 3401 3718; x_wconf 76' lang='grc' dir='ltr'>αἰτηθέντος</span> <span class='ocrx_word' id='word_1_688' title='bbox 3455 3651 3596 3721; x_wconf 77' lang='grc' dir='ltr'>πρά-</span> 
     </span>
    </p>
   </div>
   <div class='ocr_carea' id='block_1_84' title="bbox 2029 3733 3595 3813">
    <p class='ocr_par' dir='ltr' id='par_1_84' title="bbox 2029 3733 3595 3813">
     <span class='ocr_line' id='line_1_84' title="bbox 2029 3733 3595 3813; baseline 0.007 -31"><span class='ocrx_word' id='word_1_689' title='bbox 2029 3747 2237 3800; x_wconf 88' lang='grc' dir='ltr'>γματος</span> <span class='ocrx_word' id='word_1_690' title='bbox 2252 3733 2344 3785; x_wconf 78' lang='grc' dir='ltr'><strong>καὶ</strong></span> <span class='ocrx_word' id='word_1_691' title='bbox 2364 3733 2463 3801; x_wconf 85' lang='grc' dir='ltr'>τῆς</span> <span class='ocrx_word' id='word_1_692' title='bbox 2484 3734 2716 3802; x_wconf 87' lang='grc' dir='ltr'>κρίσεως</span> <span class='ocrx_word' id='word_1_693' title='bbox 2742 3736 2921 3809; x_wconf 87' lang='grc' dir='ltr'>πάσης</span> <span class='ocrx_word' id='word_1_694' title='bbox 2950 3737 3171 3809; x_wconf 83' lang='grc' dir='ltr'>Κύριος,</span> <span class='ocrx_word' id='word_1_695' title='bbox 3204 3740 3298 3791; x_wconf 77' lang='grc' dir='ltr'>καὶ</span> <span class='ocrx_word' id='word_1_696' title='bbox 3322 3741 3351 3793; x_wconf 90' lang='lat'><strong>6</strong></span> <span class='ocrx_word' id='word_1_697' title='bbox 3376 3744 3595 3813; x_wconf 76' lang='grc' dir='ltr'>προορί-</span> 
     </span>
    </p>
   </div>
   <div class='ocr_carea' id='block_1_85' title="bbox 2032 3823 3595 3898">
    <p class='ocr_par' dir='ltr' id='par_1_85' title="bbox 2032 3823 3595 3898">
     <span class='ocr_line' id='line_1_85' title="bbox 2032 3823 3595 3898; baseline 0.005 -24"><span class='ocrx_word' id='word_1_698' title='bbox 2032 3838 2129 3885; x_wconf 88' lang='grc' dir='ltr'><strong>σας</strong></span> <span class='ocrx_word' id='word_1_699' title='bbox 2171 3825 2284 3886; x_wconf 86' lang='grc' dir='ltr'><strong>τοίς</strong></span> <span class='ocrx_word' id='word_1_700' title='bbox 2330 3823 2649 3889; x_wconf 87' lang='grc' dir='ltr'>ἀποστόλοις</span> <span class='ocrx_word' id='word_1_701' title='bbox 2703 3828 2827 3890; x_wconf 80' lang='grc' dir='ltr'>τοὺς</span> <span class='ocrx_word' id='word_1_702' title='bbox 2876 3826 3130 3898; x_wconf 88' lang='grc' dir='ltr'>θρόνους,</span> <span class='ocrx_word' id='word_1_703' title='bbox 3192 3828 3595 3898; x_wconf 84' lang='grc' dir='ltr'>βασιλικώτατα</span> 
     </span>
    </p>
   </div>
   <div class='ocr_carea' id='block_1_86' title="bbox 2030 3916 3597 3990">
    <p class='ocr_par' dir='ltr' id='par_1_86' title="bbox 2030 3916 3597 3990">
     <span class='ocr_line' id='line_1_86' title="bbox 2030 3916 3597 3990; baseline 0.002 -22"><span class='ocrx_word' id='word_1_704' title='bbox 2030 3916 2471 3988; x_wconf 85' lang='grc' dir='ltr'>προαγαγόμενος</span> <span class='ocrx_word' id='word_1_705' title='bbox 2496 3919 2690 3982; x_wconf 77' lang='grc' dir='ltr'>αὐτοὺς</span> <span class='ocrx_word' id='word_1_706' title='bbox 2715 3918 2808 3971; x_wconf 75' lang='grc' dir='ltr'>καὶ</span> <span class='ocrx_word' id='word_1_707' title='bbox 2837 3919 3299 3990; x_wconf 68' lang='grc' dir='ltr'>ἐπαγγειλάμενος</span> <span class='ocrx_word' id='word_1_708' title='bbox 3318 3936 3331 3949; x_wconf 75' lang='grc' dir='ltr'><strong><em>ο</em></strong></span> <span class='ocrx_word' id='word_1_709' title='bbox 3359 3938 3379 3971; x_wconf 80' lang='grc' dir='ltr'><strong>ι</strong></span> <span class='ocrx_word' id='word_1_710' title='bbox 3411 3921 3597 3989; x_wconf 53' lang='grc' dir='ltr'>Ὑμεξ</span> 
     </span>
    </p>
   </div>
   <div class='ocr_carea' id='block_1_87' title="bbox 2030 4008 3598 4083">
    <p class='ocr_par' dir='ltr' id='par_1_87' title="bbox 2030 4008 3598 4083">
     <span class='ocr_line' id='line_1_87' title="bbox 2030 4008 3598 4083; baseline 0.002 -23"><span class='ocrx_word' id='word_1_711' title='bbox 2030 4008 2428 4079; x_wconf 82' lang='grc' dir='ltr'>καθεσθήσεσθε</span> <span class='ocrx_word' id='word_1_712' title='bbox 2448 4010 2541 4063; x_wconf 75' lang='grc' dir='ltr'>ἐπὶ</span> <span class='ocrx_word' id='word_1_713' title='bbox 2571 4009 2778 4063; x_wconf 88' lang='grc' dir='ltr'>δώδεκα</span> <span class='ocrx_word' id='word_1_714' title='bbox 2806 4010 3032 4083; x_wconf 66' lang='grc' dir='ltr'>θρόνων,</span> <span class='ocrx_word' id='word_1_715' title='bbox 3068 4011 3342 4081; x_wconf 84' lang='grc' dir='ltr'>κρίνοντες</span> <span class='ocrx_word' id='word_1_716' title='bbox 3369 4011 3470 4073; x_wconf 77' lang='grc' dir='ltr'><strong>τὰς</strong></span> <span class='ocrx_word' id='word_1_717' title='bbox 3497 4012 3598 4063; x_wconf 82' lang='grc' dir='ltr'><strong>δὼ-</strong></span> 
     </span>
    </p>
   </div>
   <div class='ocr_carea' id='block_1_88' title="bbox 2026 4099 3599 4173">
    <p class='ocr_par' dir='ltr' id='par_1_88' title="bbox 2026 4099 3599 4173">
     <span class='ocr_line' id='line_1_88' title="bbox 2026 4099 3599 4173; baseline 0.002 -22"><span class='ocrx_word' id='word_1_718' title='bbox 2026 4099 2159 4152; x_wconf 79' lang='grc' dir='ltr'>δεκα</span> <span class='ocrx_word' id='word_1_719' title='bbox 2198 4099 2369 4167; x_wconf 81' lang='grc' dir='ltr'>φυλὰς</span> <span class='ocrx_word' id='word_1_720' title='bbox 2394 4099 2488 4153; x_wconf 82' lang='grc' dir='ltr'>τοῦ</span> <span class='ocrx_word' id='word_1_721' title='bbox 2526 4101 2761 4173; x_wconf 79' lang='grc' dir='ltr'>Ἰσραήλ.</span> <span class='ocrx_word' id='word_1_722' title='bbox 2788 4121 2806 4154; x_wconf 76' lang='grc' dir='ltr'><strong>ι</strong></span> <span class='ocrx_word' id='word_1_723' title='bbox 2846 4102 3008 4173; x_wconf 90' lang='grc' dir='ltr'>’Ὀρον</span> <span class='ocrx_word' id='word_1_724' title='bbox 3035 4102 3165 4170; x_wconf 83' lang='grc' dir='ltr'>γοῦν</span> <span class='ocrx_word' id='word_1_725' title='bbox 3196 4103 3293 4156; x_wconf 72' lang='grc' dir='ltr'>ἕνα</span> <span class='ocrx_word' id='word_1_726' title='bbox 3322 4102 3424 4155; x_wconf 74' lang='grc' dir='ltr'>οὐκ</span> <span class='ocrx_word' id='word_1_727' title='bbox 3450 4104 3599 4155; x_wconf 78' lang='grc' dir='ltr'>ἀντίρ</span> 
     </span>
    </p>
   </div>
   <div class='ocr_carea' id='block_1_89' title="bbox 2028 4188 3598 4263">
    <p class='ocr_par' dir='ltr' id='par_1_89' title="bbox 2028 4188 3598 4263">
     <span class='ocr_line' id='line_1_89' title="bbox 2028 4188 3598 4263; baseline 0.002 -21"><span class='ocrx_word' id='word_1_728' title='bbox 2028 4188 2215 4243; x_wconf 88' lang='grc' dir='ltr'>λεκτον</span> <span class='ocrx_word' id='word_1_729' title='bbox 2242 4190 2335 4243; x_wconf 83' lang='grc' dir='ltr'>τοῦ</span> <span class='ocrx_word' id='word_1_730' title='bbox 2366 4192 2439 4263; x_wconf 77' lang='grc' dir='ltr'>μὴ</span> <span class='ocrx_word' id='word_1_731' title='bbox 2470 4192 2681 4261; x_wconf 87' lang='grc' dir='ltr'>μεγάλα</span> <span class='ocrx_word' id='word_1_732' title='bbox 2709 4192 2896 4263; x_wconf 83' lang='grc' dir='ltr'>αὐχεῖν</span> <span class='ocrx_word' id='word_1_733' title='bbox 2922 4210 3048 4246; x_wconf 90' lang='grc' dir='ltr'>τινα</span> <span class='ocrx_word' id='word_1_734' title='bbox 3082 4194 3177 4247; x_wconf 78' lang='grc' dir='ltr'>καὶ</span> <span class='ocrx_word' id='word_1_735' title='bbox 3206 4194 3386 4263; x_wconf 84' lang='grc' dir='ltr'>ἐαυτῴ</span> <span class='ocrx_word' id='word_1_736' title='bbox 3410 4195 3598 4246; x_wconf 76' lang='grc' dir='ltr'>ἀποδι-</span> 
     </span>
    </p>
   </div>
   <div class='ocr_carea' id='block_1_90' title="bbox 2027 4282 3577 4356">
    <p class='ocr_par' dir='ltr' id='par_1_90' title="bbox 2027 4282 3577 4356">
     <span class='ocr_line' id='line_1_90' title="bbox 2027 4282 3577 4356; baseline 0.001 -21"><span class='ocrx_word' id='word_1_737' title='bbox 2027 4282 2173 4336; x_wconf 85' lang='grc' dir='ltr'>δόναι</span> <span class='ocrx_word' id='word_1_738' title='bbox 2197 4282 2364 4347; x_wconf 76' lang='grc' dir='ltr'>τιθεὶς</span> <span class='ocrx_word' id='word_1_739' title='bbox 2393 4283 2589 4352; x_wconf 81' lang='grc' dir='ltr'>φάσκει</span> <span class='ocrx_word' id='word_1_740' title='bbox 2608 4300 2621 4315; x_wconf 90' lang='grc'><strong>·</strong></span> <span class='ocrx_word' id='word_1_741' title='bbox 2655 4302 2673 4336; x_wconf 80' lang='grc' dir='ltr'><strong>ι</strong></span> <span class='ocrx_word' id='word_1_742' title='bbox 2706 4282 2832 4337; x_wconf 81' lang='grc' dir='ltr'><strong>Ἐὰν</strong></span> <span class='ocrx_word' id='word_1_743' title='bbox 2856 4283 2966 4352; x_wconf 86' lang='grc' dir='ltr'>ἐγὼ</span> <span class='ocrx_word' id='word_1_744' title='bbox 2993 4284 3253 4356; x_wconf 79' lang='grc' dir='ltr'>μαρτυρῶ</span> <span class='ocrx_word' id='word_1_745' title='bbox 3278 4286 3409 4355; x_wconf 76' lang='grc' dir='ltr'>περὶ</span> <span class='ocrx_word' id='word_1_746' title='bbox 3431 4287 3577 4355; x_wconf 83' lang='grc' dir='ltr'>ἐμαυ</span> 
     </span>
    </p>
   </div>
   <div class='ocr_carea' id='block_1_91' title="bbox 2028 4374 3597 4447">
    <p class='ocr_par' dir='ltr' id='par_1_91' title="bbox 2028 4374 3597 4447">
     <span class='ocr_line' id='line_1_91' title="bbox 2028 4374 3597 4447; baseline 0.001 -20"><span class='ocrx_word' id='word_1_747' title='bbox 2028 4374 2143 4441; x_wconf 75' lang='grc' dir='ltr'>τοῦ,</span> <span class='ocrx_word' id='word_1_748' title='bbox 2175 4377 2208 4446; x_wconf 81' lang='grc' dir='ltr'>ἡ</span> <span class='ocrx_word' id='word_1_749' title='bbox 2245 4376 2517 4446; x_wconf 86' lang='grc' dir='ltr'>μαρτυρία</span> <span class='ocrx_word' id='word_1_750' title='bbox 2548 4392 2648 4446; x_wconf 89' lang='grc' dir='ltr'><strong>μου</strong></span> <span class='ocrx_word' id='word_1_751' title='bbox 2680 4376 2830 4429; x_wconf 85' lang='grc' dir='ltr'>οὐδέν</span> <span class='ocrx_word' id='word_1_752' title='bbox 2858 4377 3040 4430; x_wconf 83' lang='grc' dir='ltr'>ἐστιν·</span> <span class='ocrx_word' id='word_1_753' title='bbox 3072 4376 3188 4430; x_wconf 87' lang='grc' dir='ltr'>ἀλλ’</span> <span class='ocrx_word' id='word_1_754' title='bbox 3217 4376 3366 4430; x_wconf 83' lang='grc' dir='ltr'>ἐστιν</span> <span class='ocrx_word' id='word_1_755' title='bbox 3394 4378 3427 4429; x_wconf 83' lang='grc' dir='ltr'><strong>δ</strong></span> <span class='ocrx_word' id='word_1_756' title='bbox 3455 4394 3597 4447; x_wconf 82' lang='grc' dir='ltr'>μαρ-</span> 
     </span>
    </p>
   </div>
   <div class='ocr_carea' id='block_1_92' title="bbox 365 4466 1922 4553">
    <p class='ocr_par' dir='ltr' id='par_1_92' title="bbox 365 4468 1922 4553">
     <span class='ocr_line' id='line_1_92' title="bbox 365 4468 1922 4553; baseline -0.003 -24"><span class='ocrx_word' id='word_1_757' title='bbox 365 4474 625 4547; x_wconf 87' lang='lat' dir='ltr'><strong>apostolis</strong></span> <span class='ocrx_word' id='word_1_758' title='bbox 648 4477 805 4532; x_wconf 84' lang='lat' dir='ltr'><strong>sedes</strong></span> <span class='ocrx_word' id='word_1_759' title='bbox 831 4476 1159 4553; x_wconf 71' lang='lat' dir='ltr'><strong>praestituit,</strong></span> <span class='ocrx_word' id='word_1_760' title='bbox 1191 4485 1393 4541; x_wconf 90' lang='lat' dir='ltr'><strong>eosque</strong></span> <span class='ocrx_word' id='word_1_761' title='bbox 1421 4479 1483 4526; x_wconf 88' lang='lat' dir='ltr'><strong>ut</strong></span> <span class='ocrx_word' id='word_1_762' title='bbox 1508 4484 1720 4526; x_wconf 88' lang='lat' dir='ltr'><strong>summo</strong></span> <span class='ocrx_word' id='word_1_763' title='bbox 1746 4468 1922 4536; x_wconf 87' lang='lat' dir='ltr'><strong>impe-</strong></span> 
     </span>
    </p>
   </div>
   <div class='ocr_carea' id='block_1_93' title="bbox 2061 4466 3598 4553">
    <p class='ocr_par' dir='ltr' id='par_1_93' title="bbox 2061 4466 3598 4540">
     <span class='ocr_line' id='line_1_93' title="bbox 2061 4466 3598 4540; baseline 0 -19"><span class='ocrx_word' id='word_1_764' title='bbox 2061 4468 2205 4539; x_wconf 88' lang='grc' dir='ltr'>υρῶν</span> <span class='ocrx_word' id='word_1_765' title='bbox 2232 4469 2358 4539; x_wconf 82' lang='grc' dir='ltr'>περὶ</span> <span class='ocrx_word' id='word_1_766' title='bbox 2396 4467 2551 4538; x_wconf 81' lang='grc' dir='ltr'>ἐμοῦ,</span> <span class='ocrx_word' id='word_1_767' title='bbox 2578 4488 2597 4520; x_wconf 73' lang='grc' dir='ltr'><strong>ι</strong></span> <span class='ocrx_word' id='word_1_768' title='bbox 2654 4469 2683 4521; x_wconf 92' lang='lat'><strong>6</strong></span> <span class='ocrx_word' id='word_1_769' title='bbox 2731 4468 2923 4538; x_wconf 81' lang='grc' dir='ltr'>λέγων,</span> <span class='ocrx_word' id='word_1_770' title='bbox 2950 4470 3101 4539; x_wconf 72' lang='grc' dir='ltr'>φησι,</span> <span class='ocrx_word' id='word_1_771' title='bbox 3127 4470 3316 4540; x_wconf 72' lang='grc' dir='ltr'>Ηατήρ</span> <span class='ocrx_word' id='word_1_772' title='bbox 3334 4485 3349 4498; x_wconf 76' lang='grc'><strong><em>⁸</em></strong></span> <span class='ocrx_word' id='word_1_773' title='bbox 3388 4488 3406 4518; x_wconf 75' lang='grc' dir='ltr'><strong>ι</strong></span> <span class='ocrx_word' id='word_1_774' title='bbox 3429 4466 3598 4531; x_wconf 69' lang='grc' dir='ltr'>Οὗτός</span> 
     </span>
    </p>
   </div>
   <div class='ocr_carea' id='block_1_94' title="bbox 462 4580 1921 4719">
    <p class='ocr_par' dir='ltr' id='par_1_94' title="bbox 462 4580 1921 4719">
     <span class='ocr_line' id='line_1_94' title="bbox 462 4580 1921 4719; baseline -0.004 -78"><span class='ocrx_word' id='word_1_775' title='bbox 462 4587 546 4719; x_wconf 58' lang='grc'><strong>14)</strong></span> <span class='ocrx_word' id='word_1_776' title='bbox 565 4587 923 4644; x_wconf 80' lang='lat' dir='ltr'><strong>Considereut.</strong></span> <span class='ocrx_word' id='word_1_777' title='bbox 940 4588 1139 4650; x_wconf 77' lang='lat' dir='ltr'><strong>Codex,</strong></span> <span class='ocrx_word' id='word_1_778' title='bbox 1157 4582 1443 4646; x_wconf 84' lang='grc' dir='ltr'>συνθόκους</span> <span class='ocrx_word' id='word_1_779' title='bbox 1486 4598 1582 4653; x_wconf 86' lang='lat' dir='ltr'><strong>pro</strong></span> <span class='ocrx_word' id='word_1_780' title='bbox 1600 4580 1921 4646; x_wconf 69' lang='grc' dir='ltr'>ωνθὼκους.</span> 
     </span>
     <span class='ocr_line' id='line_1_95' title="bbox 462 4654 1279 4719; baseline -0.004 -10"><span class='ocrx_word' id='word_1_781' title='bbox 462 4657 525 4711; x_wconf 93' lang='grc'><strong>15</strong></span> <span class='ocrx_word' id='word_1_782' title='bbox 578 4656 700 4712; x_wconf 82' lang='lat' dir='ltr'><strong>Non</strong></span> <span class='ocrx_word' id='word_1_783' title='bbox 729 4666 824 4712; x_wconf 80' lang='lat' dir='ltr'><strong>est.</strong></span> <span class='ocrx_word' id='word_1_784' title='bbox 861 4657 1046 4711; x_wconf 80' lang='lat' dir='ltr'><strong>Matth.</strong></span> <span class='ocrx_word' id='word_1_785' title='bbox 1078 4654 1279 4719; x_wconf 73' lang='lat' dir='ltr'><strong>xx,25.</strong></span> 
     </span>
    </p>
   </div>
   <div class='ocr_carea' id='block_1_95' title="bbox 460 4654 1279 4719">
    <p class='ocr_par' dir='ltr' id='par_1_95' title="bbox 460 4654 1279 4719">
     <span class='ocr_line' id='line_1_96' title="bbox 460 4654 1279 4719; baseline -0.004 -10"><span class='ocrx_word' id='word_1_786' title='bbox 460 4654 546 4719; x_wconf 93' lang='grc'><strong>15)</strong></span> <span class='ocrx_word' id='word_1_787' title='bbox 578 4656 700 4712; x_wconf 82' lang='lat' dir='ltr'><strong>Non</strong></span> <span class='ocrx_word' id='word_1_788' title='bbox 729 4666 824 4712; x_wconf 80' lang='lat' dir='ltr'><strong>est.</strong></span> <span class='ocrx_word' id='word_1_789' title='bbox 861 4657 1046 4711; x_wconf 80' lang='lat' dir='ltr'><strong>Matth.</strong></span> <span class='ocrx_word' id='word_1_790' title='bbox 1078 4654 1279 4719; x_wconf 73' lang='lat' dir='ltr'><strong>xx,25.</strong></span> 
     </span>
    </p>
   </div>
   <div class='ocr_carea' id='block_1_96' title="bbox 434 4721 1631 4865">
    <p class='ocr_par' dir='ltr' id='par_1_96' title="bbox 434 4721 1631 4865">
     <span class='ocr_line' id='line_1_97' title="bbox 434 4721 1631 4865; baseline -0.004 -85"><span class='ocrx_word' id='word_1_791' title='bbox 434 4721 548 4865; x_wconf 64' lang='grc'><strong>(16)</strong></span> <span class='ocrx_word' id='word_1_792' title='bbox 573 4726 762 4781; x_wconf 75' lang='lat' dir='ltr'><strong>Decus.</strong></span> <span class='ocrx_word' id='word_1_793' title='bbox 801 4728 1001 4791; x_wconf 79' lang='lat' dir='ltr'><strong>Codex,</strong></span> <span class='ocrx_word' id='word_1_794' title='bbox 1030 4729 1225 4797; x_wconf 86' lang='grc' dir='ltr'>γῆρας.</span> <span class='ocrx_word' id='word_1_795' title='bbox 1260 4723 1401 4793; x_wconf 76' lang='lat' dir='ltr'><strong>Lego</strong></span> <span class='ocrx_word' id='word_1_796' title='bbox 1443 4721 1631 4793; x_wconf 85' lang='grc' dir='ltr'>γέρας.</span> 
     </span>
     <span class='ocr_line' id='line_1_98' title="bbox 437 4793 1621 4865; baseline -0.002 -16"><span class='ocrx_word' id='word_1_797' title='bbox 437 4796 524 4865; x_wconf 89' lang='grc'><strong>(17</strong></span> <span class='ocrx_word' id='word_1_798' title='bbox 586 4796 872 4860; x_wconf 74' lang='lat' dir='ltr'><strong>lpsevero.</strong></span> <span class='ocrx_word' id='word_1_799' title='bbox 906 4796 1061 4851; x_wconf 85' lang='lat' dir='ltr'><strong>Joan.</strong></span> <span class='ocrx_word' id='word_1_800' title='bbox 1104 4813 1163 4859; x_wconf 89' lang='grc' dir='ltr'><strong>ιι,</strong></span> <span class='ocrx_word' id='word_1_801' title='bbox 1210 4794 1302 4857; x_wconf 77' lang='grc'><strong>24,</strong></span> <span class='ocrx_word' id='word_1_802' title='bbox 1349 4793 1441 4847; x_wconf 90' lang='grc'><strong>25.</strong></span> <span class='ocrx_word' id='word_1_803' title='bbox 1506 4859 1526 4865; x_wconf 84' lang='lat'><em>_</em></span> <span class='ocrx_word' id='word_1_804' title='bbox 1612 4862 1621 4865; x_wconf 88' lang='lat'>_</span> 
     </span>
    </p>
   </div>
   <div class='ocr_carea' id='block_1_97' title="bbox 464 4793 1441 4860">
    <p class='ocr_par' dir='ltr' id='par_1_97' title="bbox 464 4793 1441 4860">
     <span class='ocr_line' id='line_1_99' title="bbox 464 4793 1441 4860; baseline -0.002 -11"><span class='ocrx_word' id='word_1_805' title='bbox 464 4793 548 4860; x_wconf 88' lang='grc'><strong>17)</strong></span> <span class='ocrx_word' id='word_1_806' title='bbox 586 4796 709 4860; x_wconf 78' lang='lat' dir='ltr'><strong>Ipse</strong></span> <span class='ocrx_word' id='word_1_807' title='bbox 733 4815 872 4851; x_wconf 74' lang='lat' dir='ltr'><strong>vero.</strong></span> <span class='ocrx_word' id='word_1_808' title='bbox 906 4793 1061 4851; x_wconf 85' lang='lat' dir='ltr'><strong>Joan.</strong></span> <span class='ocrx_word' id='word_1_809' title='bbox 1089 4793 1163 4859; x_wconf 70' lang='grc' dir='ltr'><strong>ιι,</strong></span> <span class='ocrx_word' id='word_1_810' title='bbox 1210 4794 1302 4857; x_wconf 77' lang='grc'><strong>24,</strong></span> <span class='ocrx_word' id='word_1_811' title='bbox 1349 4793 1441 4847; x_wconf 90' lang='grc'><strong>25.</strong></span> 
     </span>
    </p>
   </div>
   <div class='ocr_carea' id='block_1_98' title="bbox 460 4859 1921 4937">
    <p class='ocr_par' dir='ltr' id='par_1_98' title="bbox 460 4859 1921 4937">
     <span class='ocr_line' id='line_1_100' title="bbox 460 4859 1921 4937; baseline -0.003 -19"><span class='ocrx_word' id='word_1_812' title='bbox 460 4859 547 4937; x_wconf 86' lang='grc'><strong>18)</strong></span> <span class='ocrx_word' id='word_1_813' title='bbox 576 4866 701 4923; x_wconf 84' lang='lat' dir='ltr'><strong>Non</strong></span> <span class='ocrx_word' id='word_1_814' title='bbox 742 4867 1117 4937; x_wconf 80' lang='lat' dir='ltr'><strong>credebateis.</strong></span> <span class='ocrx_word' id='word_1_815' title='bbox 1169 4865 1355 4937; x_wconf 68' lang='lat' dir='ltr'><strong>Graeca</strong></span> <span class='ocrx_word' id='word_1_816' title='bbox 1410 4877 1473 4916; x_wconf 86' lang='lat' dir='ltr'><strong>ac</strong></span> <span class='ocrx_word' id='word_1_817' title='bbox 1506 4859 1694 4937; x_wconf 81' lang='lat' dir='ltr'><strong>Latina</strong></span> <span class='ocrx_word' id='word_1_818' title='bbox 1755 4861 1921 4915; x_wconf 86' lang='lat' dir='ltr'><strong>Biblia</strong></span> 
     </span>
    </p>
   </div>
   <div class='ocr_carea' id='block_1_99' title="bbox 365 4934 1635 4999">
    <p class='ocr_par' dir='ltr' id='par_1_99' title="bbox 365 4934 1635 4999">
     <span class='ocr_line' id='line_1_101' title="bbox 365 4934 1635 4999; baseline -0.008 -8"><span class='ocrx_word' id='word_1_819' title='bbox 365 4934 563 4991; x_wconf 80' lang='lat' dir='ltr'><strong>habent</strong></span> <span class='ocrx_word' id='word_1_820' title='bbox 595 4954 607 4990; x_wconf 90' lang='lat'><strong>:</strong></span> <span class='ocrx_word' id='word_1_821' title='bbox 644 4954 663 4988; x_wconf 76' lang='grc' dir='ltr'><strong>ι</strong></span> <span class='ocrx_word' id='word_1_822' title='bbox 689 4952 794 4991; x_wconf 89' lang='lat' dir='ltr'><strong>non</strong></span> <span class='ocrx_word' id='word_1_823' title='bbox 828 4936 1081 4990; x_wconf 87' lang='lat' dir='ltr'><strong>credebat</strong></span> <span class='ocrx_word' id='word_1_824' title='bbox 1109 4934 1460 4999; x_wconf 82' lang='lat' dir='ltr'><strong>semetipsum</strong></span> <span class='ocrx_word' id='word_1_825' title='bbox 1488 4934 1587 4987; x_wconf 87' lang='lat' dir='ltr'><strong>eis.</strong></span> <span class='ocrx_word' id='word_1_826' title='bbox 1617 4951 1635 4981; x_wconf 77' lang='grc' dir='ltr'><strong>ι</strong></span> 
     </span>
    </p>
   </div>
   <div class='ocr_carea' id='block_1_100' title="bbox 439 5002 1928 5076">
    <p class='ocr_par' dir='ltr' id='par_1_100' title="bbox 439 5002 1928 5076">
     <span class='ocr_line' id='line_1_102' title="bbox 439 5002 1928 5076; baseline -0.002 -16"><span class='ocrx_word' id='word_1_827' title='bbox 439 5006 551 5076; x_wconf 88' lang='grc'><strong>(19)</strong></span> <span class='ocrx_word' id='word_1_828' title='bbox 583 5006 651 5059; x_wconf 75' lang='lat' dir='ltr'><strong>Et</strong></span> <span class='ocrx_word' id='word_1_829' title='bbox 704 5023 830 5073; x_wconf 78' lang='lat' dir='ltr'><strong>opus</strong></span> <span class='ocrx_word' id='word_1_830' title='bbox 879 5007 927 5059; x_wconf 83' lang='lat' dir='ltr'><strong>ei</strong></span> <span class='ocrx_word' id='word_1_831' title='bbox 976 5023 1077 5060; x_wconf 82' lang='lat' dir='ltr'><strong>non</strong></span> <span class='ocrx_word' id='word_1_832' title='bbox 1124 5015 1257 5076; x_wconf 74' lang='lat' dir='ltr'><strong>erat.</strong></span> <span class='ocrx_word' id='word_1_833' title='bbox 1295 5003 1481 5076; x_wconf 68' lang='lat' dir='ltr'><strong>Graeca</strong></span> <span class='ocrx_word' id='word_1_834' title='bbox 1534 5002 1699 5058; x_wconf 91' lang='lat' dir='ltr'><strong>editio</strong></span> <span class='ocrx_word' id='word_1_835' title='bbox 1740 5003 1928 5058; x_wconf 88' lang='lat' dir='ltr'><strong>eodem</strong></span> 
     </span>
    </p>
   </div>
   <div class='ocr_carea' id='block_1_101' title="bbox 366 5067 1489 5146">
    <p class='ocr_par' dir='ltr' id='par_1_101' title="bbox 366 5067 1489 5146">
     <span class='ocr_line' id='line_1_103' title="bbox 366 5067 1489 5146; baseline -0.004 -18"><span class='ocrx_word' id='word_1_836' title='bbox 366 5067 709 5146; x_wconf 35' lang='lat' dir='ltr'><strong>(ilattefsensu</strong></span> <span class='ocrx_word' id='word_1_837' title='bbox 734 5067 755 5127; x_wconf 62' lang='grc' dir='ltr'>ἐ</span> <span class='ocrx_word' id='word_1_838' title='bbox 781 5076 874 5128; x_wconf 74' lang='grc' dir='ltr'>καὶ</span> <span class='ocrx_word' id='word_1_839' title='bbox 904 5076 999 5146; x_wconf 72' lang='grc' dir='ltr'>ὅτι</span> <span class='ocrx_word' id='word_1_840' title='bbox 1019 5076 1081 5146; x_wconf 86' lang='grc' dir='ltr'>οὐ</span> <span class='ocrx_word' id='word_1_841' title='bbox 1112 5074 1300 5146; x_wconf 90' lang='grc' dir='ltr'>χρείαν</span> <span class='ocrx_word' id='word_1_842' title='bbox 1325 5067 1489 5146; x_wconf 73' lang='grc' dir='ltr'>εἶχεν.</span> 
     </span>
    </p>
   </div>
   <div class='ocr_carea' id='block_1_102' title="bbox 436 5142 1422 5214">
    <p class='ocr_par' dir='ltr' id='par_1_102' title="bbox 436 5142 1422 5214">
     <span class='ocr_line' id='line_1_104' title="bbox 436 5142 1422 5214; baseline -0.002 -18"><span class='ocrx_word' id='word_1_843' title='bbox 436 5143 548 5214; x_wconf 80' lang='grc'><strong>(20)</strong></span> <span class='ocrx_word' id='word_1_844' title='bbox 584 5144 721 5197; x_wconf 84' lang='lat' dir='ltr'><strong>Irati</strong></span> <span class='ocrx_word' id='word_1_845' title='bbox 760 5153 945 5200; x_wconf 79' lang='lat' dir='ltr'><strong>essent.</strong></span> <span class='ocrx_word' id='word_1_846' title='bbox 983 5142 1172 5198; x_wconf 64' lang='lat' dir='ltr'><strong>Matth.</strong></span> <span class='ocrx_word' id='word_1_847' title='bbox 1205 5159 1297 5206; x_wconf 82' lang='lat' dir='ltr'><strong>xx,</strong></span> <span class='ocrx_word' id='word_1_848' title='bbox 1331 5142 1422 5195; x_wconf 74' lang='grc'><strong>24.</strong></span> 
     </span>
    </p>
   </div>
   <div class='ocr_carea' id='block_1_103' title="bbox 454 5210 1919 5283">
    <p class='ocr_par' dir='ltr' id='par_1_103' title="bbox 454 5210 1919 5283">
     <span class='ocr_line' id='line_1_105' title="bbox 454 5210 1919 5283; baseline -0.005 -15"><span class='ocrx_word' id='word_1_849' title='bbox 454 5210 543 5283; x_wconf 81' lang='grc'><strong>21)</strong></span> <span class='ocrx_word' id='word_1_850' title='bbox 577 5214 886 5283; x_wconf 62' lang='lat' dir='ltr'><strong>Duodecim.</strong></span> <span class='ocrx_word' id='word_1_851' title='bbox 907 5213 1393 5283; x_wconf 75' lang='lat' dir='ltr'><strong>Legendum6éxa,</strong></span> <span class='ocrx_word' id='word_1_852' title='bbox 1435 5210 1485 5263; x_wconf 94' lang='lat' dir='ltr'><strong>id</strong></span> <span class='ocrx_word' id='word_1_853' title='bbox 1518 5218 1620 5275; x_wconf 87' lang='lat' dir='ltr'><strong>est,</strong></span> <span class='ocrx_word' id='word_1_854' title='bbox 1654 5212 1919 5266; x_wconf 64' lang='lat' dir='ltr'><strong>«decem.»</strong></span> 
     </span>
    </p>
   </div>
   <div class='ocr_carea' id='block_1_104' title="bbox 454 5281 1438 5348">
    <p class='ocr_par' dir='ltr' id='par_1_104' title="bbox 454 5281 1438 5348">
     <span class='ocr_line' id='line_1_106' title="bbox 454 5281 1438 5348; baseline 0.002 -17"><span class='ocrx_word' id='word_1_855' title='bbox 454 5281 545 5348; x_wconf 83' lang='grc'><strong>22)</strong></span> <span class='ocrx_word' id='word_1_856' title='bbox 578 5281 650 5337; x_wconf 6' lang='lat' dir='ltr'><strong>Ini</strong></span> <span class='ocrx_word' id='word_1_857' title='bbox 679 5284 834 5337; x_wconf 78' lang='lat' dir='ltr'><strong>vobis.</strong></span> <span class='ocrx_word' id='word_1_858' title='bbox 868 5281 1053 5337; x_wconf 40' lang='lat' dir='ltr'><strong>Matt—lt.</strong></span> <span class='ocrx_word' id='word_1_859' title='bbox 1086 5300 1174 5345; x_wconf 68' lang='lat' dir='ltr'><strong>xx,</strong></span> <span class='ocrx_word' id='word_1_860' title='bbox 1204 5282 1295 5348; x_wconf 86' lang='grc'><strong>26,</strong></span> <span class='ocrx_word' id='word_1_861' title='bbox 1348 5282 1438 5335; x_wconf 85' lang='grc'><strong>27.</strong></span> 
     </span>
    </p>
   </div>
   <div class='ocr_carea' id='block_1_105' title="bbox 457 5350 1759 5418">
    <p class='ocr_par' dir='ltr' id='par_1_105' title="bbox 457 5350 1759 5418">
     <span class='ocr_line' id='line_1_107' title="bbox 457 5350 1759 5418; baseline -0.004 -12"><span class='ocrx_word' id='word_1_862' title='bbox 457 5350 549 5418; x_wconf 79' lang='grc'><strong>25)</strong></span> <span class='ocrx_word' id='word_1_863' title='bbox 585 5353 720 5406; x_wconf 79' lang='lat' dir='ltr'><strong>Erit.</strong></span> <span class='ocrx_word' id='word_1_864' title='bbox 748 5352 932 5407; x_wconf 70' lang='lat' dir='ltr'><strong>Grmca</strong></span> <span class='ocrx_word' id='word_1_865' title='bbox 963 5351 1149 5418; x_wconf 89' lang='lat' dir='ltr'><strong>editio,</strong></span> <span class='ocrx_word' id='word_1_866' title='bbox 1178 5352 1338 5416; x_wconf 78' lang='grc' dir='ltr'>ἔστω,</span> <span class='ocrx_word' id='word_1_867' title='bbox 1366 5351 1418 5405; x_wconf 92' lang='lat' dir='ltr'><strong>id</strong></span> <span class='ocrx_word' id='word_1_868' title='bbox 1440 5356 1543 5418; x_wconf 85' lang='lat' dir='ltr'><strong>est,</strong></span> <span class='ocrx_word' id='word_1_869' title='bbox 1585 5368 1603 5401; x_wconf 77' lang='grc' dir='ltr'><strong>ι</strong></span> <span class='ocrx_word' id='word_1_870' title='bbox 1630 5350 1717 5404; x_wconf 88' lang='lat' dir='ltr'><strong>sit.</strong></span> <span class='ocrx_word' id='word_1_871' title='bbox 1742 5369 1759 5401; x_wconf 71' lang='grc' dir='ltr'><strong>ι</strong></span> 
     </span>
    </p>
   </div>
   <div class='ocr_carea' id='block_1_106' title="bbox 435 5355 1927 5493">
    <p class='ocr_par' dir='ltr' id='par_1_106' title="bbox 435 5355 1927 5493">
     <span class='ocr_line' id='line_1_108' title="bbox 457 5355 1759 5418; baseline -0.004 -12"><span class='ocrx_word' id='word_1_872' title='bbox 457 5355 529 5407; x_wconf 78' lang='grc'><strong>23</strong></span> <span class='ocrx_word' id='word_1_873' title='bbox 585 5355 720 5406; x_wconf 81' lang='lat' dir='ltr'><strong>Erit.</strong></span> <span class='ocrx_word' id='word_1_874' title='bbox 748 5355 932 5407; x_wconf 70' lang='lat' dir='ltr'><strong>Grmca</strong></span> <span class='ocrx_word' id='word_1_875' title='bbox 963 5355 1149 5418; x_wconf 89' lang='lat' dir='ltr'><strong>editio,</strong></span> <span class='ocrx_word' id='word_1_876' title='bbox 1178 5355 1338 5416; x_wconf 81' lang='grc' dir='ltr'>ἔστω,</span> <span class='ocrx_word' id='word_1_877' title='bbox 1366 5355 1418 5405; x_wconf 91' lang='lat' dir='ltr'><strong>id</strong></span> <span class='ocrx_word' id='word_1_878' title='bbox 1440 5356 1543 5409; x_wconf 85' lang='lat' dir='ltr'><strong>est,</strong></span> <span class='ocrx_word' id='word_1_879' title='bbox 1585 5368 1603 5401; x_wconf 77' lang='grc' dir='ltr'><strong>ι</strong></span> <span class='ocrx_word' id='word_1_880' title='bbox 1630 5355 1717 5404; x_wconf 88' lang='lat' dir='ltr'><strong>sit.</strong></span> <span class='ocrx_word' id='word_1_881' title='bbox 1742 5369 1759 5401; x_wconf 71' lang='grc' dir='ltr'><strong>ι</strong></span> 
     </span>
     <span class='ocr_line' id='line_1_109' title="bbox 435 5355 1927 5493; baseline -0.001 -15"><span class='ocrx_word' id='word_1_882' title='bbox 435 5355 549 5493; x_wconf 45' lang='lat' dir='ltr'><strong>iis;</strong></span> <span class='ocrx_word' id='word_1_883' title='bbox 581 5422 722 5493; x_wconf 77' lang='lat' dir='ltr'><strong>Erit.</strong></span> <span class='ocrx_word' id='word_1_884' title='bbox 742 5420 938 5493; x_wconf 66' lang='lat' dir='ltr'><strong>Graeca</strong></span> <span class='ocrx_word' id='word_1_885' title='bbox 970 5422 1153 5488; x_wconf 91' lang='lat' dir='ltr'><strong>editio,</strong></span> <span class='ocrx_word' id='word_1_886' title='bbox 1190 5432 1248 5478; x_wconf 88' lang='lat' dir='ltr'><strong>ut</strong></span> <span class='ocrx_word' id='word_1_887' title='bbox 1274 5434 1454 5483; x_wconf 89' lang='lat' dir='ltr'><strong>antea,</strong></span> <span class='ocrx_word' id='word_1_888' title='bbox 1485 5416 1642 5476; x_wconf 80' lang='grc' dir='ltr'>ἔστω.</span> <span class='ocrx_word' id='word_1_889' title='bbox 1673 5421 1927 5492; x_wconf 77' lang='lat' dir='ltr'><strong>Vulgatus</strong></span> 
     </span>
    </p>
   </div>
   <div class='ocr_carea' id='block_1_107' title="bbox 364 5490 1171 5561">
    <p class='ocr_par' dir='ltr' id='par_1_107' title="bbox 364 5490 1171 5561">
     <span class='ocr_line' id='line_1_110' title="bbox 364 5490 1171 5561; baseline 0 -15"><span class='ocrx_word' id='word_1_890' title='bbox 364 5490 631 5561; x_wconf 86' lang='lat' dir='ltr'><strong>interpres</strong></span> <span class='ocrx_word' id='word_1_891' title='bbox 651 5492 793 5561; x_wconf 80' lang='lat' dir='ltr'><strong>legit_</strong></span> <span class='ocrx_word' id='word_1_892' title='bbox 811 5501 871 5545; x_wconf 92' lang='lat' dir='ltr'><strong>ut</strong></span> <span class='ocrx_word' id='word_1_893' title='bbox 898 5491 1171 5561; x_wconf 83' lang='lat' dir='ltr'><strong>Didymus.</strong></span> 
     </span>
    </p>
   </div>
   <div class='ocr_carea' id='block_1_108' title="bbox 433 5509 1525 5632">
    <p class='ocr_par' dir='ltr' id='par_1_108' title="bbox 433 5509 1525 5632">
     <span class='ocr_line' id='line_1_111' title="bbox 433 5509 1171 5561; baseline 0.001 -16"><span class='ocrx_word' id='word_1_894' title='bbox 433 5509 505 5548; x_wconf 68' lang='lat' dir='ltr'><strong>ter</strong></span> <span class='ocrx_word' id='word_1_895' title='bbox 546 5509 631 5547; x_wconf 89' lang='lat' dir='ltr'><strong>res</strong></span> <span class='ocrx_word' id='word_1_896' title='bbox 651 5509 777 5561; x_wconf 79' lang='lat' dir='ltr'><strong>tegu</strong></span> <span class='ocrx_word' id='word_1_897' title='bbox 811 5509 871 5545; x_wconf 84' lang='lat' dir='ltr'><strong>ut</strong></span> <span class='ocrx_word' id='word_1_898' title='bbox 898 5509 1171 5561; x_wconf 82' lang='lat' dir='ltr'><strong>vtuymus.</strong></span> 
     </span>
     <span class='ocr_line' id='line_1_112' title="bbox 433 5509 1525 5632; baseline 0 -15"><span class='ocrx_word' id='word_1_899' title='bbox 433 5509 546 5632; x_wconf 53' lang='lat'><strong>(‘25?)</strong></span> <span class='ocrx_word' id='word_1_900' title='bbox 576 5563 729 5630; x_wconf 79' lang='lat' dir='ltr'><strong>Apud</strong></span> <span class='ocrx_word' id='word_1_901' title='bbox 760 5559 978 5632; x_wconf 63' lang='lat' dir='ltr'><strong>Lucan}.</strong></span> <span class='ocrx_word' id='word_1_902' title='bbox 1004 5561 1134 5629; x_wconf 89' lang='lat' dir='ltr'><strong>Cap.</strong></span> <span class='ocrx_word' id='word_1_903' title='bbox 1167 5577 1277 5624; x_wconf 74' lang='lat' dir='ltr'><strong>XIV,</strong></span> <span class='ocrx_word' id='word_1_904' title='bbox 1304 5577 1446 5617; x_wconf 88' lang='lat' dir='ltr'><strong>vers.</strong></span> <span class='ocrx_word' id='word_1_905' title='bbox 1472 5563 1525 5617; x_wconf 88' lang='lat'><strong>&#39;7.</strong></span> 
     </span>
    </p>
   </div>
   <div class='ocr_carea' id='block_1_109' title="bbox 435 5631 1926 5703">
    <p class='ocr_par' dir='ltr' id='par_1_109' title="bbox 435 5631 1926 5703">
     <span class='ocr_line' id='line_1_113' title="bbox 435 5631 1926 5703; baseline -0.001 -16"><span class='ocrx_word' id='word_1_906' title='bbox 435 5631 545 5700; x_wconf 57' lang='grc'><strong>(26⁷)</strong></span> <span class='ocrx_word' id='word_1_907' title='bbox 576 5633 869 5687; x_wconf 77' lang='lat' dir='ltr'><strong>Collocare.</strong></span> <span class='ocrx_word' id='word_1_908' title='bbox 914 5631 1116 5697; x_wconf 84' lang='lat' dir='ltr'><strong>Codex,</strong></span> <span class='ocrx_word' id='word_1_909' title='bbox 1164 5632 1388 5702; x_wconf 79' lang='grc' dir='ltr'>μεταξύ.</span> <span class='ocrx_word' id='word_1_910' title='bbox 1436 5633 1577 5703; x_wconf 81' lang='lat' dir='ltr'><strong>Lego</strong></span> <span class='ocrx_word' id='word_1_911' title='bbox 1625 5631 1803 5696; x_wconf 81' lang='grc' dir='ltr'>τάξαι,</span> <span class='ocrx_word' id='word_1_912' title='bbox 1834 5638 1926 5685; x_wconf 90' lang='lat' dir='ltr'><strong>aut</strong></span> 
     </span>
    </p>
   </div>
   <div class='ocr_carea' id='block_1_110' title="bbox 366 5703 1147 5772">
    <p class='ocr_par' dir='ltr' id='par_1_110' title="bbox 366 5703 1147 5772">
     <span class='ocr_line' id='line_1_114' title="bbox 366 5703 1147 5772; baseline 0.004 -19"><span class='ocrx_word' id='word_1_913' title='bbox 366 5703 643 5769; x_wconf 80' lang='grc' dir='ltr'>συντάξαι,</span> <span class='ocrx_word' id='word_1_914' title='bbox 671 5713 763 5756; x_wconf 88' lang='lat' dir='ltr'><strong>attt</strong></span> <span class='ocrx_word' id='word_1_915' title='bbox 789 5703 917 5772; x_wconf 90' lang='lat' dir='ltr'><strong>quid</strong></span> <span class='ocrx_word' id='word_1_916' title='bbox 952 5703 1147 5756; x_wconf 88' lang='lat' dir='ltr'><strong>simile.</strong></span> 
     </span>
    </p>
   </div>
   <div class='ocr_carea' id='block_1_111' title="bbox 435 5770 1916 5845">
    <p class='ocr_par' dir='ltr' id='par_1_111' title="bbox 435 5770 1916 5845">
     <span class='ocr_line' id='line_1_115' title="bbox 435 5770 1916 5845; baseline 0 -20"><span class='ocrx_word' id='word_1_917' title='bbox 435 5772 545 5840; x_wconf 79' lang='grc'><strong>(27)</strong></span> <span class='ocrx_word' id='word_1_918' title='bbox 581 5772 765 5836; x_wconf 76' lang='lat' dir='ltr'><strong>Patres</strong></span> <span class='ocrx_word' id='word_1_919' title='bbox 806 5770 976 5830; x_wconf 56' lang='lat' dir='ltr'><strong>ctiam</strong></span> <span class='ocrx_word' id='word_1_920' title='bbox 1022 5781 1245 5831; x_wconf 72' lang='lat' dir='ltr'><strong>nostros.</strong></span> <span class='ocrx_word' id='word_1_921' title='bbox 1304 5772 1683 5845; x_wconf 42' lang='lat' dir='ltr'><strong>Abrahatuum.</strong></span> <span class='ocrx_word' id='word_1_922' title='bbox 1710 5770 1916 5827; x_wconf 88' lang='lat' dir='ltr'><strong>scilicet</strong></span> 
     </span>
    </p>
   </div>
   <div class='ocr_carea' id='block_1_112' title="bbox 2032 4578 3597 4704">
    <p class='ocr_par' dir='ltr' id='par_1_112' title="bbox 2032 4578 3597 4704">
     <span class='ocr_line' id='line_1_116' title="bbox 2032 4578 3597 4704; baseline -0.001 -70"><span class='ocrx_word' id='word_1_923' title='bbox 2032 4580 2396 4704; x_wconf 41' lang='lat' dir='ltr'><strong>gggsﬁinnggttrit,</strong></span> <span class='ocrx_word' id='word_1_924' title='bbox 2419 4579 2661 4649; x_wconf 85' lang='lat' dir='ltr'><strong>aliosque</strong></span> <span class='ocrx_word' id='word_1_925' title='bbox 2685 4578 2989 4648; x_wconf 89' lang='lat' dir='ltr'><strong>bujusmodi</strong></span> <span class='ocrx_word' id='word_1_926' title='bbox 3016 4579 3353 4648; x_wconf 85' lang='lat' dir='ltr'><strong>patriarchas</strong></span> <span class='ocrx_word' id='word_1_927' title='bbox 3386 4579 3597 4634; x_wconf 80' lang='lat' dir='ltr'><strong>Veteris</strong></span> 
     </span>
    </p>
   </div>
   <div class='ocr_carea' id='block_1_113' title="bbox 2078 4658 2385 4704">
    <p class='ocr_par' dir='ltr' id='par_1_113' title="bbox 2078 4658 2385 4704">
     <span class='ocr_line' id='line_1_117' title="bbox 2078 4658 2385 4704; baseline -0.007 0"><span class='ocrx_word' id='word_1_928' title='bbox 2078 4658 2385 4704; x_wconf 85' lang='lat' dir='ltr'><strong>estamenti.</strong></span> 
     </span>
    </p>
   </div>
   <div class='ocr_carea' id='block_1_114' title="bbox 2096 4716 3597 4789">
    <p class='ocr_par' dir='ltr' id='par_1_114' title="bbox 2096 4716 3597 4789">
     <span class='ocr_line' id='line_1_118' title="bbox 2096 4716 3597 4789; baseline -0.001 -16"><span class='ocrx_word' id='word_1_929' title='bbox 2096 4718 2207 4789; x_wconf 89' lang='grc'><strong>(28)</strong></span> <span class='ocrx_word' id='word_1_930' title='bbox 2248 4716 2547 4789; x_wconf 69' lang='grc' dir='ltr'>Βεᾴιιίειανὶ</span> <span class='ocrx_word' id='word_1_931' title='bbox 2574 4728 2743 4775; x_wconf 81' lang='lat' dir='ltr'><strong>erant.</strong></span> <span class='ocrx_word' id='word_1_932' title='bbox 2768 4716 2826 4771; x_wconf 83' lang='lat' dir='ltr'><strong>In</strong></span> <span class='ocrx_word' id='word_1_933' title='bbox 2875 4719 2997 4772; x_wconf 88' lang='lat' dir='ltr'><strong>sinu</strong></span> <span class='ocrx_word' id='word_1_934' title='bbox 3027 4717 3314 4771; x_wconf 82' lang='lat' dir='ltr'><strong>Abrahami</strong></span> <span class='ocrx_word' id='word_1_935' title='bbox 3366 4726 3597 4789; x_wconf 67' lang='lat' dir='ltr'><strong>caetero-</strong></span> 
     </span>
    </p>
   </div>
   <div class='ocr_carea' id='block_1_115' title="bbox 2034 4788 3603 4856">
    <p class='ocr_par' dir='ltr' id='par_1_115' title="bbox 2034 4788 3603 4856">
     <span class='ocr_line' id='line_1_119' title="bbox 2034 4788 3603 4856; baseline -0.002 -14"><span class='ocrx_word' id='word_1_936' title='bbox 2034 4802 2257 4856; x_wconf 88' lang='lat' dir='ltr'><strong>rumque</strong></span> <span class='ocrx_word' id='word_1_937' title='bbox 2293 4788 2718 4856; x_wconf 86' lang='lat' dir='ltr'><strong>patriarcharum</strong></span> <span class='ocrx_word' id='word_1_938' title='bbox 2769 4789 3108 4856; x_wconf 85' lang='lat' dir='ltr'><strong>requieturos</strong></span> <span class='ocrx_word' id='word_1_939' title='bbox 3139 4789 3309 4841; x_wconf 90' lang='lat' dir='ltr'><strong>fuisse</strong></span> <span class='ocrx_word' id='word_1_940' title='bbox 3338 4800 3460 4855; x_wconf 89' lang='lat' dir='ltr'><strong>post</strong></span> <span class='ocrx_word' id='word_1_941' title='bbox 3486 4788 3603 4841; x_wconf 80' lang='lat' dir='ltr'><strong>obi-</strong></span> 
     </span>
    </p>
   </div>
   <div class='ocr_carea' id='block_1_116' title="bbox 2030 4804 3599 4930">
    <p class='ocr_par' dir='ltr' id='par_1_116' title="bbox 2030 4804 3599 4930">
     <span class='ocr_line' id='line_1_120' title="bbox 2034 4804 3599 4856; baseline -0.002 -14"><span class='ocrx_word' id='word_1_942' title='bbox 2034 4804 2148 4843; x_wconf 88' lang='lat' dir='ltr'><strong>rutn</strong></span> <span class='ocrx_word' id='word_1_943' title='bbox 2193 4804 2257 4843; x_wconf 92' lang='lat' dir='ltr'><strong>ue</strong></span> <span class='ocrx_word' id='word_1_944' title='bbox 2293 4804 2718 4856; x_wconf 81' lang='lat' dir='ltr'><strong>patrtarcnarutn</strong></span> <span class='ocrx_word' id='word_1_945' title='bbox 2769 4804 3108 4856; x_wconf 76' lang='lat' dir='ltr'><strong>requieturos</strong></span> <span class='ocrx_word' id='word_1_946' title='bbox 3139 4804 3309 4841; x_wconf 77' lang='lat' dir='ltr'><strong>tuisse</strong></span> <span class='ocrx_word' id='word_1_947' title='bbox 3338 4804 3460 4855; x_wconf 79' lang='lat' dir='ltr'><strong>p05t</strong></span> <span class='ocrx_word' id='word_1_948' title='bbox 3486 4804 3599 4841; x_wconf 83' lang='lat' dir='ltr'><strong>om-</strong></span> 
     </span>
     <span class='ocr_line' id='line_1_121' title="bbox 2030 4804 3599 4930; baseline -0.001 -17"><span class='ocrx_word' id='word_1_949' title='bbox 2030 4871 2138 4913; x_wconf 82' lang='lat' dir='ltr'><strong>tutn</strong></span> <span class='ocrx_word' id='word_1_950' title='bbox 2153 4804 2423 4913; x_wconf 36' lang='lat' dir='ltr'><strong>iambum</strong></span> <span class='ocrx_word' id='word_1_951' title='bbox 2471 4873 2533 4930; x_wconf 82' lang='lat' dir='ltr'><strong>ac</strong></span> <span class='ocrx_word' id='word_1_952' title='bbox 2555 4856 2813 4930; x_wconf 52' lang='lat' dir='ltr'><strong>liniunetn</strong></span> <span class='ocrx_word' id='word_1_953' title='bbox 2837 4860 2914 4930; x_wconf 89' lang='lat' dir='ltr'><strong>a_it</strong></span> <span class='ocrx_word' id='word_1_954' title='bbox 2935 4858 3207 4930; x_wconf 77' lang='lat' dir='ltr'><strong>Didymus.</strong></span> <span class='ocrx_word' id='word_1_955' title='bbox 3232 4857 3406 4930; x_wconf 87' lang='lat' dir='ltr'><strong>Simili</strong></span> <span class='ocrx_word' id='word_1_956' title='bbox 3437 4858 3599 4911; x_wconf 88' lang='lat' dir='ltr'><strong>modo</strong></span> 
     </span>
    </p>
   </div>
   <div class='ocr_carea' id='block_1_117' title="bbox 2033 4926 3589 4995">
    <p class='ocr_par' dir='ltr' id='par_1_117' title="bbox 2033 4926 3589 4995">
     <span class='ocr_line' id='line_1_122' title="bbox 2033 4926 3589 4995; baseline -0.001 -14"><span class='ocrx_word' id='word_1_957' title='bbox 2033 4930 2084 4981; x_wconf 93' lang='lat' dir='ltr'><strong>in</strong></span> <span class='ocrx_word' id='word_1_958' title='bbox 2115 4931 2457 4982; x_wconf 88' lang='lat' dir='ltr'><strong>enarratione</strong></span> <span class='ocrx_word' id='word_1_959' title='bbox 2496 4928 2547 4979; x_wconf 80' lang='lat' dir='ltr'><strong>in</strong></span> <span class='ocrx_word' id='word_1_960' title='bbox 2590 4927 2758 4993; x_wconf 78' lang='lat' dir='ltr'><strong>Epist.</strong></span> <span class='ocrx_word' id='word_1_961' title='bbox 2785 4926 2811 4979; x_wconf 88' lang='lat' dir='ltr'><strong><em>I</em></strong></span> <span class='ocrx_word' id='word_1_962' title='bbox 2844 4927 3011 4992; x_wconf 83' lang='lat' dir='ltr'><strong>Petr.,</strong></span> <span class='ocrx_word' id='word_1_963' title='bbox 3033 4926 3163 4995; x_wconf 66' lang='lat' dir='ltr'><strong>&#39;cap.</strong></span> <span class='ocrx_word' id='word_1_964' title='bbox 3193 4943 3209 4980; x_wconf 89' lang='grc' dir='ltr'><strong>ι</strong></span> <span class='ocrx_word' id='word_1_965' title='bbox 3238 4929 3304 4981; x_wconf 88' lang='lat' dir='ltr'><strong>ad</strong></span> <span class='ocrx_word' id='word_1_966' title='bbox 3342 4944 3485 4982; x_wconf 87' lang='lat' dir='ltr'><strong>vers.</strong></span> <span class='ocrx_word' id='word_1_967' title='bbox 3530 4930 3589 4980; x_wconf 86' lang='grc'><strong>11</strong></span> 
     </span>
    </p>
   </div>
   <div class='ocr_carea' id='block_1_118' title="bbox 2028 4995 3597 5065">
    <p class='ocr_par' dir='ltr' id='par_1_118' title="bbox 2028 4995 3597 5065">
     <span class='ocr_line' id='line_1_123' title="bbox 2028 4995 3597 5065; baseline -0.001 -15"><span class='ocrx_word' id='word_1_968' title='bbox 2028 5014 2091 5051; x_wconf 89' lang='lat' dir='ltr'><strong>ac</strong></span> <span class='ocrx_word' id='word_1_969' title='bbox 2118 4997 2183 5050; x_wconf 83' lang='grc'><strong>12</strong></span> <span class='ocrx_word' id='word_1_970' title='bbox 2222 4999 2396 5063; x_wconf 87' lang='lat' dir='ltr'><strong>inquit</strong></span> <span class='ocrx_word' id='word_1_971' title='bbox 2427 5016 2438 5050; x_wconf 92' lang='lat'><strong>:</strong></span> <span class='ocrx_word' id='word_1_972' title='bbox 2477 5016 2493 5047; x_wconf 83' lang='grc' dir='ltr'><strong>ι</strong></span> <span class='ocrx_word' id='word_1_973' title='bbox 2520 4995 2719 5050; x_wconf 87' lang='lat' dir='ltr'><strong>Omnes</strong></span> <span class='ocrx_word' id='word_1_974' title='bbox 2748 4998 2932 5065; x_wconf 88' lang='lat' dir='ltr'><strong>utique</strong></span> <span class='ocrx_word' id='word_1_975' title='bbox 2963 4998 3052 5064; x_wconf 85' lang='lat' dir='ltr'><strong>qui</strong></span> <span class='ocrx_word' id='word_1_976' title='bbox 3090 5000 3386 5051; x_wconf 86' lang='lat' dir='ltr'><strong>secundum</strong></span> <span class='ocrx_word' id='word_1_977' title='bbox 3435 4997 3597 5051; x_wconf 86' lang='lat' dir='ltr'><strong>Chri-</strong></span> 
     </span>
    </p>
   </div>
   <div class='ocr_carea' id='block_1_119' title="bbox 2028 5067 3595 5137">
    <p class='ocr_par' dir='ltr' id='par_1_119' title="bbox 2028 5067 3595 5137">
     <span class='ocr_line' id='line_1_124' title="bbox 2028 5067 3595 5137; baseline -0.001 -17"><span class='ocrx_word' id='word_1_978' title='bbox 2028 5079 2168 5120; x_wconf 90' lang='lat' dir='ltr'><strong>stum</strong></span> <span class='ocrx_word' id='word_1_979' title='bbox 2215 5067 2491 5131; x_wconf 87' lang='lat' dir='ltr'><strong>tiniuntur,</strong></span> <span class='ocrx_word' id='word_1_980' title='bbox 2530 5068 2581 5119; x_wconf 74' lang='lat' dir='ltr'><strong>in</strong></span> <span class='ocrx_word' id='word_1_981' title='bbox 2620 5067 2736 5131; x_wconf 91' lang='lat' dir='ltr'><strong>ejus</strong></span> <span class='ocrx_word' id='word_1_982' title='bbox 2782 5069 3367 5137; x_wconf 10' lang='lat' dir='ltr'><strong>(ncmpeiAbrahami)</strong></span> <span class='ocrx_word' id='word_1_983' title='bbox 3416 5069 3595 5120; x_wconf 86' lang='lat' dir='ltr'><strong>sinum</strong></span> 
     </span>
    </p>
   </div>
   <div class='ocr_carea' id='block_1_120' title="bbox 2033 5136 3590 5206">
    <p class='ocr_par' dir='ltr' id='par_1_120' title="bbox 2033 5136 3590 5206">
     <span class='ocr_line' id='line_1_125' title="bbox 2033 5136 3590 5206; baseline -0.001 -16"><span class='ocrx_word' id='word_1_984' title='bbox 2033 5137 2466 5206; x_wconf 83' lang='lat' dir='ltr'><strong>proﬁciscuntur.</strong></span> <span class='ocrx_word' id='word_1_985' title='bbox 2493 5155 2511 5186; x_wconf 75' lang='grc' dir='ltr'><strong>ι</strong></span> <span class='ocrx_word' id='word_1_986' title='bbox 2555 5137 2681 5190; x_wconf 91' lang='lat' dir='ltr'><strong>Inde</strong></span> <span class='ocrx_word' id='word_1_987' title='bbox 2722 5136 2899 5189; x_wconf 82' lang='lat' dir='ltr'><strong>tamen</strong></span> <span class='ocrx_word' id='word_1_988' title='bbox 2950 5136 3133 5189; x_wconf 87' lang='lat' dir='ltr'><strong>inferri</strong></span> <span class='ocrx_word' id='word_1_989' title='bbox 3174 5136 3379 5205; x_wconf 84' lang='lat' dir='ltr'><strong>nequit,</strong></span> <span class='ocrx_word' id='word_1_990' title='bbox 3415 5138 3590 5206; x_wconf 86' lang='lat' dir='ltr'><strong>ipsum</strong></span> 
     </span>
    </p>
   </div>
   <div class='ocr_carea' id='block_1_121' title="bbox 2032 5205 3596 5273">
    <p class='ocr_par' dir='ltr' id='par_1_121' title="bbox 2032 5205 3596 5273">
     <span class='ocr_line' id='line_1_126' title="bbox 2032 5205 3596 5273; baseline -0.003 -12"><span class='ocrx_word' id='word_1_991' title='bbox 2032 5208 2084 5261; x_wconf 90' lang='lat' dir='ltr'><strong>in</strong></span> <span class='ocrx_word' id='word_1_992' title='bbox 2119 5222 2181 5260; x_wconf 87' lang='lat' dir='ltr'><strong>ea</strong></span> <span class='ocrx_word' id='word_1_993' title='bbox 2206 5206 2371 5261; x_wconf 82' lang='lat' dir='ltr'><strong>fuisse</strong></span> <span class='ocrx_word' id='word_1_994' title='bbox 2388 5205 2639 5273; x_wconf 90' lang='lat' dir='ltr'><strong>opinione</strong></span> <span class='ocrx_word' id='word_1_995' title='bbox 2669 5216 2727 5260; x_wconf 90' lang='lat' dir='ltr'><strong>ut</strong></span> <span class='ocrx_word' id='word_1_996' title='bbox 2755 5215 3020 5269; x_wconf 88' lang='lat' dir='ltr'><strong>censeret,</strong></span> <span class='ocrx_word' id='word_1_997' title='bbox 3045 5217 3264 5259; x_wconf 89' lang='lat' dir='ltr'><strong>sanctos</strong></span> <span class='ocrx_word' id='word_1_998' title='bbox 3298 5207 3441 5259; x_wconf 88' lang='lat' dir='ltr'><strong>nulla</strong></span> <span class='ocrx_word' id='word_1_999' title='bbox 3465 5222 3596 5273; x_wconf 82' lang='lat' dir='ltr'><strong>pur-</strong></span> 
     </span>
    </p>
   </div>
   <div class='ocr_carea' id='block_1_122' title="bbox 2032 5276 3594 5345">
    <p class='ocr_par' dir='ltr' id='par_1_122' title="bbox 2032 5276 3594 5345">
     <span class='ocr_line' id='line_1_127' title="bbox 2032 5276 3594 5345; baseline 0.001 -18"><span class='ocrx_word' id='word_1_1000' title='bbox 2032 5277 2245 5345; x_wconf 65' lang='lat' dir='ltr'><strong>gatione</strong></span> <span class='ocrx_word' id='word_1_1001' title='bbox 2275 5276 2573 5345; x_wconf 81' lang='lat' dir='ltr'><strong>indigentes</strong></span> <span class='ocrx_word' id='word_1_1002' title='bbox 2608 5276 2853 5329; x_wconf 89' lang='lat' dir='ltr'><strong>iutuitiva</strong></span> <span class='ocrx_word' id='word_1_1003' title='bbox 2906 5290 2971 5329; x_wconf 91' lang='lat' dir='ltr'><strong>ac</strong></span> <span class='ocrx_word' id='word_1_1004' title='bbox 3002 5276 3238 5330; x_wconf 83' lang='lat' dir='ltr'><strong>beneﬁca</strong></span> <span class='ocrx_word' id='word_1_1005' title='bbox 3267 5276 3474 5329; x_wconf 89' lang='lat' dir='ltr'><strong>visione</strong></span> <span class='ocrx_word' id='word_1_1006' title='bbox 3503 5276 3594 5329; x_wconf 88' lang='lat' dir='ltr'><strong>Dei</strong></span> 
     </span>
    </p>
   </div>
   <div class='ocr_carea' id='block_1_123' title="bbox 2034 5345 3599 5413">
    <p class='ocr_par' dir='ltr' id='par_1_123' title="bbox 2034 5345 3599 5413">
     <span class='ocr_line' id='line_1_128' title="bbox 2034 5345 3599 5413; baseline -0.001 -14"><span class='ocrx_word' id='word_1_1007' title='bbox 2034 5362 2137 5399; x_wconf 92' lang='lat' dir='ltr'><strong>non</strong></span> <span class='ocrx_word' id='word_1_1008' title='bbox 2194 5345 2298 5399; x_wconf 82' lang='lat' dir='ltr'><strong>frui</strong></span> <span class='ocrx_word' id='word_1_1009' title='bbox 2347 5357 2472 5398; x_wconf 86' lang='lat' dir='ltr'><strong>ante</strong></span> <span class='ocrx_word' id='word_1_1010' title='bbox 2517 5356 2816 5399; x_wconf 78' lang='lat' dir='ltr'><strong>extremum</strong></span> <span class='ocrx_word' id='word_1_1011' title='bbox 2859 5345 3047 5413; x_wconf 88' lang='lat' dir='ltr'><strong>judicii</strong></span> <span class='ocrx_word' id='word_1_1012' title='bbox 3098 5347 3274 5408; x_wconf 90' lang='lat' dir='ltr'><strong>diem;</strong></span> <span class='ocrx_word' id='word_1_1013' title='bbox 3330 5346 3444 5399; x_wconf 86' lang='lat' dir='ltr'><strong>sive</strong></span> <span class='ocrx_word' id='word_1_1014' title='bbox 3490 5346 3599 5399; x_wconf 77' lang='lat' dir='ltr'><strong>hac</strong></span> 
     </span>
    </p>
   </div>
   <div class='ocr_carea' id='block_1_124' title="bbox 2031 5415 3602 5483">
    <p class='ocr_par' dir='ltr' id='par_1_124' title="bbox 2031 5415 3602 5483">
     <span class='ocr_line' id='line_1_129' title="bbox 2031 5415 3602 5483; baseline -0.002 -15"><span class='ocrx_word' id='word_1_1015' title='bbox 2031 5415 2344 5471; x_wconf 86' lang='lat' dir='ltr'><strong>fruerentur</strong></span> <span class='ocrx_word' id='word_1_1016' title='bbox 2398 5416 2720 5483; x_wconf 75' lang='lat' dir='ltr'><strong>patriarchm</strong></span> <span class='ocrx_word' id='word_1_1017' title='bbox 2778 5428 2901 5471; x_wconf 88' lang='lat' dir='ltr'><strong>ante</strong></span> <span class='ocrx_word' id='word_1_1018' title='bbox 2941 5416 3146 5470; x_wconf 78' lang='lat' dir='ltr'><strong>Christi</strong></span> <span class='ocrx_word' id='word_1_1019' title='bbox 3190 5420 3510 5479; x_wconf 76' lang='lat' dir='ltr'><strong>adventum,</strong></span> <span class='ocrx_word' id='word_1_1020' title='bbox 3537 5423 3602 5466; x_wconf 85' lang='lat' dir='ltr'><strong>ut</strong></span> 
     </span>
    </p>
   </div>
   <div class='ocr_carea' id='block_1_125' title="bbox 2031 5484 3601 5549">
    <p class='ocr_par' dir='ltr' id='par_1_125' title="bbox 2031 5484 3601 5549">
     <span class='ocr_line' id='line_1_130' title="bbox 2031 5484 3601 5549; baseline -0.003 -8"><span class='ocrx_word' id='word_1_1021' title='bbox 2031 5487 2312 5541; x_wconf 87' lang='lat' dir='ltr'><strong>contendit</strong></span> <span class='ocrx_word' id='word_1_1022' title='bbox 2343 5485 2538 5540; x_wconf 86' lang='lat' dir='ltr'><strong>doctus</strong></span> <span class='ocrx_word' id='word_1_1023' title='bbox 2562 5487 2644 5540; x_wconf 86' lang='lat' dir='ltr'><strong>vir</strong></span> <span class='ocrx_word' id='word_1_1024' title='bbox 2692 5486 2931 5541; x_wconf 82' lang='lat' dir='ltr'><strong>Joannes</strong></span> <span class='ocrx_word' id='word_1_1025' title='bbox 2971 5484 3302 5549; x_wconf 84' lang='lat' dir='ltr'><strong>Cadonicus,</strong></span> <span class='ocrx_word' id='word_1_1026' title='bbox 3364 5487 3477 5539; x_wconf 84' lang='lat' dir='ltr'><strong>sive</strong></span> <span class='ocrx_word' id='word_1_1027' title='bbox 3531 5498 3601 5537; x_wconf 62' lang='grc' dir='ltr'><strong>ω</strong></span> 
     </span>
    </p>
   </div>
   <div class='ocr_carea' id='block_1_126' title="bbox 2026 5554 3604 5627">
    <p class='ocr_par' dir='ltr' id='par_1_126' title="bbox 2026 5554 3604 5627">
     <span class='ocr_line' id='line_1_131' title="bbox 2026 5554 3604 5627; baseline -0.004 -18"><span class='ocrx_word' id='word_1_1028' title='bbox 2026 5572 2136 5610; x_wconf 88' lang='lat' dir='ltr'><strong>non</strong></span> <span class='ocrx_word' id='word_1_1029' title='bbox 2172 5556 2495 5612; x_wconf 72' lang='lat' dir='ltr'><strong>fruerentur.</strong></span> <span class='ocrx_word' id='word_1_1030' title='bbox 2514 5555 2676 5627; x_wconf 74' lang='lat' dir='ltr'><strong>Lege,</strong></span> <span class='ocrx_word' id='word_1_1031' title='bbox 2699 5558 2750 5627; x_wconf 43' lang='grc' dir='ltr'><strong>,εἰ</strong></span> <span class='ocrx_word' id='word_1_1032' title='bbox 2763 5558 2952 5627; x_wconf 88' lang='lat' dir='ltr'><strong>placet,</strong></span> <span class='ocrx_word' id='word_1_1033' title='bbox 2977 5571 3097 5624; x_wconf 66' lang='lat' dir='ltr'><strong>qua:</strong></span> <span class='ocrx_word' id='word_1_1034' title='bbox 3115 5559 3180 5610; x_wconf 89' lang='lat' dir='ltr'><strong>de</strong></span> <span class='ocrx_word' id='word_1_1035' title='bbox 3198 5554 3498 5627; x_wconf 84' lang='lat' dir='ltr'><strong>bujusmodi</strong></span> <span class='ocrx_word' id='word_1_1036' title='bbox 3522 5555 3604 5605; x_wconf 66' lang='lat' dir='ltr'><strong>lo.</strong></span> 
     </span>
    </p>
   </div>
   <div class='ocr_carea' id='block_1_127' title="bbox 2025 5625 3602 5694">
    <p class='ocr_par' dir='ltr' id='par_1_127' title="bbox 2025 5625 3602 5694">
     <span class='ocr_line' id='line_1_132' title="bbox 2025 5625 3602 5694; baseline 0 -16"><span class='ocrx_word' id='word_1_1037' title='bbox 2025 5629 2241 5682; x_wconf 88' lang='lat' dir='ltr'><strong>cutione</strong></span> <span class='ocrx_word' id='word_1_1038' title='bbox 2280 5630 2467 5683; x_wconf 86' lang='lat' dir='ltr'><strong>scribit</strong></span> <span class='ocrx_word' id='word_1_1039' title='bbox 2509 5625 2834 5683; x_wconf 76' lang='lat' dir='ltr'><strong>Muratorius</strong></span> <span class='ocrx_word' id='word_1_1040' title='bbox 2860 5626 2912 5679; x_wconf 89' lang='lat' dir='ltr'><strong>in</strong></span> <span class='ocrx_word' id='word_1_1041' title='bbox 2945 5628 3083 5680; x_wconf 92' lang='lat' dir='ltr'><strong>libro</strong></span> <span class='ocrx_word' id='word_1_1042' title='bbox 3114 5627 3189 5680; x_wconf 83' lang='lat' dir='ltr'><strong>De</strong></span> <span class='ocrx_word' id='word_1_1043' title='bbox 3230 5625 3500 5694; x_wconf 73' lang='lat' dir='ltr'><strong>paradiso,</strong></span> <span class='ocrx_word' id='word_1_1044' title='bbox 3530 5639 3602 5678; x_wconf 85' lang='lat' dir='ltr'><strong>ac</strong></span> 
     </span>
    </p>
   </div>
   <div class='ocr_carea' id='block_1_128' title="bbox 2025 5694 3599 5825">
    <p class='ocr_par' dir='ltr' id='par_1_128' title="bbox 2025 5694 3599 5825">
     <span class='ocr_line' id='line_1_133' title="bbox 2025 5694 3599 5825; baseline -0.001 -75"><span class='ocrx_word' id='word_1_1045' title='bbox 2025 5696 2324 5825; x_wconf 63' lang='lat' dir='ltr'><strong>gallerinii,</strong></span> <span class='ocrx_word' id='word_1_1046' title='bbox 2371 5713 2493 5771; x_wconf 85' lang='lat' dir='ltr'><strong>cap.</strong></span> <span class='ocrx_word' id='word_1_1047' title='bbox 2538 5699 3054 5771; x_wconf 44' lang='lat' dir='ltr'><strong>10.Dissertattonis</strong></span> <span class='ocrx_word' id='word_1_1048' title='bbox 3085 5714 3124 5752; x_wconf 90' lang='grc' dir='ltr'><strong>ιι</strong></span> <span class='ocrx_word' id='word_1_1049' title='bbox 3171 5697 3223 5753; x_wconf 93' lang='lat' dir='ltr'><strong>in</strong></span> <span class='ocrx_word' id='word_1_1050' title='bbox 3249 5698 3311 5753; x_wconf 77' lang='grc' dir='ltr'><strong>ὃ.</strong></span> <span class='ocrx_word' id='word_1_1051' title='bbox 3355 5694 3599 5755; x_wconf 71' lang='lat' dir='ltr'><strong>Zenonis</strong></span> 
     </span>
     <span class='ocr_line' id='line_1_134' title="bbox 2073 5782 2220 5825; baseline 0 0"><span class='ocrx_word' id='word_1_1052' title='bbox 2073 5782 2220 5825; x_wconf 80' lang='lat' dir='ltr'><strong>nera.</strong></span> 
     </span>
    </p>
   </div>
   <div class='ocr_carea' id='block_1_129' title="bbox 2070 5782 2220 5837">
    <p class='ocr_par' dir='ltr' id='par_1_129' title="bbox 2070 5782 2220 5837">
     <span class='ocr_line' id='line_1_135' title="bbox 2070 5782 2220 5837; baseline -0.013 -10"><span class='ocrx_word' id='word_1_1053' title='bbox 2070 5782 2220 5837; x_wconf 85' lang='lat' dir='ltr'><strong>pera.</strong></span> 
     </span>
    </p>
   </div>
  </div>
