3758 6304
347 340 446 400 951

1570 342 1803 399 DIDYMl
1842 341 2310 399 ALEXANDRINI

3474 347 3569 401 95!

350 455 659 509 uestimento
697 454 1013 521 abutuntur,
1057 456 1210 526 quasi
1242 467 1487 512 sattctnm
1530 458 1619 511 Dei
1648 457 1906 525 Spiritum
1937 508 1939 515 ι

2055 456 2213 525 τίσμα
2252 450 2389 508 εἶναι
2436 452 2497 506 τὸ
2529 452 2680 523 ἆγιον
2704 451 2929 524 Πνεῦμα
2974 453 3064 507 τοῦ
3107 452 3263 520 Θεοῦ,
3307 455 3482 509 καίτοι.
3518 458 3575 510 τδ

347 554 656 601 creaturam
700 559 823 600 esse
878 546 1147 616 signiticet
1179 564 1194 601 :
1246 562 1368 601 cum
1400 556 1576 601 tamen
1609 546 1909 614 huiusmodi

348 633 806 705 significationem
838 651 1011 706 neque
1036 638 1217 693 hacin
1240 648 1417 707 parte,
1455 653 1552 692 nec
1582 638 1634 693 in
1668 639 1772 692 alia
1814 639 1912 692 ha-

350 723 475 778 beat
510 724 619 779 ullo
653 731 829 782 modo.
868 725 992 781 Haec
1020 736 1198 782 autem
1230 739 1357 782 sunt
1385 729 1663 798 prophetas
1710 731 1911 783 verba:

354 834 376 870 ι
407 815 653 873 Subverti
684 816 797 888 (46)
830 832 943 882 vos,
979 818 1120 873 sicut
1151 820 1415 875 subvertit
1460 821 1603 876 Deus
1626 820 1913 875 Sodomam

352 916 408 960 et
428 904 808 970 Gomorrham,
834 917 888 962 et
916 907 1042 963 facti
1098 909 1234 966 estis
1280 911 1430 980 quasi
1476 911 1598 968 titio
1642 920 1916 967 extractus

350 1011 417 1051 ex
486 996 612 1065 igne
660 1015 675 1052 :
735 1007 792 1055 et
834 1014 907 1055 ne
952 1000 1031 1055 sic
1084 1001 1301 1071 quidem
1360 1004 1605 1059 conversi
1663 1003 1794 1059 estis
1849 1003 1915 1057 ad

354 1103 461 1153 me,
485 1088 617 1144 dicit
686 1089 960 1146 Dominus.
1019 1093 1353 1165 Quapropter
1409 1095 1488 1151 sic
1545 1094 1738 1149 faciam
1793 1096 1914 1158 tibi,

352 1194 389 1235 ο
416 1178 582 1235 Israel
608 1203 620 1236 :
647 1192 1013 1239 verumtamen
1046 1186 1171 1254 quia
1194 1186 1273 1241 sic
1302 1184 1495 1241 faciam
1526 1185 1646 1253 tibi,
1674 1200 1914 1256 praepara

357 1279 409 1326 te
434 1272 500 1326 ad
531 1272 883 1329 invocandum
915 1275 1081 1330 Deum
1128 1285 1300 1344 tuum,
1349 1292 1383 1332 ο
1419 1277 1601 1333 lsrael.
1627 1277 1762 1344 Quia
1793 1291 1920 1331 ecce

358 1363 581 1418 ﬁrmans
613 1364 724 1435 (47)
761 1366 1076 1435 tonitruum,
1115 1376 1169 1423 et
1216 1384 1407 1426 creans
1435 1370 1707 1440 Spiritum,
1738 1379 1792 1425 et
1824 1386 1920 1423 an-

357 1454 617 1507 nuntians
680 1455 826 1511 inter
892 1456 1139 1512 homines
1192 1456 1463 1513 Christum
1505 1474 1685 1523 suum,
1720 1458 1921 1513 faciens

356 1543 645 1600 diluculum
694 1557 749 1602 et
782 1548 1048 1614 nebulam,
1098 1558 1154 1603 et
1212 1551 1508 1606 ascendens
1554 1564 1716 1621 super
1745 1550 1922 1605 excel-

357 1650 415 1690 sa
445 1635 556 1708 (48)
588 1646 788 1694 teme:
838 1640 1098 1696 Dominus
1150 1640 1292 1696 Deus
1340 1642 1681 1711 omnipotens
1726 1655 1920 1701 nomen

359 1726 483 1795 ipsi.
513 1746 534 1780 ι
559 1726 692 1785 Cum
717 1744 847 1798 ergo
872 1740 982 1786 tres
1014 1745 1109 1801 per
1134 1745 1192 1787 se
1218 1730 1471 1800 perfecta:
1496 1732 1810 1801 hypostases
1826 1728 1919 1785 hic

360 1828 876 1884 commemorentur,
908 1836 1011 1875 tina
1041 1835 1160 1889 qua:
1186 1821 1283 1884 ait,
1328 1838 1348 1872 ι
1384 1819 1668 1885 Subverti;
1699 1839 1719 1873 ι
1750 1820 1916 1873 altera

362 1907 430 1967 de
452 1922 557 1976 qua
589 1908 703 1976 ipsa
738 1908 887 1973 dicit,
920 1928 941 1977 ς
976 1908 1125 1964 Sicut
1151 1908 1417 1964 subvertit
1445 1910 1619 1975 Deus;
1653 1927 1672 1963 ι
1712 1908 1921 1963 aliaubi

363 1996 580 2068 legitur,
610 2016 629 2051 ι
662 1999 935 2057 Christum
967 2017 1123 2056 suum
1147 2002 1322 2072 (49);»
1355 2001 1521 2075 426
1546 2012 1668 2070 apte
1713 2012 1768 2056 et
1794 2016 1925 2055 con-

364 2089 526 2151 cinne
549 2090 688 2147 dicta
715 2090 830 2146 huc
845 2106 965 2147 esse
988 2092 1331 2162 intelligimus
1352 2108 1456 2148 non
1481 2108 1546 2147 ex
1570 2091 1924 2163 persona(50)

363 2181 541 2239 Patris
571 2182 803 2255 aut(51)
836 2184 903 2239 de
932 2195 1125 2241 sancto
1150 2185 1266 2252 ejus
1304 2182 1539 2254 Spiritu,
1583 2184 1675 2238 sed
1712 2200 1776 2238 ex
1816 2198 1931 2251 per-

364 2289 497 2332 sona
532 2274 699 2346 ipsius
730 2274 963 2345 Spiritus
1015 2275 1210 2341 sancti,
1246 2275 1340 2345 qui
1398 2276 1641 2346 loquitur
1665 2274 1827 2330 etiam
1862 2276 1927 2329 de

366 2378 550 2433 vento,
586 2367 638 2422 id
667 2377 754 2423 est
785 2367 851 2422 de
878 2366 1074 2437 spiritu
1115 2367 1226 2435 illo,
1283 2367 1372 2437 qui
1404 2366 1720 2434 tonitruum,
1772 2365 1916 2435 quod

366 2460 421 2517 in
459 2459 738 2516 hominum
767 2460 989 2515 auribus
1021 2459 1256 2528 insonat,
1288 2459 1537 2516 comitari
1566 2458 1724 2515 solet.
1754 2456 1923 2525 Quam

367 2553 436 2607 ob
460 2566 574 2608 rem
609 2552 662 2607 in
695 2552 895 2619 verbis,
924 2567 1043 2623 quae
1067 2560 1365 2623 sequuntur
1388 2590 1405 2618 ,
1433 2550 1726 2607 diluculum
1742 2564 1805 2604 ac
1829 2564 1927 2604 ne-

370 2643 548 2699 uulam
584 2644 698 2716 (52)
720 2654 1131 2701 commemorat.
1164 2644 1441 2711 Quomodo
1460 2643 1603 2698 enim
1628 2649 1804 2711 potest
1830 2639 1930 2695 Pa-

371 2749 454 2790 .er
478 2750 600 2791 esse
627 2735 715 2790 ille
738 2736 827 2806 qui
856 2736 995 2791 dixit
1025 2752 1041 2791 :
1073 2753 1093 2787 s
1125 2734 1467 2789 Annuntians
1507 2733 1646 2788 inter
1687 2731 1932 2788 homines

368 2819 640 2876 thistum
666 2837 844 2889 suum,
868 2840 888 2875 ι
932 2837 1038 2877 non
1064 2836 1215 2885 vero,
1242 2820 1516 2877 Christum
1547 2835 1760 2885 meum;
1791 2818 1932 2875 sicut

373 2928 425 2967 .n
462 2928 625 2968 cxxxt
649 2912 854 2982 psalmo
903 2913 1060 2980 dixit,
1120 2931 1139 2966 ι
1173 2913 1363 2967 Paravi
1408 2912 1683 2967 lucernam
1713 2911 1933 2967 Christo

370 3003 532 3059 meo?
553 3020 573 3054 ι
594 3014 686 3057 aut
702 3003 793 3073 qui
809 3002 903 3068 ait,
929 3021 949 3055 ι
989 3001 1188 3057 Nomen
1215 3002 1341 3071 ipsi,
1381 3019 1400 3054 ι
1427 3016 1550 3056 cum
1568 3000 1752 3057 dicere
1770 3000 1934 3056 debe-

371 3102 475 3158 ret,
511 3107 704 3149 nomen
722 3093 895 3149 mihi?
924 3092 1122 3160 Quodsi
1160 3092 1370 3147 Patrem
1415 3093 1488 3148 ibi
1516 3094 1596 3148 sic
1632 3092 1775 3159 loqui
1804 3107 1931 3148 cono

2012 546 2226 599 σύνολον
2259 544 2513 613 οὐδεμίαν
2533 544 2766 615 ἔμφασιν
2796 544 3053 615 τοιαύτην
3076 547 3203 617 περὶ
3245 546 3435 611 αὐτοῦ,
3462 547 3577 603 οὔτε

2013 638 2070 690 ὲν
2104 636 2184 708 τῷ
2216 637 2370 709 μέρει
2399 636 2591 706 τούτῳ,
2616 636 2738 689 οὕτε
2771 638 2829 690 ὲν
2867 636 3032 707 ἄλλῳ,
3068 637 3321 708 ποιούσῃ.
3350 636 3504 707 Ἔχει
3529 638 3579 693 δὲ

2013 722 2115 782 ὧδε
2133 745 2150 762 ⁸
2181 748 2199 781 t
2231 727 2587 799 Κατέστρεψα
2620 730 2783 798 ὑμᾶς,
2808 727 2989 790 καθὼς
3012 729 3378 799 κατέστρεψεν
3405 731 3436 782 6
3457 729 3581 793 Θεὸς

2015 821 2220 891 Σόδομα
2248 820 2341 875 καὶ
2374 820 2644 891 Γόμορρα,
2677 820 2770 873 καὶ
2798 818 3045 888 ἐγένεσθε
3074 820 3149 883 ώς
3173 819 3333 882 δαλὸς
3360 819 3585 885 ὲξεσπα-

2016 912 2212 983 σμένος
2254 913 2319 966 ἐκ
2579 910 2674 964 καὶ
2704 910 2811 964 οὐδ’
2839 910 3010 973 οὕτως
3043 911 3414 983 ἐπεστρέψατε
3455 911 3585 977 πρὸς

2020 1005 2106 1075 μὲ,
2168 1004 2312 1072 λέγει
2378 1003 2594 1073 Κύριος.
2651 1002 2745 1055 Διὰ
2811 1002 2970 1055 τοῦτο
3017 1002 3186 1065 οὕτως
3240 1004 3452 1072 ποιήσω
3486 1020 3586 1064 σοι,

2030 1095 2270 1166 Ἰσραήλ·
2300 1093 2437 1164 πλὴν
2474 1094 2555 1145 ὅτι
2594 1093 2763 1156 οὕτως
2791 1095 3002 1162 ποιήσω
3036 1110 3137 1153 σοι,
3172 1091 3464 1162 ἕτοιμά-ζου
3498 1094 3586 1146 τοῦ

2018 1186 2385 1241 ἐπικαλεῖσθαι
2422 1185 2514 1238 τὸν
2554 1184 2685 1237 Θεὸν
2716 1201 2830 1244 σου.
2870 1184 3101 1255 Ἰσραήλ.
3134 1184 3275 1236 Διότι
3316 1185 3425 1236 ἰδοὺ
3469 1202 3584 1237 στε-

2019 1280 2158 1351 ρεῶν
2205 1279 2450 1350 βροντὴν,
2485 1278 2578 1330 καὶ
2605 1276 2800 1340 κτίζων
2828 1275 3061 1346 πνεῦμα,
3102 1277 3194 1328 καὶ
3230 1278 3587 1344 ἀπαγγέλλων

2018 1373 2097 1435 εἰς
2142 1369 2460 1441 ἀνθρώπους
2507 1369 2598 1421 τὸν
2636 1369 2867 1439 Χριστὸν
2901 1368 3086 1431 αὐτοῦ,
3130 1370 3159 1420 6
3192 1368 3367 1421 ποιῶν
3398 1369 3589 1439 ὄρθρον

2018 1463 2113 1516 καὶ
2140 1462 2389 1532 ὁμίχλην,
2434 1461 2527 1514 καὶ
2566 1460 2858 1513 ἐπιϐαίνων
2899 1461 2991 1513 ἐπὶ
3028 1460 3096 1513 τὰ
3122 1460 3298 1529 ὑψηλὰ
3328 1462 3429 1530 τῆς
3459 1462 3588 1531 γῆς·

2019 1552 2221 1623 Κύριος
2234 1554 2263 1604 6
2283 1551 2411 1615 Θεὸς
2426 1552 2453 1603 6
2469 1551 2857 1621 παντοκράτωρ
2880 1550 3047 1619 ὄνομα
3071 1550 3238 1619 αὐτῷ.
3254 1569 3271 1600 ι
3292 1550 3417 1602 Τῶν
3429 1550 3592 1621 τριῶν

2022 1642 2147 1715 [207
2180 1642 2232 1713 ὸ]
2261 1642 2435 1695 τοίνυν
2466 1641 2766 1694 αὐτοτελῶν
2804 1641 3151 1694 ὑποστάσεων
3195 1642 3592 1710 μνημονευομέ-

2018 1751 2145 1799 νων,
2173 1736 2298 1804 μιᾶς
2320 1732 2600 1802 λεγούσης,
2635 1751 2654 1783 ι
2691 1732 3045 1803 Κατέστρεψα
3063 1749 3109 1782 οι
3136 1732 3350 1801 ἑτέρας,
3378 1733 3507 1802 περὶ
3531 1727 3593 1800 ἧς

2024 1825 2198 1894 λέγει·
2236 1844 2255 1877 t
2291 1823 2487 1887 Καθὼς
2520 1823 2884 1893 κατέστρεψεν
2914 1826 2942 1875 6
2988 1823 3117 1887 Θεός
3139 1839 3150 1849 ·
3188 1842 3205 1873 ι
3251 1823 3419 1891 ἄλλης
3463 1822 3588 1875 ἔνθα

2024 1917 2139 1987 εχει
2163 1916 2254 1970 τὸν
2282 1916 2516 1986 Χριστὸν
2537 1915 2722 1969 αὑτοῦ·
2758 1915 2989 1978 εὐθέτως
3014 1916 3107 1968 καὶ
3139 1914 3489 1983 καταλλήλως
3512 1912 3597 1965 εὑ-

2029 2008 2271 2081 ρίσκεται
2320 2008 2354 2076 ὴ
2397 2007 2549 2076 φωνὴ
2584 2006 2868 2079 εἰρημένη,
2923 2007 3024 2059 οὐκ
3056 2007 3119 2059 ὲκ
3160 2005 3459 2079 προσώπου
3508 2006 3597 2058 τοῦ

2025 2099 2259 2171 Πατρὸς,
2283 2098 2317 2169 ἢ
2340 2097 2580 2170 περὶτοῦ
2601 2099 2758 2165 ἁγίου
2789 2098 2927 2150 Πνεύ
2936 2115 3102 2167 ματος
3122 2096 3310 2157 αὑτοῦ.
3347 2098 3464 2150 ἀλλ’
3496 2097 3597 2149 ἀπὸ

2026 2188 2122 2242 τοῦ
2157 2188 2308 2256 ἁγίου
2362 2186 2694 2257 Πνεύματος,
2727 2186 2820 2240 τοῦ
2847 2188 2940 2240 καὶ
2976 2187 3307 2258 λαλήσαντος
3347 2189 3477 2258 περ)¹
3508 2188 3597 2240 τοῦ

2026 2277 2308 2348 ἀνεμιαίου
2357 2276 2683 2346 πνεύματος,
2727 2274 2818 2328 τοῦ
2863 2278 2928 2347 τῇ
2965 2276 3158 2348 βροντῇ
3192 2281 3259 2349 τῇ
3298 2278 3597 2349 ἀνθρώποις

2028 2368 2364 2440 ὲνηχουμένῃ
2400 2365 2827 2437 παρακολουθεῖν
2874 2368 3197 2434 πεφυκότος.
3246 2369 3335 2421 Διὸ
3384 2371 3598 2437 ἐπάγων

2030 2458 2355 2529 μνημονεύει
2382 2457 2600 2530 ὄρθρου,
2631 2458 2878 2528 ὁμίχλης.
2910 2458 3032 2522 Πῶς
3060 2458 3167 2530 γὰρ
3197 2462 3224 2512 6
3249 2461 3442 2530 Πατὴρ
3464 2460 3597 2529 εἶχεν

2028 2550 2232 2612 εἰπεῖν,
2264 2548 2298 2617 ἦ
2325 2548 2404 2613 τὺ,
2444 2566 2462 2599 t
2513 2548 2887 2615 Ἀπαγγέλλων
2907 2550 2987 2612 είς
3012 2548 3328 2619 ἀνθρώπους
3356 2551 3450 2602 τὸν
3469 2552 3595 2620 Χρι-

2031 2640 2152 2693 στὸν
2180 2638 2365 2693 αὐτοῦ·
2409 2657 2427 2690 ι
2459 2640 2552 2693 καὶ
2579 2639 2717 2709 ούχὶ,
2748 2638 2837 2693 τὸν
2866 2640 3097 2711 Χριστόν
3127 2640 3363 2709 μου,,ώς
3401 2642 3460 2694 ὲν
3492 2642 3596 2712 plu’

2028 2729 2227 2801 ψαλμῷ
2257 2729 2390 2800 ἔφη·
2424 2748 2443 2780 ι
2491 2729 2789 2800 Ἦτοίμασα
2820 2729 3010 2801 λύχνον
3042 2730 3120 2801 τῷ
3156 2732 3377 2802 Χριστῷ
3410 2750 3539 2803 μους
3574 2752 3590 2782 ι

2030 2822 2087 2893 ἢ,
2124 2840 2142 2873 ι
2181 2820 2253 2874 Τὸ
2294 2820 2465 2891 δνομα
2498 2820 2667 2891 αὐτῷ,
2708 2840 2725 2871 ι
2757 2821 2875 2874 δέον
2934 2821 3117 2891 φάναι,
3167 2822 3339 2893 δνομά
3373 2842 3498 2894 μοις
3542 2826 3597 2876 Ei

2029 2913 2087 2966 δὲ
2121 2912 2184 2983 δὴ
2217 2912 2311 2965 καὶ
2334 2910 2510 2982 δοθείη
2554 2911 2718 2965 αὑτοῦ
2748 2908 2886 2967 εἶναι
2930 2915 2963 2984 ἡ
2994 2914 3163 2984 φωνὴ,
3199 2914 3261 2968 τὸ
3300 2916 3521 2985 Πνεῦμα
3546 2918 3598 2969 τὸ

2034 3004 2186 3071 ἇγιον
2227 3004 2578 3072 ἀναφαίνεται
2616 3004 2748 3068 Θεὸς
2793 3006 3205 3077 παντοκράτωρ.
3246 3007 3386 3060 Οὔτε
3429 3009 3485 3061 δὲ
3530 3009 3598 3078 τῷ

2035 3096 2305 3167 προφήτῃ,
2349 3094 2559 3164 λέγοντι
2602 3097 2729 3167 περὶ
2755 3095 2850 3150 τοῦ
2879 3098 3109 3167 Πατρδς,
3143 3098 3283 3170 αὕτη
3305 3100 3533 3170 ἁρμόζει
3567 3104 3595 3170 ή

368 3185 707 3254 cedet-emus,
749 3185 878 3240 illud
905 3185 1069 3241 etiam
1100 3186 1226 3240 inde
1254 3192 1591 3255 sequeretur,
1614 3193 1671 3239 ut
1698 3183 1931 3253 Spiritus

2055 3186 2220 3257 ρωνή’
2287 3185 2637 3257 εὑρεθήσεται
2691 3185 2799 3255 γὰρ
2867 3185 2931 3240 ὲκ
2987 3187 3277 3258 προσώπου
3333 3191 3499 3244 αὑτοῦ
3550 3193 3597 3261 ἡ,

373 3283 595 3332 sanctus
620 3274 989 3331 declararetur
1013 3275 1152 3331 Deus
1178 3275 1541 3345 omnipotens.
1583 3272 1690 3329 Sed
1715 3288 1783 3329 ne
1806 3272 1932 3328 illud

2055 3296 2062 3333 l
2098 3276 2454 3347 Κατέστρεψα
2501 3277 2665 3347 ὑμᾶς,
2707 3276 2888 3340 καθὼς
2936 3278 3301 3350 κατέστρεψεν
3335 3283 3362 3333 ὁ
3395 3282 3542 3343 Θεὸς,
3579 3302 3595 3331 s

374 3360 595 3432 quidem
631 3362 739 3420 dici
760 3368 958 3432 potest,
985 3360 1150 3419 verba
1181 3362 1283 3417 ista
1305 3376 1426 3418 esse
1462 3362 1739 3432 pronhetzs
1767 3360 1935 3432 ipsius

2055 3370 2210 3435 ιέξις⁸
2237 3370 2298 3423 οὐ
2330 3369 2697 3442 καταστρέφει
2733 3368 2789 3421 δὲ
2822 3368 3125 3439 ἄνθρωπος,
3159 3371 3343 3434 καθὼς
3376 3373 3406 3423 6
3437 3374 3596 3437 Θεάς·

374 3450 642 3521 loquentis
670 3452 739 3507 de
762 3451 959 3518 Patre;
992 3450 1231 3521 alioquin
1282 3466 1349 3507 ex
1380 3449 1626 3522 ejusdem
1660 3451 1936 3522 propheta:

2055 3469 2156 3523 ιύδὲ
2193 3469 2323 3523 ῐδιον
2358 3469 2632 3541 προφήτου
2660 3466 2997 3537 φθέγξασθαι
3042 3473 3472 3541 καυχηματικῶς
3498 3474 3599 3544 ἅμα

373 3555 604 3612 persona
649 3541 792 3598 dicta
832 3550 1017 3599 essent
1042 3542 1203 3599 etiam
1243 3541 1359 3598 haec
1403 3541 1599 3598 verba:
1634 3560 1654 3593 ι
1690 3540 1938 3597 Subverti

374 3648 491 3700 vos,
522 3633 665 3691 sicut
690 3634 957 3703 subvertit
994 3634 1155 3693 Deus.
1182 3652 1202 3689 ι
1235 3634 1305 3690 At
1323 3649 1452 3690 vero
1471 3635 1632 3691 homo
1660 3650 1766 3690 non
1789 3644 1935 3691 recte

375 3726 572 3784 dicitur
590 3727 927 3792 subvertere,
955 3728 1097 3783 sicut
1124 3726 1389 3783 subvertit
1415 3724 1577 3783 Deus.
1606 3728 1685 3782 Ac
1714 3738 1939 3797 praeter-

375 3832 441 3875 ea
488 3820 765 3890 proprium
820 3822 1096 3891 propheta:
1147 3837 1254 3877 non
1287 3829 1391 3889 est,
1426 3830 1486 3877 ut
1512 3831 1835 3893 arroganter
1862 3820 1938 3875 si-

377 3912 488 3969 mul
535 3912 788 3984 loquatur
823 3921 880 3969 et
908 3913 1241 3983 blaspheme.
1274 3915 1409 3970 Cum
1434 3923 1614 3971 autem
1644 3913 1790 3969 dicat
1818 3928 1939 3982 pro-

378 4002 598 4075 pbets,t
628 4002 832 4060 Creana
850 4003 1122 4075 spiritum,
1147 4024 1167 4058 ›
1205 4019 1324 4072 seu,
1373 4004 1465 4074 qui
1504 4019 1631 4060 creo
1666 4002 1939 4074 spiritum,

2055 4002 2155 4068 τοῦ,
2197 4001 2403 4069 Ἀγίου,
2434 3999 2605 4071 ψιλῶς
2632 3999 3087 4072 προφητεύεσθαι,
3127 4019 3146 4051 ‹
3177 4001 3395 4066 κτίζων
3445 4002 3604 4055 πνεῦο

2043 3575 2137 3630 καὶ
2181 3574 2525 3645 βλασφήμως.
2564 3573 2675 3629 Καὶ
2718 3572 2778 3626 τὸ
2824 3573 2968 3645 ἔχειν
3022 3574 3098 3638 δὲ,
3142 3594 3160 3624 ι
3198 3576 3414 3641 κτίζων
3453 3578 3597 3631 Πνεῦ-

2047 3699 2144 3755 μα,
2188 3700 2206 3733 ι
2248 3680 2366 3749 οὐχ).
2385 3679 2461 3745 δὲ,
2491 3678 2680 3741 κτίσας
2711 3678 2966 3750 Πνεῦμα,
3004 3681 3097 3734 καὶ
3143 3681 3204 3733 τὸ
3252 3683 3510 3754 τετάχθαι
3553 3684 3604 3735 ἐν

2044 3784 2278 3858 πρώτοις
2312 3784 2411 3857 τὴν
2444 3784 2671 3856 βροντὴν
2703 3783 3069 3854 στερεοῦσθαι,
3099 3786 3156 3837 έν
3176 3784 3450 3858 δευτέροις
3470 3788 3525 3841 δὲ
3550 3789 3607 3840 τὸ

2041 3890 2259 3963 πνεῦμα
2280 3889 2583 3956 κτίζεσθαι,
2617 3888 2697 3943 ἔτι
2722 3888 2779 3942 δὲ
2798 3888 2892 3941 καὶ
2924 3888 2983 3942 τὸ
3007 3888 3137 3942 ἄνευ
3170 3890 3265 3943 τοῦ
3287 3891 3495 3964 ἄρθρου
3519 3893 3606 3945 καὶ

379 4151 543 4213 atque
574 4139 873 4213 explicavit
910 4140 963 4194 in
1009 4139 1146 4195 libro
1192 4140 1265 4213 De
1306 4138 1507 4213 Spiritu
1541 4147 1744 4203 sancto,
1792 4153 1941 4213 num.
2049 4138 2140 4213 Dei
2171 4135 2420 4205 loquatur
2450 4135 2866 4213 propheta-non
2898 4132 2962 4185 de
3013 4131 3230 4187 Christo
3263 4134 3392 4193 Del;
3444 4139 3608 4190 utitur

380 4204 537 4270 M'et
562 4204 789 4265 ιδίδεά
818 4210 903 4262 hic
925 4224 988 4265 ea
1021 4212 1324 4279 accuratius
1347 4204 1732 4277 interpretatur
1758 4208 1941 4279 aliqua
2049 4207 2205 4279 enim
2221 4204 2361 4279 voce
2374 4214 2507 4279 7_.'tt_2_!-
2533 4205 2628 4279 _At
2662 4204 2805 4279 quis_
2825 4213 2931 4255 tam
2961 4218 3295 4279 vecorscsse
3319 4216 3522 4272 pote~t,
3556 4218 3609 4261 ut

380 4298 449 4338 ex
482 4289 635 4349 parte
659 4320 675 4344 ,
712 4279 927 4334 brevius
967 4287 1147 4333 tamen
1182 4278 1270 4332 illa
1306 4272 1576 4349 attingens
1611 4291 1733 4347 quae
1770 4272 1946 4333 fusius
2051 4277 2320 4349 existimet
2346 4274 2484 4330 ιλιι
2530 4272 2901 4349 lntt._l_egis_se
2945 4279 3079 4349 πω.
3142 4274 3268 4349 dum
3319 4284 3606 4349 verterent,

383 4351 457 4408 ibi
478 4341 821 4417 exposuerat.
1445 4341 1473 4349 ⁷
1628 4341 1648 4347 ”
2060 4346 2370 4417 «Christum
2386 4359 2548 4417 suum
2578 4342 2637 4395 r?
2672 4341 2727 4417 Si
2758 4343 2885 4411 quid
2908 4341 3281 4417 ei-go‘o‘mnino
3314 4348 3608 4413 reprehen-

453 4410 567 4490 (ιϐ)
625 4418 885 4473 Subveni.
946 4420 1112 4473 Amos
1174 4432 1249 4481 tv,
1304 4417 1490 4473 ll-l5.
1553 4417 1950 4489 Complutensis
1986 4454 2029 4510 υ
2056 4416 2183 4485 dere
2220 4410 2433 4469 volebat
2473 4412 2790 4534 Basnagius,
2826 4426 2891 4464 ac
2916 4410 3014 4463 suo
3044 4410 3136 4493 illo
3170 4410 3430 4471 verbo.'r
3459 4433 3605 4469 em-

456 4491 553 4534 itin
586 4488 869 4534 nonnullas
899 4488 985 4534 hic
1009 4489 1170 4534 habet
1199 4490 1348 4534 narvi
1376 4491 1632 4534 momenti
1658 4490 1952 4534 varietates
2060 4494 2270 4534 verunt.
2303 4503 2322 4534 ι
2387 4494 2493 4534 tam
2538 4498 2638 4534 con
2663 4483 2869 4534 Identer
2913 4481 3082 4534 abuit.
3123 4498 3225 4534 non
3271 4482 3415 4534 LXX
3442 4484 3605 4534 Inter-

384 4481 559 4547 editio
586 4488 869 4561 nonnullas
899 4488 1171 4561 hic_habet
1199 4490 1348 4561 parvi
1376 4491 1633 4561 momenti
1658 4481 1952 4544 varietates
1986 4481 2029 4510 ν
2060 4481 2270 4550 verunt,
2303 4503 2322 4537 ι
2387 4494 2493 4537 tam
2538 4481 2877 4561 confidenter.
2913 4481 3082 4561 abuti,
3123 4498 3225 4536 non
3271 4482 3415 4561 L_X_X
3438 4484 3609 4561 inter-3

427 4576 524 4617 uas
569 4560 779 4615 omitto.
830 4558 936 4615 Sed
986 4550 1460 4615 Francofurtensis
1491 4559 1656 4617 editio
1684 4560 1955 4615 consentit
2061 4565 2259 4621 pretes,
2299 4567 2419 4607 meo
2462 4552 2673 4621 quidem
2717 4550 2937 4621 judicio,
2971 4552 3257 4621 obiurgare
3292 4555 3499 4618 debuit,
3525 4558 3610 4609 sed

435 4576 524 4617 uas
569 4571 779 4615 omitto.
830 4571 936 4615 Sed
986 4571 1460 4615 urancorunensrs
1491 4571 1656 4617 euttto
1684 4571 1955 4615 consentit
2098 4571 2259 4617 retes,
2299 4571 2419 4607 meo
2462 4571 2673 4621 qutuetn
2717 4571 2937 4621 )lltllClﬂ,
2971 4571 3257 4621 oulurgare
3292 4571 3499 4618 uemttt,
3525 4571 3609 4609 seu

435 4631 631 4702 idymo.
707 4701 712 4702 γ
946 4699 961 4702 Α
1331 4700 1342 4702 _
1423 4700 1432 4702 _
1611 4700 1621 4702 Α
1754 4700 1764 4702 4
1887 4699 1920 4702 η
2061 4571 2329 4702 ﬁbrarios,
2358 4624 2448 4702 qui
2476 4624 2537 4702 iu
2580 4636 2767 4702 eorum
2812 4619 3088 4702 codicibus
3131 4622 3463 4689 scripserant
3514 4643 3609 4679 non

457 4689 594 4773 (17L
612 4701 751 4765 Quia
775 4715 897 4773 ecce
925 4699 1165 4773 ﬁrmans.
1205 4702 1283 4759 Ita
1330 4700 1527 4773 legitur
1551 4700 1713 4756 etiam
1752 4700 1804 4755 in
1823 4699 1953 4773 Aedi-
2056 4702 2190 4773 Περ,
2219 4694 2311 4773 sed
2354 4701 2541 4773 mn
2580 4690 2631 4745 id
2661 4701 2764 4757 est,
2811 4708 2829 4739 ί
2862 4689 3107 4745 Messium
3147 4708 3324 4757 suum,
3355 4713 3374 4745 ι
3426 4711 3612 4764 nempe

390 4764 533 4828 tione
556 4764 1015 4842 Francofurtensi,
1057 4787 1177 4841 quae
1201 4764 1549 4842 tamen‘addit
1578 4785 1788 4842 vocem,
1818 4768 1951 4842 ἐγώ.
2065 4764 2376 4842 iChristnni
2410 4778 2581 4817 suum.
2616 4780 2633 4812 ι
2855 4837 2867 4842 _
2991 4830 3006 4842 .
3194 4830 3227 4842 __
3336 4831 3348 4842 .

385 4842 788 4913 Complutensis
834 4830 1038 4913 habet:
1063 4830 1207 4899 Ᾱιότι
1258 4842 1462 4911 Κύριος
1495 4836 1545 4913 sl.
1586 4830 1872 4913 crept-nm,"
1903 4841 1939 4893 lt

2131 4833 2242 4904 (50)
2280 4833 2405 4913 Non
2438 4848 2506 4913 eat
2528 4846 2767 4913 persona,
2819 4837 2923 4882 etc.
2977 4830 3296 4913 A_ccuratins
3336 4831 3443 4912 ista
3479 4849 3613 4913 nunc

388 4922 473 4970 est
528 4911 556 4963 ἰ
577 4911 701 4981 quia
753 4911 1009 4981 Dominus
1048 4929 1107 4968 es
1154 4914 1397 4968 firmans.
1425 4930 1443 4962 ι
1500 4911 1757 4979 Didymus
1796 4925 1955 4979 porro

390 4979 632 5052 queritur
664 4996 851 5052 segm.‘
880 4979 983 5052 114
1009 5000 1059 5044 a.
1099 4985 1240 5052 quod
1269 5000 1334 5037 ex
1366 4981 1546 5035 Ληιοεί
1613 4982 1729 5052 loco
1771 4994 1953 5052 vocem

397 5049 422 5103 ἑ
440 5068 539 5121 ego
563 5070 581 5103 ι
614 5049 919 5121 abraserint
970 5049 1227 5109 hmreiici.
1262 5053 1391 5107 Eam
1429 5059 1606 5121 tamen
1636 5050 1723 5121 hic
1758 5050 1955 5121 onnt‘tit

395 5118 780 5188 ipsemetzsed
819 5120 963 5174 illam
1010 5137 1113 5176 non
1159 5123 1343 5179 omisit
1385 5122 1437 5175 in
1484 5119 1581 5175 lib.
1625 5119 1703 5174 De
1749 5118 1954 5188 Spiritu

393 5200 574 5245 sancto
604 5206 753 5243 nunt.
790 5190 878 5254 ιι,
914 5189 977 5243 15
1008 5202 1061 5244 et
1086 5192 1175 5248 59.

465 5260 581 5331 (48)
621 5259 862 5331 Excelsa.
890 5259 1072 5314 Graeca
1101 5263 1285 5327 editio,
1312 5261 1442 5331 ὕψη,
1476 5258 1638 5331 idest
1676 5278 1695 5311 ι
1720 5258 1955 5331 altitudi-

398 5328 572 5389 uesﬂi
632 5328 890 5399 Didymus
966 5332 1153 5400 eodem
1228 5328 1435 5388 sensu:
1465 5329 1572 5400 ὕψη

404 5422 425 5454 ι
450 5400 696 5458 excelsa:
728 5396 750 5450 ἱ
768 5412 876 5473 q_u_o
909 5398 1069 5456 modo
1094 5401 1291 5473 legitur
1328 5412 1385 5457 et
1418 5401 1469 5456 in
1505 5396 1601 5456 lib.
1645 5398 1721 5455 De
1748 5396 1954 5469 Spiritu

398 5482 579 5527 sancto
609 5483 755 5523 num.
794 5468 881 5523 14.

472 5541 586 5611 (49)
616 5539 894 5611 Christum
949 5554 1123 5595 suum.
1163 5538 1396 5596 Iacobus
1436 5538 1732 5608 Basnagius
1776 5535 1951 5611 tom._|

404 5607 767 5666 Antt.'l.ectt.
830 5608 1028 5663 Canisii
1083 5626 1201 5681 pag.
1258 5612 1365 5664 202
1434 5607 1723 5681 «errasset
1779 5607 1957 5681 inquit

407 5685 747 5749 interpretes,
779 5694 843 5735 ac
870 5683 1017 5750 ipsos
1043 5677 1205 5736 etiam
1245 5680 1615 5749 Septuaginta,
1652 5677 1802 5750 quod
1837 5692 1955 5729 ver-

411 5747 593 5821 terint,
642 5747 946 5811 «Christum
980 5765 1155 5823 suum,
1192 5770 1210 5806 ι
1268 5747 1388 5809 cum
1414 5747 1481 5809 de
1534 5747 1987 5835 «meditatione»,

2061 4900 2413 4973 pertractans,
2458 4910 2618 4969 atque
2662 4900 3332 4973 altius_rep_etens,_quam
3364 4901 3439 4973 _in
3487 4903 3613 4955 libro

2062 4967 2137 5027 De
2175 4973 2376 5041 Spiritu
2406 4967 2586 5024 sancto
2619 4985 2763 5022 num.
2800 4967 2885 5027 14,
2917 4969 3223 5041 distinctius
3249 4970 3333 5023 hic
3361 4971 3609 5038 loquitur.

2061 5043 2137 5097 lbi
2186 5037 2329 5095 enim
2363 5041 2566 5096 dixisse
2598 5046 2876 5091 contentus
2917 5039 3012 5091 fuit
3048 5055 3061 5089 :
3098 5056 3114 5086 ι
3144 5037 3326 5106 Neque
3363 5037 3508 5093 enim
3554 5043 3612 5095 de

2062 5112 2265 5180 Spirittt
2290 5123 2476 5164 sancto
2501 5108 2802 5180 propositus
2827 5122 3002 5180 sermo
3030 5109 3299 5180 prophetae
3326 5108 3447 5171 fuit,
3472 5122 3530 5161 ut
3552 5125 3608 5163 ex

2061 5175 2172 5251 ipsa
2206 5181 2345 5236 serie
2392 5191 2445 5235 et
2474 5175 2723 5251 contextu
2750 5175 2942 5243 eloquii
2971 5177 3304 5251 intelligitur.
3339 5180 3609 5251 Siquidem

2059 5248 2223 5306 Amos
2285 5251 2541 5319 propheta
2610 5248 2751 5319 (vos
2840 5264 2857 5296 ι
2896 5248 3152 5319 propheta
3210 5265 3249 5319 ιΔ
3301 5250 3612 5300 concinnius

1575 5330 1675 5392 λά,
1754 5329 1805 5383 id
1874 5337 1959 5381 est
2063 5316 2298 5392 fortasse
2312 5316 2397 5374 hic
2429 5318 2773 5392 omittitur_in
2813 5328 2997 5392 nostro
3028 5316 3257 5392 codice)
3290 5331 3357 5392 ex
3390 5333 3609 5392 persons

2062 5392 2178 5455 Dei,
2228 5408 2247 5441 ι
2273 5390 2608 5460 Prmparare,
2639 5406 2657 5439 ι
2698 5385 2890 5456 inquit,
2926 5403 2945 5439 ι
2973 5388 3038 5441 ad
3064 5388 3419 5441 invocantium
3450 5388 3609 5441 Deum

2063 5472 2231 5524 tuum,
2258 5479 2276 5514 ι
2306 5469 2359 5513 et
2391 5460 2610 5527 reliqua.

2131 5531 2241 5602 (5|)
2281 5529 2406 5584 Aut.
2456 5528 2635 5584 Codex
2683 5545 2699 5581 :

2060 5602 2243 5741 ΡΓῗΞέ)
2291 5670 2363 5722 Ac
2410 5666 2937 5741 nebulunttCodexA:
2968 5666 3187 5741 6909'»),
3217 5666 3463 5737 ὁμίχλης.
3514 5664 3610 5720 Le-

2064 5736 2291 5813 gendum
2328 5741 2534 5797 videtur
2568 5736 2801 5808 ιὸρορου
2839 5738 2930 5792 καὶ
2955 5736 3199 5809 ὁμίχλης.

2762 5525 2825 5578 Ἦ
2864 5526 2988 5598 περὶ
3027 5524 3122 5579 τοῦ
3174 5524 3349 5593 ἁγίου.
3395 5524 3537 5596 ιιιεο
3581 5526 3611 5593 ἦ
