3738 6302
410 342 517 397 9335

1614 340 1843 395 DIDYMI
1884 341 2347 396 ALEXANDRINI
3519 344 3600 393 936

415 458 614 513 nil‘csto
641 454 943 512 ostendisti.
980 454 1235 525 Designat
1278 460 1455 509 autem
1503 456 1762 522 propheta
1794 454 1895 508 hoc
1924 455 1974 508 in

2093 456 2311 527 ιτερεῶν
2344 454 2589 526 βροντὴν,
2624 454 2716 508 καὶ
2746 453 2945 518 κτίζων
2971 453 3206 525 πνεῦμα,
3238 453 3332 505 καὶ
3363 454 3510 507 ποιῶν
3532 460 3603 528 ιρ.

420 548 540 603 loco
563 546 894 616 unigenitum
912 545 1104 599 Filium
1131 542 1243 597 Dei.
1282 559 1301 593 ι
1342 541 1475 608 Quia
1513 542 1731 593 lirtnans
1762 539 1873 609 (62)
1890 549 1974 594 ιο-

411 642 668 701 nitrnnm,
702 646 757 693 et
805 652 996 693 creans
1038 637 1310 706 spiritum,
1361 644 1416 689 et
1455 634 1656 689 faciens
1689 633 1975 689 diluculum

411 740 468 783 et
499 728 777 793 nebulam,
814 736 867 781 et
894 726 1196 781 ascendens
1234 725 1299 779 ad
1328 723 1539 779 excelsa
1572 733 1757 777 terrae:
1799 724 1979 777 Domi-

415 837 524 876 nus
582 820 721 875 Deus
768 818 1132 887 omnipotens,
1189 831 1381 871 nomen
1427 815 1474 870 ei
1523 831 1538 867 :
1590 830 1719 870 ecce
1770 829 1979 869 annun-

417 914 562 968 tians
614 911 727 981 (65)
763 912 903 965 inter
950 909 1198 964 homines
1229 902 1394 977 428
1432 907 1702 961 Christum
1751 920 1929 960 suum.
1954 924 1973 958 ι

416 1006 770 1070 Quandonam
796 1002 909 1074 (64)
929 1017 1079 1072 ergo,
1110 1008 1162 1056 et
1187 1001 1453 1069 quomodo
1470 998 1805 1051 annuntiavit
1825 997 1981 1051 eum?

419 1097 646 1164 Quando
679 1096 813 1151 dixit
876 1110 907 1150 e
959 1094 1139 1148 cielo:
1190 1111 1209 1143 ι
1246 1091 1343 1145 llic
1366 1100 1448 1145 est
1486 1090 1651 1144 Filius
1678 1103 1826 1143 meus
1851 1089 1981 1143 dile-

422 1201 565 1253 eius,
595 1190 647 1243 in
674 1203 781 1257 quo
804 1187 942 1242 bene
971 1183 1295 1255 complacui.
1322 1202 1339 1234 ι
1385 1182 1565 1236 Multis
1599 1196 1725 1235 vero
1766 1180 1817 1233 in
1849 1180 1981 1234 locis

427 1295 587 1335 unam
628 1278 894 1335 extribus
932 1276 1126 1331 divinis
1180 1272 1563 1346 bypostasibus
1620 1272 1685 1325 de
1716 1270 1816 1322 alia
1877 1284 1980 1321 una

419 1380 512 1424 aut
539 1369 745 1424 duabus
773 1367 915 1436 loqui
949 1374 1182 1426 constat,
1244 1363 1385 1433 quod
1413 1364 1464 1415 in
1516 1362 1688 1431 primo
1704 1359 1849 1429 λόγῳ
1863 1358 1979 1430 (65)

418 1458 661 1529 pluribus
723 1457 901 1511 allatis
943 1456 1236 1521 Scriptura:
1275 1452 1592 1508 testimoniis
1630 1460 1787 1519 atque
1817 1450 1985 1504 inter-

424 1546 819 1617 pretationibus
834 1547 1257 1600 demonstratum
1279 1552 1380 1596 est.
1406 1539 1484 1595 Ac
1508 1541 1680 1609 reipsa
1705 1548 1761 1595 et
1783 1539 1837 1594 in
1868 1537 1981 1607 (66)

429 1649 721 1696 memorata
773 1638 955 1693 Amosi
1014 1634 1319 1704 praphetia,
1374 1632 1533 1703 paulo
1585 1642 1709 1688 ante
1774 1630 1982 1698 objecta

422 1731 607 1793 verba,
645 1730 696 1784 id
730 1730 901 1799 ipsum
933 1730 1224 1783 observare
1264 1725 1387 1779 licet
1417 1739 1433 1789 ;
1481 1722 1559 1777 ait
1590 1722 1774 1777 enim:
1811 1738 1830 1771 ι
1862 1719 1984 1775 Hzec

2077 544 2203 615 θρον
2237 545 2329 597 κα)⁵
2367 544 2617 615 ὁμίχλην,
2660 544 2755 596 καὶ
2786 543 3075 597 ἐπιϐαίνων
3105 544 3198 596 ἐπὶ
3226 542 3295 595 τὰ
3331 543 3498 613 ὑψηλά
3529 550 3603 617 τῆς

2074 640 2198 705 γῆς·
2230 635 2433 706 Κύριος
2458 636 2486 687 ὁ
2506 635 2639 698 Θεὸς
2664 638 2693 688 6
2727 634 3114 706 παντοκράτωρ
3139 635 3311 705 ὄνομα
3336 635 3473 705 αὑτῷ
3489 655 3502 667 .
3520 639 3601 693 ἰδοὺ

2076 724 2431 793 ἀπαγγέλλων
2462 726 2538 787 είς
2551 723 2868 795 ἀνθρώπους
2882 725 2970 777 τὸν
2989 725 3029 778 Χ
3043 724 3222 795 ριστὸν
3252 724 3437 779 αὐτοῦ.
3462 746 3477 777 ι
3500 730 3604 783 [Ιότε

2076 812 2190 880 οὖν,
2219 815 2456 880 καὶπῶς
2494 816 2825 887 ἀπήγγειλεν
2873 816 3065 882 αὐτόν;
3102 817 3229 869 ὐτε
3278 816 3475 885 ἔφησεν
3507 820 3607 888 ὑψό-

2079 908 2191 962 θεν·
2212 925 2231 959 t
2252 903 2417 971 Οὗτός
2440 909 2585 962 ἐστιν
2610 909 2638 960 6
2659 908 2786 972 Υἱός
2804 926 2905 978 μου
2922 910 2951 961 6
2968 908 3267 977 ἀγαπητὸς,
3281 910 3340 962 ὲν
3357 904 3402 975 ᾧ
3424 910 3605 983 εὐδόκη-

2082 1013 2168 1050 σα.
2200 1015 2218 1048 ι
2262 996 2533 1066 Πολλαχοῦ
2567 995 2624 1048 δὲ
2662 996 2759 1066 μία
2797 998 2861 1048 ὲκ
2884 996 2992 1049 τῶν
3024 995 3190 1068 τριῶν
3223 995 3383 1049 Θείων
3417 998 3609 1054 timori-

2082 1104 2217 1140 σεων
2240 1087 2490 1159 περὶτῆς
2533 1088 2698 1159 ἄλλης
2727 1090 2853 1159 μιᾶς
2889 1088 2922 1157 ἢ
2953 1087 3062 1142 τῶν
3108 1087 3200 1141 δύο
3247 1088 3473 1156 λέγουσα
3514 1093 3609 1158 ipa!-

2080 1196 2247 1240 νεται,
2279 1178 2424 1231 καθὰ
2452 1181 2509 1231 ὲν
2538 1179 2615 1250 τῷ
2643 1179 2842 1249 πρώτῳ
2879 1178 3021 1249 λόγῳ
3047 1179 3294 1233 πλείοσιν
3347 1180 3611 1245 ἀποδείξετι

2079 1272 2139 1322 τὸ
2183 1270 2310 1341 περὶ
2358 1269 2552 1324 τούτου
2589 1271 2882 1339 κεφάλαιον
2924 1270 3261 1342 ⁴ίιρμηνεύθη.
3311 1271 3513 1340 Ἀμέλει
3540 1275 3611 1325 iui.

2078 1361 2177 1431 τῆς
2224 1361 2683 1433 μνημονευθείσης
2725 1361 2819 1415 τοῦ
2860 1361 3040 1432 Ἀμὼς
3093 1363 3430 1434 προφητείας
3466 1366 3611 1435 μικρῷ

2084 1449 2312 1520 πρόσθεν
2344 1449 2499 1503 τοῦτο
2523 1451 2854 1523 εὑρίσκεται·
2889 1452 3054 1522 φησὶν
3089 1453 3231 1525 γάρ’
3269 1471 3288 1504 ι
3329 1453 3467 1505 Τάδε
3494 1454 3612 1521 λέγει

2082 1538 2313 1610 Κύριοςο
2359 1541 2481 1593 Ἐπὶ
2520 1543 2639 1605 ταῖς
2664 1541 2842 1614 τρισὶν
2876 1542 3149 1607 ἀσεϐείαις
3182 1544 3314 1597 υἱῶν
3357 1545 3515 1599 Ἰούδα
3539 1549 3613 1600 καὶ

2084 1631 2175 1683 ἐπὶ
2202 1633 2319 1689 ταῖς
2351 1632 2634 1701 τέτταρσιν
2662 1632 2788 1704 [208
2811 1633 2864 1705 ὸ]
2892 1636 2991 1687 οὐκ
3034 1637 3518 1706 ἁποστραφήσομαι
3540 1641 3614 1691 αὒ-

2083 1722 2228 1784 τοὺς,
2275 1722 2434 1777 ἕνεκα
2462 1722 2555 1776 τοῦ
2589 1724 2841 1778 ίάσασθαι
2871 1726 3084 1789 αὐτούς.
3113 1726 3214 1779 Τὸν
3252 1727 3418 1796 νόμον
3446 1730 3613 1797 Κυρίου

427 1822 563 1875 dicit
593 1821 703 1893 (67)
738 1820 1033 1876 Dominus:
1065 1819 1119 1873 ln
1154 1817 1325 1873 tribus
1351 1814 1722 1885 impietatibus
1751 1814 1978 1870 ﬁliorum

2093 1814 2175 1867 καὶ
2200 1812 2267 1865 τὰ
2290 1814 2682 1884 προστάγματα
2710 1816 2873 1869 αὐτοῦ
2896 1818 2997 1871 οὐκ
3025 1817 3292 1886 ἐφύλαξαν
3317 1836 3330 1847 ο
3364 1820 3458 1871 καὶ
3483 1820 3615 1873 ἐπλά-

422 1911 579 1976 Jnda,
612 1922 664 1965 et
695 1912 748 1965 in
783 1921 1014 1980 quatuor
1064 1924 1167 1962 non
1219 1910 1508 1963 aversabor
1556 1922 1681 1971 eos,
1710 1917 1765 1960 ut
1796 1921 1979 1961 sanem

422 2019 514 2057 cos
532 2001 641 2073 (68)
669 2019 683 2067 ;
709 2001 877 2070 legem
912 1998 1120 2053 Domini
1181 2006 1235 2051 ct
1274 2007 1537 2067 praecepta
1567 1997 1682 2065 ejus
1736 2012 1839 2050 non
1874 2012 1990 2052 ser-

425 2103 705 2155 vaverunt,
735 2103 787 2146 et
812 2092 1143 2146 seduxerunt
1195 2103 1288 2143 eos
1332 2088 1510 2140 inania
1555 2102 1673 2156 qua:
1711 2086 1977 2150 fecerunt,

424 2201 545 2256 quae
570 2185 740 2240 secuti
786 2192 909 2237 sunt
939 2194 1120 2251 patres
1153 2195 1340 2233 eorum
1389 2190 1504 2247 post
1544 2179 1661 2246 ipsa
1700 2196 1713 2232 :
1752 2188 1805 2233 et
1833 2179 1989 2233 emit-

427 2288 533 2329 tam
578 2276 753 2343 ignem
802 2290 965 2342 super
1010 2272 1222 2333 Judatn.
1278 2279 1331 2324 et
1382 2271 1605 2324 devorat
1641 2269 1977 2324 fundamenta

423 2367 739 2422 Jerusalem.
773 2383 790 2417 ι
846 2364 1137 2434 Oportebat
1188 2376 1316 2431 ergo
1350 2370 1427 2426 ut,
1462 2361 1507 2413 si
1545 2375 1649 2413 non
1692 2360 1757 2415 de
1802 2371 1982 2425 vento,

427 2459 613 2511 saltem
660 2458 725 2511 de
771 2457 989 2526 proprio
1029 2470 1214 2510 eorum
1264 2454 1455 2524 spiritu
1511 2454 1622 2525 (69)
1676 2456 1987 2523 prophetam

426 2549 570 2618 loqui
606 2556 857 2617 putarent
880 2546 1139 2605 hicretici,
1172 2546 1325 2614 cujus
1347 2544 1568 2613 spiritus
1590 2545 1777 2599 crebro
1807 2546 1987 2599 divina

425 2641 642 2696 oracula
677 2641 1002 2694 mentionem
1034 2637 1238 2691 faciunt
1273 2651 1284 2685 :
1315 2646 1373 2689 tit
1404 2651 1524 2688 cum
1540 2636 1737 2689 Paulus
1769 2635 1993 2690 Thessa-

429 2734 792 2789 lonicensibus
836 2733 888 2786 in
934 2732 1102 2801 prima
1166 2729 1403 2799 Epistola
1442 2728 1657 2783 scribit:
1690 2746 1708 2778 t
1742 2727 1863 2797 Ipse
1891 2745 1991 2782 au-

430 2838 535 2882 tem
568 2825 678 2898 (70)
710 2825 847 2878 Deus
894 2823 1042 2894 pacis
1079 2821 1385 2876 sanctiﬁcet
1418 2820 1528 2889 (71)
1560 2834 1657 2874 vos
1690 2818 1989 2888 perfectos;

502 3027 612 3099 (62)
679 3026 945 3082 Firmum.
1007 3026 1229 3099 Videtur
1272 3026 1360 3081 hic
1421 3026 1694 3099 accipere
1731 3027 1985 3099 Didymus

430 3096 613 3162 voces,
676 3100 704 3149 6
759 3099 1011 3168 στερεῶν,
1060 3096 1276 3168 κτίζων,
1320 3096 1505 3159 ποιῶν,
1560 3096 1883 3161 ἀναϐαίνων,
1929 3106 1982 3152 ιιι

2093 3098 2180 3149 ἐπὶ
2208 3097 2304 3167 τῆς

432 3170 665 3228 valeant,
742 3166 872 3236 «qui
924 3171 1121 3232 lirmai,
1178 3166 1267 3233 qui
1317 3177 1483 3236 creat,
1538 3168 1626 3236 qui
1694 3167 1841 3229 facit,
1896 3168 1983 3234 qui

434 3238 697 3295 asCt‘lltlll,
730 3256 747 3287 ι
804 3252 905 3289 non
959 3252 1104 3301 vero,
1157 3238 1285 3303 rqni
1344 3235 1512 3293 lli-mo.
1559 3235 1657 3305 qui
1698 3253 1840 3298 creo.

439 3307 599 3371 fat-io,
646 3309 737 3375 qui
768 3309 1019 3360 ascendo.
1040 3326 1060 3357 ι

438 3385 630 3448 uymo,
667 3374 760 3444 qui
794 3378 1039 3443 superius
1076 3391 1242 3444 segm.
1272 3374 1374 3448 tu
1406 3393 1437 3429 a
1475 3376 1753 3448 haereticos
1806 3375 1987 3445 objur-

436 3445 601 3515 gavit,
636 3448 777 3514 qttod
805 3461 988 3499 vocem
1042 3463 1060 3496 t
1096 3459 1196 3515 ego
1244 3463 1261 3495 ι
1302 3446 1387 3499 hic
1418 3461 1519 3500 non
1552 3445 1807 3509 legerent.

509 3518 616 3587 (65)
654 3517 785 3568 Ecce
815 3518 1151 3587 annuntians.
1188 3514 1420 3587 Enillnd
1451 3515 1589 3585 quod
1612 3515 1986 3587 ὑστερομέσως

437 3584 634 3639 dictum
668 3586 831 3639 fuisse
857 3584 1139 3639 alllrmavit
1166 3584 1321 3654 paulo
1352 3584 1507 3655 ante:
1527 3584 1769 3639 extrema
1800 3584 1981 3655 itaque

440 3656 527 3708 hic
563 3656 711 3723 ponit
755 3655 1165 3725 llidymusquae
1204 3655 1373 3725 media
1414 3654 1576 3707 Amos
1621 3654 1903 3723 posuerat.
1932 3656 1986 3709 Id

439 3725 613 3792 ipsum
646 3740 793 3788 vero,
821 3724 1064 3791 quamvis
1114 3725 1297 3793 minus
1318 3724 1568 3793 distincte
1620 3735 1781 3792 atque
1818 3726 1989 3793 expli-

437 3791 578 3861 cate,
611 3796 935 3848 indicaverat
986 3794 1035 3845 in
1078 3793 1215 3847 libro
1263 3791 1339 3845 De
1384 3792 1583 3861 Spiritu
1628 3791 1805 3848 sancto
1836 3791 1983 3849 num.

440 3864 529 3927 15.
564 3865 649 3918 ubi
674 3866 814 3917 edita
844 3863 1167 3928 exemplaria
1210 3862 1321 3916 haec
1359 3864 1597 3917 habent:
1632 3883 1650 3914 σ
1681 3864 1743 3917 Et
1784 3866 1847 3917 ad
1888 3865 1987 3918 hoc

438 3934 862 4001 respondendum
914 3942 1038 3997 est,
1090 3932 1214 4000 quia
1268 3933 1483 3998 quidam
1536 3933 1771 3988 haeretici
1822 3934 1985 3987 alium

437 4014 591 4057 extra
634 4012 932 4057 creatorem
961 4003 1239 4056 Dominum
1274 4002 1484 4055 Patrem
1512 4001 1806 4057 Salvatoris
1836 4020 1984 4058 men-

442 4073 664 4133 tiuntur,
698 4073 801 4126 hoc
834 4072 1149 4139 impiissime
1187 4073 1575 4139 pranlicantes:
1604 4088 1709 4126 non
1748 4074 1983 4127 scelera-

438 4150 549 4194 tam
581 4155 764 4211 eorum
794 4142 1150 4209 suspicionem
1184 4142 1521 4210 providentes
1549 4157 1578 4193 a
1613 4142 1719 4195 Deo
1760 4145 1983 4211 percuti,

439 4211 653 4264 dicente
678 4227 693 4265 :
723 4210 833 4279 Ego
872 4212 1113 4264 formans
1154 4212 1468 4279 tonitruum,
1516 4220 1570 4263 et
1603 4210 1792 4265 creatis
1823 4213 1979 4279 spiri-

444 4290 578 4341 tum,
609 4291 663 4333 et
687 4278 818 4334 alias
848 4281 1029 4334 mundi
1070 4290 1249 4347 partes
1299 4278 1521 4345 faciens,
1562 4290 1616 4333 et
1660 4278 1983 4348 gubernans,

442 4350 703 4402 annuntio
760 4352 810 4403 in
871 4351 1116 4403 homines
1170 4348 1441 4401 Christum
1502 4363 1743 4401 meum.»
1801 4350 1975 4403 Codex

444 4428 628 4473 noster
662 4434 760 4485 pro
803 4437 823 4471 ι
848 4419 1227 4487 providentes»
1283 4418 1445 4470 habet
1498 4436 1514 4467 ι
1544 4419 1887 4486 providentur
1916 4438 1933 4469 ι
1968 4440 1978 4473 :

442 4490 583 4556 quod
631 4493 674 4543 si
716 4490 952 4558 ejusdem
994 4489 1196 4542 codicis
1236 4488 1516 4541 lectionem
1557 4502 1865 4555 sequamur,
1922 4504 1985 4542 ac

444 4560 751 4614 mendosam
785 4575 964 4613 vocem
1009 4558 1429 4625 tprovidenturr
1475 4559 1842 4622 emendemus,
1891 4560 1991 4611 mi-

442 4644 547 4699 nus
566 4630 840 4699 perplexa,
878 4630 983 4681 imo
1017 4630 1184 4680 multo
1209 4626 1526 4699 concinnior
1563 4626 1985 4699 erit_sententia.

443 4696 628 4765 itaque
666 4696 765 4753 'sic
816 4699 933 4767 lego
990 4712 1057 4750 ex
1121 4698 1305 4750 eodem
1359 4696 1543 4767 codice
1571 4712 1583 4747 :
1616 4715 1634 4747 ι
1666 4696 1732 4751 Ει
1778 4698 1847 4767 ad
1862 4766 1865 4767 ν
1893 4698 1993 4751 hoc

443 4766 885 4835 respondendum
916 4776 1028 4831 est,
1072 4768 1203 4835 quia
1254 4766 1467 4835 quidam
1506 4766 1743 4821 bteretici
1803 4766 1989 4829 alium,

444 4833 593 4891 cura
649 4840 988 4901 Creatorem,
1055 4833 1336 4889 Dominum
1403 4833 1615 4887 Patrem
1698 4835 1993 4890 Salvatoris

449 4914 794 4969 mentiuntur,
855 4908 957 4961 hoc
1027 4906 1340 4974 itnpiissime
1394 4905 1788 4972 prmdicantes,
1850 4922 1992 4959 nunc

445 4977 761 5030 sceleratam
788 4991 973 5031 eorum
996 4976 1353 5043 suSpicionem
1404 4975 1749 5041 providenter
1798 4991 1826 5027 a
1882 4977 1991 5029 Deo

447 5048 673 5111 percuti,
729 5048 941 5100 dicente
1000 5064 1014 5100 :
1061 5046 1215 5112 «Ego
1272 5043 1487 5096 firmans
1554 5047 1887 5109 tonitruum,
1938 5056 1994 5099 et

445 5131 638 5169 creans
678 5118 943 5183 spiritum,
972 5133 991 5166 ι
1039 5126 1092 5169 et
1112 5117 1247 5168 alias
1282 5114 1461 5166 mundi
1505 5125 1682 5179 partes
1712 5115 1915 5169 faciens
1938 5125 1991 5168 et

445 5186 769 5253 gubernans.
800 5204 817 5235 ι
846 5186 1173 5238 annuntioin
1193 5184 1434 5236 homines
1453 5184 1725 5237 Christum
1746 5200 1940 5239 meum.
1966 5204 1985 5235 ι

538 5253 628 5321 64)
694 5254 1039 5319 Quandonam
1065 5293 1078 5306 .
1108 5294 1123 5307 .
1150 5293 1164 5306 .
1197 5292 1214 5307 .
1266 5256 1637 5307 annuntiavit?
1709 5264 1814 5307 etc.
1873 5253 1989 5307 Non

446 5324 694 5378 dissimili
728 5326 883 5375 modo
916 5325 1229 5377 Ambrosius
1265 5323 1355 5377 lib.
1394 5337 1429 5374 ιι
1465 5323 1539 5375 De
1575 5322 1779 5391 Spiritu
1813 5335 1991 5377 sancto

406 5417 415 5423 ·
445 5411 565 5462 cap.
594 5393 647 5454 6,
678 5408 845 5461 segni.
876 5394 964 5456 57,
1019 5411 1037 5442 r
1059 5394 1295 5453 Addidit,
1327 5392 1519 5461 inquit,
1552 5395 1692 5459 quod
1724 5393 1994 5447 nuntiaret

443 5464 500 5521 in
538 5464 779 5517 homines
821 5463 1093 5517 Christum
1130 5478 1283 5513 suum
1321 5478 1334 5511 :
1367 5463 1703 5516 annuntiavit
1750 5464 1896 5518 enim
1936 5464 1990 5518 in

445 5536 784 5601 baptismate,
818 5534 1002 5586 dicens
1036 5551 1049 5585 :
1088 5550 1105 5581 t
1131 5530 1209 5584 Tu
1236 5548 1293 5601 es
1323 5530 1508 5598 Filius,
1527 5549 1545 5582 ι
1566 5539 1677 5601 etc.

516 5598 625 5673 (65)
682 5601 751 5655 In
807 5602 975 5671 primo
1021 5601 1187 5669 λόγῳ.
1249 5598 1304 5655 Si
1357 5603 1509 5671 primi
1564 5600 1721 5668 λόγου
1778 5601 1992 5657 nomine

454 5675 677 5742 primum
712 5673 869 5739 hujus
897 5673 1075 5740 operis
1103 5676 1294 5725 librum
1323 5674 1559 5735 denotat,
1594 5673 1809 5742 respicit
1834 5682 1993 5740 caput

486 5690 677 5726 l'lllllllll
712 5690 869 5739 IllljUS
897 5690 947 5740 οι

445 5690 515 5800 I1’8
540 5744 773 5809 ejusdem
805 5742 947 5796 libri.

1157 3252 1285 3303 «qni
1344 3252 1512 3293 nrmo.
1566 3252 1657 3305 qut
1698 3253 1840 3298 creo.
1893 3252 1983 3357 (δη

1109 3307 1259 3372 Quod
1301 3305 1491 3360 mirum
1529 3322 1660 3359 sane
1698 3317 1781 3361 est
1812 3308 1861 3360 in
1944 3308 1988 3359 i-

2086 1921 2245 1975 νησεν
2284 1905 2480 1968 αὐτοὺς
2502 1906 2567 1959 τὰ
2590 1907 2813 1977 μάταια,
2840 1908 2874 1962 ἃ
2894 1909 3171 1980 ἐποίησαν,
3192 1904 3273 1973 οἷς
3295 1910 3616 1980 ἐξηκολούθη-

2087 2012 2184 2048 σαν
2211 1998 2259 2049 οἱ
2288 1997 2520 2067 πατέρες
2554 1997 2730 2051 αὐτῶν
2759 1999 2930 2053 ὀπίσω
2958 2001 3163 2054 αὐτῶνθ
3191 2003 3282 2055 καὶ
3308 2002 3620 2067 ἐξαποστελῶ

2086 2084 2197 2157 πῦρ
2243 2086 2337 2139 ἐπὶ
2373 2086 2591 2153 Ἰούδαν,
2628 2090 2720 2142 καὶ
2764 2090 3136 2158 καταφάγεται
3184 2092 3252 2145 τὰ
3296 2092 3515 2162 θεμέλια
3544 2095 3619 2145 Ίεο

2085 2182 2383 2253 ρουσαλήμ.
2424 2203 2442 2236 ι
2471 2184 2599 2237 Δέον
2644 2184 2841 2247 τοίνυν,
2887 2186 2935 2237 εί
2990 2184 3066 2255 μὴ
3117 2184 3369 2256 περὶτοῦ
3407 2185 3617 2254 ἀνεμίου,

2084 2273 2211 2343 περὶ
2241 2273 2371 2342 γοῦν
2390 2274 2484 2327 τοῦ
2516 2275 2645 2329 ίδίου
2674 2276 2851 2330 αὐτῶν
2882 2276 3184 2345 πνεύματος
3204 2274 3449 2345 νομίζειν
3472 2277 3619 2328 διαλέ-

2084 2361 2271 2428 γεσθαι
2301 2361 2396 2431 τὴν
2419 2363 2774 2434 προφητείαν,
2814 2356 2875 2416 οῦ
2908 2363 3162 2426 πολλάκις
3207 2364 3274 2417 τὰ
3328 2364 3487 2431 λόγια
3513 2382 3620 2434 μνη·

2090 2453 2299 2523 μονεῦει
2325 2471 2338 2483 ·
2392 2454 2467 2517 ὡς
2520 2456 2646 2508 ὅταν
2692 2455 2899 2520 Παῦλος
2945 2455 3428 2511 Θεσσαλονικεῦσιν
3473 2458 3526 2509 ἐν
3570 2460 3620 2526 τῇ

2087 2546 2278 2615 πρώτη
2309 2545 2595 2616 Ἐπιστολῇ
2621 2546 2854 2615 γράφει·
2892 2566 2908 2597 ι
2944 2547 3114 2609 Αὐτὸς
3144 2547 3198 2600 δὲ
3226 2549 3253 2600 6
3286 2547 3424 2611 Θεὸς
3445 2549 3537 2617 τῆς
3559 2551 3623 2602 εί-

2089 2636 2257 2706 ρήνης
2298 2634 2497 2707 ἁγιάσῃ
2526 2636 2667 2705 ὑμᾶς
2711 2636 3002 2700 ὁλοτελεῖς*
3038 2640 3130 2688 καὶ
3163 2638 3457 2709 ὁλόκληρον
3498 2638 3625 2709 ὑμῶν

2087 2728 2146 2781 τὸ
2177 2726 2409 2797 πνεῦμα,
2441 2728 2535 2780 καὶ
2580 2729 2614 2797 ἡ
2650 2728 2813 2797 ψυχὴ.
2849 2727 2941 2781 καὶ
2969 2726 3029 2779 τὸ
3060 2727 3217 2796 σῶμα
3246 2730 3548 2798 ἄμεμπτον,
3578 2731 3624 2781 ὲν

2087 2821 2155 2890 τῇ
2185 2818 2454 2890 παρουσίᾳ
2476 2818 2571 2873 τοῦ
2604 2818 2801 2890 Κυρίου
2819 2818 2974 2889 ἡμῶν
3014 2818 3184 2889 Ἰησοῦ
3218 2820 3454 2890 Χριστοῦ
3480 2838 3627 2891 τηρη-

2158 3027 2273 3102 (68)
2324 3026 2389 3080 Et
2422 3029 2495 3087 in.
2534 3039 2639 3102 etc.
2674 3028 2877 3102 Codex.
2910 3029 3002 3082 καὶ
3047 3028 3165 3098 τῆς,
3202 3039 3309 3084 etc.
3349 3027 3493 3102 Lego
3551 3033 3629 3083 ml

2382 3116 2444 3169 νη
2455 3099 2818 3167 μονευθείσης.

2156 3168 2267 3236 (67)
2312 3168 2437 3236 Ηιεσ
2469 3171 2614 3222 dicit.
2654 3170 2816 3221 Amos
2849 3184 2904 3221 ιι.
2941 3168 2995 3231 ι,
3056 3168 3107 3223 5.

2158 3235 2267 3296 (68)
2309 3235 2377 3289 Ut
2424 3255 2599 3290 arment
2650 3255 2753 3291 eos.
2821 3238 3006 3292 Graeca
3063 3237 3274 3291 editio:
3311 3238 3515 3291 Ἕνεκα
3552 3237 3631 3288 τοῦ

2086 3306 2406 3359 ἀπώσασθαι
2429 3307 2519 3360 τὸν
2544 3307 2725 3375 νόμον,
2759 3318 2891 3371 etc.,
2920 3308 2969 3360 id
2996 3316 3098 3369 est,
3134 3326 3151 3356 ι
3182 3309 3305 3371 quia
3340 3310 3631 3375 repulerunt

2087 3376 2276 3444 legem,
2306 3396 2322 3426 ι
2379 3389 2483 3432 etc.
2532 3376 2662 3443 Quae
2698 3389 2777 3431 est
2828 3377 3059 3442 genuina
3113 3376 3253 3431 LXX
3291 3376 3633 3444 lnterprctuin

2087 3445 2393 3508 translatio,
2431 3454 2487 3498 nt
2527 3457 2670 3513 patet
2694 3462 2756 3501 ex
2806 3446 3109 3515 Hieronymi
3145 3448 3547 3499 commentariis
3589 3448 3633 3498 in

2088 3516 2226 3567 hunc
2263 3517 2457 3567 locum.
2486 3517 2631 3569 Alias
2662 3518 2809 3583 parvi
2842 3516 3093 3569 momenti
3120 3520 3411 3570 varietates
3440 3517 3633 3569 omitto.

2085 3584 2342 3638 conferat
2380 3586 2547 3639 lector
2586 3588 2873 3640 editionem
2914 3586 3348 3651 Coinplntensem
3396 3602 3519 3640 cum
3557 3586 3634 3638 Di-

2086 3656 2268 3723 dymo,
2302 3666 2356 3707 et
2390 3670 2509 3708 cum
2535 3657 2771 3708 editione
2802 3655 3256 3709 Francofurtensi.

2157 3743 2267 3815 (69)
2307 3742 2384 3795 De
2410 3745 2620 3812 praprio
2665 3761 2841 3797 eorum
2883 3745 3089 3813 spiritu.
3138 3744 3287 3799 Hanc
3334 3745 3637 3814 explicatio-

2086 3830 2228 3885 nem.
2266 3829 2387 3885 sem
2410 3815 2834 3885 reSponsioncnr
2860 3829 2981 3885 non,
3009 3824 3269 3885 memorat
3309 3816 3565 3885 Didymus
3593 3818 3637 3868 in

2086 3883 2220 3936 libro
2250 3883 2323 3936 De
2348 3880 2548 3948 Spiritu
2576 3895 2777 3954 sancto,
2807 3883 2929 3954 dum
2960 3884 3138 3938 Amosi
3172 3880 3449 3954 prophetia
3479 3887 3639 3939 locum

2084 3954 2337 4020 explicat,
2377 3955 2469 4005 sed
2499 3967 2615 4005 eam
2644 3952 2797 4023 aﬂ‘ert
2843 3952 3199 4023 Hieronymus
3227 3952 3283 4007 in
3311 3967 3638 4009 commenta-

2088 4024 2180 4075 riis
2216 4022 2877 4108 arti-filIIHICIILPI‘DPIICKP
2930 4022 3241 4108 locutndili.
3300 4036 3363 4088 tl,
3420 4040 3544 4093 cap.
3590 4025 3636 4085 5.

2085 4108 2203 4161 pag.
2239 4091 2360 4157 279,
2398 4102 2524 4146 tom.
2556 4090 2644 4146 Vl.
2678 4090 2808 4145 Eum
2840 4092 2971 4161 lege,
3000 4092 3043 4147 si
3079 4093 3274 4160 placet.

2156 4182 2267 4254 (70)
2302 4182 2422 4251 Ipse
2450 4194 2643 4239 autem.
2685 4184 2703 4238 1
2734 4185 2921 4242 Thess.
2959 4201 3013 4248 ν,
3043 4184 3133 4240 25.
3163 4184 3218 4237 In
3250 4185 3388 4239 libro
3424 4186 3499 4240 De
3529 4187 3641 4250 Spi-

2084 4255 2191 4325 ritu
2241 4264 2444 4325 sancto,
2505 4270 2651 4325 num.
2704 4254 2797 4319 54,
2854 4256 2944 4320 55,
2994 4255 3063 4310 56
3098 4256 3368 4321 copiosius
3420 4257 3645 4325 loquitur

2086 4323 2337 4395 Didymos
2388 4324 2454 4377 de
2502 4323 2667 4395 variis
2726 4326 2965 4381 vocabuli
3019 4325 3325 4394 «spiritus:
3385 4323 3644 4395 signiﬁca.

2088 4394 2337 4464 tionibus.
2390 4394 2465 4464 Ac
2511 4393 2580 4446 ibi
2609 4409 2820 4464 quoque
2858 4397 2961 4449 duo
2988 4393 3279 4464 Scriptura:
3324 4393 3643 4457 loca'aliert,

2087 4478 2207 4533 quae
2254 4463 2341 4533 hic
2370 4463 2626 4527 citantur,
2680 4463 2745 4517 ex
2797 4467 2966 4533 prima
3022 4467 3087 4517 ad
3139 4463 3645 4517 Thessalonicensis

2091 4532 2349 4599 Epistola,
2375 4542 2535 4598 atque
2563 4548 2593 4585 e
2628 4532 2855 4599 septimo
2882 4536 3136 4590 Actorum
3178 4535 3378 4599 capite.
3410 4533 3644 4586 Primum

2091 4549 2131 4585 tu
2154 4549 2349 4595 llStOla,
2375 4549 2535 4598 atque
2563 4549 2593 4585 e
2628 4549 2686 4585 se
2725 4549 2855 4588 timo
2882 4549 3136 4590 Actorum
3178 4549 3378 4599 capite.
3410 4549 3644 4586 t'rimum

2090 4550 2246 4655 al’l‘ert
2272 4617 2418 4654 num.
2450 4600 2542 4662 55.
2567 4602 2654 4655 ubi
2690 4549 2954 4669 fegimus:
2985 4623 3003 4655 ι
3029 4604 3109 4657 Ad
3144 4601 3648 4657 Thessalonicensis

2091 4684 2321 4739 quoque,
2361 4688 2380 4721 ι
2406 4669 2859 4743 lnteger,_inquit,
2889 4676 3107 4743 spiritus
3138 4681 3335 4735 vester,
3364 4684 3421 4727 et
3450 4676 3646 4732 anima,

2090 4750 2142 4793 et
2192 4755 2385 4805 corpus
2427 4780 2440 4793 .
2470 4778 2484 4793 .
2513 4779 2526 4793 .
2556 4758 2612 4811 ,ξι
2653 4741 2727 4795 De
2790 4741 3022 4797 humano
3074 4758 3222 4811 ergo.
3281 4754 3341 4795 ut
3393 4744 3647 4799 diximus.

2090 4811 2278 4878 Spiritu
2328 4810 2380 4863 in
2427 4811 2528 4864 hoc
2567 4809 2806 4879 Apostoli
2867 4827 3045 4866 sermo
3104 4809 3331 4865 testatus
3358 4824 3467 4865 est.
3506 4832 3524 4862 ι
3552 4812 3649 4863 Sed

2091 4882 2255 4932 codex
2295 4890 2476 4933 noster
2505 4882 2715 4945 melius;
2747 4897 2866 4934 nam
2887 4898 2980 4948 pro
2999 4902 3016 4933 ι
3047 4885 3097 4936 in
3142 4885 3239 4934 hoc
3258 4899 3276 4930 ι
3306 4883 3507 4945 ιιιεώει
3556 4900 3573 4931 ι
3602 4884 3649 4933 in

2094 4950 2192 5002 hoc
2218 4949 2352 5002 loco.
2386 4966 2404 4999 ι
2438 4950 2675 5003 Alterum
2710 4966 2835 5005 vero
2868 4952 3017 5005 aliert
3044 4969 3187 5004 num.
3214 4948 3281 5003 54
3325 4951 3411 5005 bis
3450 4952 3504 5005 in
3542 4967 3651 5003 ver-

2093 5022 2215 5091 bis:
2257 5036 2289 5091 ιΔ
2308 5016 2539 5091 Vocatur
2599 5030 2652 5091 et
2703 5021 2878 5073 anima
2930 5024 3149 5091 Spiritus
3172 5060 3211 5091 ,_
3252 5022 3418 5091 utin
3472 5020 3649 5074 Jacobi

2093 5088 2325 5153 Epistola
2363 5103 2377 5139 :
2415 5088 2689 5153 Quomodo
2737 5104 2932 5159 corpus
2961 5088 2974 5091 ⁷
2999 5103 3143 5143 tuum
3194 5088 3394 5160 [codex
3475 5101 3653 5160 trustte

2090 5168 2237 5212 caret
2286 5172 2411 5229 voce
2445 5171 2611 5219 tuum,
2644 5175 2759 5225 quae
2815 5156 2985 5229 reipsa
3016 5156 3226 5213 videtur
3276 5156 3653 5227 expungeoda]

2092 5231 2208 5281 sine
2251 5228 2438 5293 spiritu
2488 5239 2753 5281 mortuum
2798 5228 2905 5293 εει,
2932 5248 2949 5279 ι
2970 5241 3022 5283 et
3047 5230 3265 5297 reliqua.
3287 5244 3305 5275 ι
3328 5229 3653 5284 Manifestis-

2090 5298 2225 5351 sitne
2252 5299 2393 5350 enim
2419 5298 2637 5363 spiritus
2689 5297 2775 5353 hic
2812 5300 2939 5351 nihil
2977 5302 3117 5352 aliud
3160 5299 3259 5352 nisi
3296 5300 3482 5351 anima
3521 5316 3657 5351 nun-

2090 5376 2335 5433 cupatur.
2390 5366 2549 5419 Juxta
2597 5383 2753 5435 quam
2798 5369 3200 5436 intelligentiam
3243 5381 3296 5425 et
3345 5369 3658 5435 Stephanus

2091 5437 2328 5507 animam
2360 5450 2510 5507 suam
2550 5438 2793 5503 spiritum
2836 5454 3053 5502 vocans,
3108 5458 3125 5487 ι
3152 5440 3401 5499 Domine,
3465 5440 3659 5507 inquit.

2090 5503 2240 5567 Jesu,
2268 5506 2480 5574 suscipe
2504 5508 2750 5574 spiritum
2788 5523 2985 5559 meum.
3019 5528 3037 5559 ι
3082 5508 3210 5561 Vide
3245 5512 3409 5564 etiam
3468 5503 3659 5561 librum

2092 5573 2225 5629 Adv.
2257 5573 2511 5641 Maniclt.,
2538 5573 2672 5646 ipag.
2704 5576 2805 5630 c207
2832 5587 2884 5631 et
2912 5577 3033 5632 208.

2162 5665 2277 5740 (71)
2316 5662 2635 5740 Sancti/iret.
2669 5664 2852 5721 Graeca
2879 5668 3062 5729 editio.
3098 5670 3321 5740 ἁγιάσαι
3353 5684 3461 5737 pro
3504 5668 3663 5734 ἀγιὰ·

2098 5734 2181 5807 σῃ,
2229 5736 2338 5791 Ιιιιο
2377 5738 2489 5802 ipse
2526 5734 2782 5805 Didymus
2813 5755 2979 5807 segni.
3020 5740 3088 5792 72
3112 5734 3158 5809 .ιί
3194 5734 3367 5795 habet
3404 5740 3659 5805 ἁγιάωο.
