3758 6306
95 380 184 438 957

1171 380 1257 437 DE
1296 378 1672 437 τιιιΝιτΑτε
1715 382 1912 438 LIBER
1962 380 2286 441 TERTIUS.

3222 392 3326 450 958

94 494 227 561 Θείη·
260 506 280 540 ι
326 487 425 541 καὶ
477 487 560 552 ὡς
609 490 772 561 ἡνίκα
822 490 1092 560 Στέφανος
1153 493 1445 563 εὐχόμενος
1488 496 1651 566 λέγῃ·

1814 505 1821 549 l
1851 496 2057 567 integer
2088 496 2309 565 spiritus
2327 506 2535 558 vester,
2566 506 2619 550 et
2644 496 2863 567 ianima,
2898 508 2951 553 et
2980 514 3176 567 corpus
3211 504 3327 561 sine

95 582 295 655 ιΚύριε
349 580 572 652 Ἰησοῦ,
621 582 770 647 δέξαι
816 584 875 636 τὸ
933 582 1151 653 πνεῦμά
1196 601 1331 654 μου·
1365 604 1382 636 ι
1429 586 1523 638 ml.
1580 586 1655 648 ὼς

94 674 287 735 Λουκᾶς
316 672 373 723 ἐν
406 671 750 741 Εὐαγγελίῳ,
777 673 866 725 ὅτε
898 673 929 724 ὁ
994 673 1181 744 Σωτὴρ
1225 673 1421 746 νεκράν
1467 675 1653 745 ἤγειρε

94 763 177 834 τὴν
209 762 389 823 παῖδα,
436 761 586 831 ἔφη·
626 780 644 813 ι
670 761 779 815 Kal.
827 762 1127 833 ἐπέστρεψε
1170 763 1231 816 τὸ
1298 762 1512 835 πνεῦμα
1558 766 1654 818 αύ-

92 856 196 923 τῆς.
225 872 243 904 ι
292 852 423 905 Δέον
463 852 613 905 οὕτω
649 852 915 917 δοξάζειν,
952 855 999 906 εί
1053 854 1287 925 μετρίως
1333 855 1568 909 ἐποίουν·
1603 856 1652 908 οἳ

94 948 141 999 δὲ
164 946 219 999 οὐ
254 944 313 998 τὸ
360 945 589 1015 πνεῦμα
624 944 782 998 τοῦτο
816 941 956 998 εῖναι
992 946 1318 1017 ὑπενόησαν,
1357 950 1437 1011 είς
1466 947 1521 1000 δὲ
1556 947 1654 1019 τὴν

94 1040 247 1109 ἄκραν
285 1037 644 1107 βλασφημίαν
718 1038 1091 1108 ἀφικνοῦνται,
1133 1038 1385 1110 Προσῆκε
1427 1038 1481 1092 δὲ
1521 1039 1652 1110 ὁρᾷν

96 1131 174 1183 καὶ
199 1129 369 1191 τοῦτο,
411 1131 613 1199 ὅτιπερ
646 1128 778 1200 ἔχει,
815 1150 831 1181 ι
872 1131 1252 1199 Ἀπαγγέλλων
1290 1131 1381 1184 τὸν
1418 1130 1650 1201 Χριστὸν

94 1221 295 1284 30105,:
340 1224 369 1274 ὁ
418 1221 561 1285 Θεὸς
610 1223 703 1274 καὶ
751 1222 960 1295 Πατὴρ,
1008 1224 1129 1293 οὐχὶ
1184 1222 1276 1288 δὲ,
1329 1240 1348 1272 ι
1377 1222 1596 1285 κτίζων.
1625 1240 1644 1274 ι

96 1313 209 1383 Περὶ
234 1311 339 1382 γάρ
369 1311 484 1364 τῶν
520 1313 1006 1383 ἐπικρυπτομένως
1050 1312 1473 1383 φανερουμένων
1516 1314 1649 1383 ἡμῖν

94 1405 232 1457 ἕνεκα
256 1405 352 1472 τῆς
394 1404 642 1474 ἀρρήτου
682 1404 947 1475 Τριάδος,
992 1404 1242 1474 ἐγράφη·
1286 1424 1302 1455 ι
1327 1403 1422 1467 Τίς
1466 1404 1647 1472 σοφὸς,

93 1498 170 1549 καὶ
200 1498 413 1567 συνήσει
449 1494 665 1560 ταῦτα;
696 1514 714 1547 ι
756 1496 992 1559 Ἐκεῖνος
1027 1496 1084 1549 δὲ
1138 1496 1421 1567 πρόδηλον,
1451 1498 1479 1549 ὁ
1519 1513 1651 1567 πρε-

96 1590 278 1649 πόντως
312 1585 407 1639 καὶ
440 1603 527 1638 νοε
539 1584 649 1656 ρῶς
674 1587 889 1658 νοήσας.
914 1586 1003 1657 Τῷ
1024 1586 1136 1639 ὄντι
1164 1586 1272 1657 γὰρ
1318 1585 1551 1656 χαλεπὸν
1580 1588 1646 1657 τῇ

94 1677 318 1748 ἀκριϐείᾳ
352 1676 461 1730 τῶν
501 1676 737 1748 Γραορῶν
790 1676 1076 1746 ἐπιστῆναι
1122 1679 1247 1740 τοὺς
1311 1678 1567 1748 κοσμικὰ,
1611 1677 1645 1748 ἢ

98 1769 315 1837 αἱρετικὰ
368 1770 743 1841 ἠσκημένους.
774 1768 937 1822 Ὅθεν
993 1768 1130 1840 ἔφη·
1186 1788 1205 1821 ι
1231 1770 1305 1822 Ού
1359 1770 1445 1841 μὴ’
1481 1787 1647 1823 κατα-

98 1863 315 1933 μεένῃτὸ
362 1838 593 1933 Πνεῦμα
630 1862 716 1914 ἐπ’
761 1861 890 1933 [209
913 1860 966 1932 τι]
1022 1838 1239 1925 αὐτοὺς,
1281 1838 1369 1915 διά
1408 1838 1468 1915 «La
1512 1858 1648 1916 εἶναι
1682 1838 1722 1892 Β

99 1956 265 2018 αὐτοὺς
308 1956 539 2027 σάρκας.
579 1973 599 2005 ι
637 1955 748 2025 Τὴν
786 1957 899 2019 τοῖς
936 1953 1229 2025 θησαυροῖς
1272 1954 1478 2019 τούτοις
1519 1955 1653 2026 κρύ-

99 2064 198 2113 φιον
226 2046 443 2117 δύναμιν
487 2046 783 2115 διάγνωσίν
816 2063 875 2099 τε
910 2046 1005 2099 καὶ
1049 2048 1082 2118 ή
1137 2046 1241 2110 ἔξω
1274 2046 1433 2116 σοφία
1476 2065 1654 2118 παρα-

1756 585 1977 651 querela
2005 584 2116 653 (72)
2146 585 2197 637 in
2231 584 2460 637 adventu
2494 584 2702 637 Domini
2749 586 2920 639 nostri
2960 584 3085 642 Jesu
3126 588 3327 646 Christi

1756 683 2033 737 servetur;
2066 673 2262 745 »429
2285 682 2477 727 etcum
2498 674 2804 744 Stephanus
2823 693 2987 733 orans
3004 679 3135 733 dicit
3152 698 3197 734 τι
3224 682 3327 736 Do-

1755 766 1898 819 mine
1918 765 2031 836 (75)
2050 766 2198 829 Jesu,
2248 766 2461 834 suscipe
2502 767 2752 835 spiritum
2784 784 3040 835 meum;)
3079 780 3133 825 et
3154 770 3327 828 Lucas

1754 854 1806 908 in
1839 854 2133 925 Evangelio
2169 864 2436 909 mortuam
2486 855 2717 923 puellam
2762 872 2793 910 a
2837 857 3117 915 Salvatore
3147 862 3325 916 susci-

1756 958 1923 1002 tatam
1965 962 2216 1010 narrans,
2247 946 2361 1000 ait:
2421 964 2439 998 ι
2466 946 2531 1000 Ει
2579 962 2827 1003 reversus
2869 949 3077 1021 (74)est
3104 952 3326 1020 spiritus

1751 1039 1890 1108 ejus.
1920 1057 1939 1090 ι
1974 1039 2072 1104 lta,
2099 1039 2314 1108 inquam
2340 1079 2354 1103 ,
2393 1039 2595 1092 sentire
2638 1039 2892 1095 debereut
2919 1080 2935 1105 ,
2990 1041 3034 1095 si
3086 1043 3327 1096 modeste

1752 1145 1911 1201 agere
1955 1129 2171 1192 vellent,
2224 1144 2330 1183 non
2388 1144 2518 1183 vero
2571 1139 2908 1197 arroganter.
2952 1132 3022 1184 At
3069 1132 3166 1200 ipsi
3209 1132 3323 1203 (75)

1751 1237 1856 1277 non
1886 1221 1951 1276 de
1977 1221 2078 1275 hoc
2109 1220 2297 1290 spiritu
2342 1220 2615 1289 pmpheta:
2661 1223 2823 1275 verba
2859 1223 3167 1290 accipienda
3204 1238 3326 1278 esse

1751 1312 2002 1382 suspicati
2028 1322 2173 1375 sunt,
2196 1312 2288 1366 sed
2331 1312 2397 1365 ad
2434 1328 2704 1366 summum
2736 1313 3084 1383 blasphemia:
3102 1315 3323 1383 gradum

1750 1410 2130 1477 pervenerunt.
2168 1402 2298 1457 lllud
2336 1403 2497 1458 etiam
2540 1403 2968 1457 animadvertere
3007 1403 3323 1473 Oportebat,

1749 1498 1891 1567 quod
1932 1496 2189 1565 propheta
2214 1493 2311 1557 ait,
2348 1512 2368 1546 ι
2404 1493 2751 1548 Annuntians
2790 1492 3061 1547 Christum
3096 1509 3274 1556 suum,
3299 1513 3318 1546 ι

1752 1602 1941 1656 nempe
1971 1588 2109 1639 Deus
2131 1594 2185 1638 et
2213 1582 2391 1649 Pater,
2425 1598 2529 1636 non
2562 1597 2690 1637 vero
2732 1596 2942 1637 creans.
2980 1581 3113 1635 Nam
3140 1583 3206 1637 de
3235 1581 3322 1650 iis,

1750 1694 1867 1748 quae
1884 1677 2036 1732 nobis
2049 1689 2249 1730 arcano
2262 1676 2418 1728 modo
2438 1682 2656 1744 propter
2669 1672 2990 1728 ineffabilem
3008 1673 3325 1728 Trinitatem

1753 1769 2088 1825 manifestata
2104 1773 2250 1832 sunt,
2276 1765 2543 1833 scriptum
2564 1763 2694 1818 fuit:
2726 1782 2743 1814 ι
2779 1763 2909 1828 Quis
2955 1763 3170 1831 sapiens
3189 1761 3323 1833 (76),

1751 1872 1806 1917 et
1835 1860 2094 1929 intelliget
2126 1856 2280 1912 bare?
2308 1874 2326 1909 ι
2379 1854 2472 1909 Ille
2508 1868 2720 1924 nempe,
2768 1864 2826 1907 ut
2856 1856 3195 1924 perspicuum
3221 1840 3325 1916 est,

1753 1953 1844 2021 qni
1899 1948 2246 2007 convenienti
2298 1955 2352 2001 et
2406 1945 2836 2015 spiritali-sensu
2881 1934 3153 2014 intelligit.
3191 1944 3325 1999 Nam

1750 2044 1967 2100 dimcilc
2004 2058 2188 2096 revera
2223 2039 2337 2094 ﬁeri
2380 2045 2575 2108 potest,
2627 2048 2684 2090 ιιι
2731 2047 3044 2091 accuratam
3076 2035 3324 2104 Scriptu-

100 2137 279 2190 δίδωσιν
304 2139 367 2191 ἐκ
392 2138 555 2202 Θεοῦ,
601 2138 675 2202 ὡς
704 2139 798 2192 καὶ
823 2138 890 2192 τὰ
917 2139 1114 2203 πάντα,
1146 2138 1430 2210 ὑπάρχειν,
1456 2138 1651 2192 οὑτωσὶ

1820 2154 1934 2190 rum
2004 2132 2506 2201 interpretationem
2538 2137 2896 2198 assequantur
2934 2127 3026 2196 qui
3053 2126 3326 2179 mundana

103 2232 383 2296 vécxoww
1748 2229 2009 2299 cogitant,
2044 2235 2135 2278 aut
2164 2223 2276 2295 (T2)
2312 2221 2561 2276 haeretica
2631 2230 3050 2289 persequuntur.
3069 2216 3238 2282 Quam
3258 2220 3326 2269 ob

105 2338 197 2377 rem
230 2324 484 2393 scriptum
519 2333 647 2379 est:
702 2342 721 2376 ι
776 2322 1125 2393 Nequaquam
1162 2324 1275 2397 (78)
1313 2326 1652 2395 permanebit
1720 2325 1962 2395 Spiritus
2032 2336 2194 2389 super
2249 2319 2414 2386 ipsos,
2471 2316 2595 2386 quia
2638 2316 2737 2385 ipsi
2773 2330 2968 2369 carnes
3004 2323 3147 2367 sunt.
3176 2329 3194 2363 ι
3223 2311 3326 2364 La-

103 2425 271 2471 tenteiu
296 2432 456 2487 porro
496 2418 550 2472 in
583 2417 849 2471 thesauris
898 2418 1049 2473 hisce
1086 2419 1193 2472 vim
1241 2435 1303 2473 ac
1357 2420 1640 2476 scientiam
1679 2437 1746 2476 ex
1810 2420 1920 2474 Deo
1957 2432 2103 2481 esse,
2151 2424 2211 2468 ut
2276 2424 2471 2467 caotera
2514 2412 2692 2464 omnia
2724 2450 2740 2477 ,
2795 2408 3008 2479 profani
3042 2408 3203 2462 etiam
3238 2422 3328 2460 sa-

108 2506 287 2573 pientes
317 2507 682 2574 tradidernnt,
718 2509 796 2563 sic
835 2508 1113 2577 loquentes
1143 2508 1255 2580 (79)
1282 2529 1295 2565 :

108 2596 275 2683 {hirta
302 2598 413 2721 ἶὰρ
439 2598 808 2667 ἀνθρώποισι
843 2599 988 2665 Θεὸς
1014 2598 1437 2681 διετεκμήρατο

125 2670 248 2719 Οσσ’
323 2669 525 2721 θέλει.
591 2669 833 2721 πάντων
899 2687 959 2721 τε
1028 2671 1261 2721 Βοοτοιρ
1327 2670 1437 2721 ἀδίι

125 2669 248 2719 Οσσ’
302 2669 525 2731 ἐθέλει,
591 2669 833 2722 πάντων
899 2687 959 2723 τε
1016 2669 1261 2739 βροτοῖο
1327 2670 1645 2812 rimerqu

1390 2758 1572 2795 κουει.

1762 2599 1950 2653 Omnia
1985 2610 2123 2647 enim
2151 2591 2444 2645 nominibus
2482 2591 2620 2643 Deus
2654 2591 2950 2659 signiﬁcare
2996 2589 3253 2659 consuevit

1765 2671 2103 2734 Quazruuque
2132 2664 2262 2727 vult,
2287 2673 2336 2715 et
2361 2679 2535 2715 autne:
2574 2658 2924 2734 mortalesper
2953 2676 3007 2712 se
3035 2658 3327 2734 sinenti/lius

2812 2728 2927 2801 [ope
2946 2729 3090 2781 audit
3120 2722 3254 2797 (80).

2333 2820 2486 2878 CAP.
2530 2818 2747 2874 XXXII.

176 2920 335 2982 Ἀλλὰ,
370 2940 386 2971 ι
410 2922 619 2984 Πάντα,
649 2944 665 2969 ι
703 2921 886 2990 φησιν,
913 2938 933 2973 ι
957 2920 1044 2974 διὰ
1072 2921 1167 2974 τοῦ
1200 2922 1328 2974 Υίοῦ
1360 2922 1601 2991 ἐγένετο·
1626 2939 1645 2971 ι

1827 2918 1897 2969 At
1919 2914 2122 2979 omnia,
2154 2913 2425 2983 inquiunt,
2460 2928 2557 2981 per
2578 2909 2925 2965 Filinml‘aeta
2945 2918 3107 2972 sunt;
3138 2907 3182 2962 si
3212 2906 3328 2978 (8t)

113 3012 149 3060 εί
178 3010 379 3062 ιΠάντσ.
403 3031 419 3059 ι
453 3005 550 3064 οὖν
603 3008 772 3073 ἐστιν,
819 3009 912 3061 καὶ
942 3008 1002 3061 τὸ
1048 3010 1203 3077 ἅγιον
1238 3009 1479 3080 Πνεῦμα.
1509 3011 1649 3062 Ἀλλ’

1814 3008 1993 3062 omnia
2021 3025 2039 3056 ι
2079 3020 2210 3059 vero
2243 3005 2382 3057 facta
2414 3012 2578 3068 sunt,
2630 3003 2794 3056 etiam
2849 3000 3083 3069 Spiritus
3111 3008 3330 3053 sanctus

116 3095 229 3161 εἷπε,
267 3119 283 3151 ι
321 3101 521 3162 Πάντα,
556 3118 578 3150 ι
610 3098 753 3152 τοῦτ’
800 3098 916 3152 ἐστι
961 3099 1029 3152 τά
1084 3101 1301 3153 κτιστά’
1334 3099 1572 3170 οὐδαμοῦ
1598 3101 1651 3153 δὲ

1814 3111 1932 3154 ctus
1962 3108 2066 3153 est.
2103 3098 2210 3151 Sed
2237 3112 2357 3149 eum
2390 3096 2527 3149 dixit
2558 3093 2798 3148 Joannes
2838 3110 2857 3145 ι
2884 3092 3086 3157 omnia,
3116 3108 3135 3142 ι
3175 3106 3330 3145 crea-

116 3191 381 3261 γέγραπται
407 3193 467 3245 τὸ
494 3192 722 3262 Πνεῦμα
746 3191 841 3244 τοῦ
863 3191 998 3245 Θεοῦ
1024 3192 1247 3262 κτίσμα,
1269 3192 1344 3256 ὡς
1366 3193 1485 3245 οὐδὲ
1509 3193 1651 3257 Υἱός.

1814 3205 1910 3243 ras
1951 3203 2143 3243 omnes
2194 3187 2536 3256 designavit:
2580 3200 2842 3253 nusquam
2898 3197 3027 3237 vero
3068 3182 3327 3251 scriptum

116 3280 174 3335 Τὸ
198 3286 292 3357 γὰρ
317 3285 515 3356 κτίσμα
547 3284 734 3338 δοῦλον
752 3301 769 3317 ο
798 3285 858 3338 τὸ
903 3285 960 3338 δὲ
990 3285 1173 3338 δοῦλον
1200 3284 1324 3338 οὔτε
1360 3285 1651 3357 ἐλευθεροῖ1

1814 3290 1862 3345 .ι,
1897 3280 2157 3350 Spiritum
2188 3279 2282 3333 Dei
2322 3294 2443 3333 esse
2495 3287 2822 3342 creaturam,
2859 3276 2999 3330 sicut
3041 3289 3107 3328 ne
3132 3273 3329 3328 Filium

117 3373 175 3437 ὡς
204 3376 257 3429 τὸ
285 3378 429 3445 ἆγιον
457 3377 705 3447 Πνεῦμα,
765 3376 889 3430 οὔτε
932 3371 1063 3440 οἵδε,
1111 3376 1165 3428 τί
1224 3379 1367 3431 ποιεῖ
1413 3376 1577 3430 αὑτοῦ
1626 3378 1651 3430 ὁ

1814 3374 1996 3432 Iidem.
2021 3372 2158 3426 Nam
2183 3381 2432 3427 creatura
2464 3381 2549 3426 est
2577 3385 2767 3433 serva;
2800 3382 2993 3423 servus
3019 3376 3198 3420 autem
3230 3380 3327 3418 ne-

120 3462 305 3533 Κύριος,
342 3466 461 3520 οὔτε
490 3466 776 3530 ἀνακτίζει
810 3466 872 3519 τὸ
909 3466 1061 3537 παρὰ
1092 3468 1188 3519 τοῦ
1219 3466 1490 3520 Δεσπότου
1534 3485 1651 3519 κτι-

1814 3482 1861 3519 ie
1901 3464 2115 3530 liberat,
2145 3475 2203 3516 ιιι
2231 3464 2466 3533 Spiritus
2497 3472 2738 3525 sanctus,
2800 3474 2972 3529 neque
3024 3457 3175 3512 novit
3198 3457 3327 3525 quid

123 3553 242 3617 σθὲν,
274 3556 387 3610 οὔτε
415 3558 545 3613 ναὸν
591 3557 827 3628 ἔχειτὸν
864 3557 1150 3628 ἄνθρωπον
1186 3556 1315 3621 ἴσως
1361 3558 1453 3611 τοῦ
1492 3557 1648 3622 Θεοῦ,

1814 3558 1919 3610 ciat
1980 3555 2098 3625 ejus
2144 3555 2422 3618 Dominus,
2482 3568 2657 3622 neque
2703 3554 2879 3606 denuo
2933 3558 3081 3605 creat
3128 3549 3268 3618 quod
3299 3564 3329 3601 a

121 3646 216 3699 οὐδὲ
250 3649 379 3702 θεῖον
416 3650 749 3723 γέγραπται.
817 3647 1031 3711 Ἀλλως
1074 3666 1134 3700 τε
1182 3648 1238 3701 δέ
1284 3650 1585 3719 σεσήμαται
1628 3652 1651 3701 ὁ

1814 3649 1993 3701 omino
2019 3656 2260 3700 creatum
2290 3654 2395 3708 est.
2426 3659 2600 3713 neque
2653 3641 2907 3709 templum
2948 3640 3113 3694 habet
3151 3638 3325 3692 homi-

127 3740 510 3806 πρωτόκτιστος,
552 3741 612 3804 ὃς
656 3739 757 3809 τῆς
803 3738 1077 3809 πρωτείας
1119 3737 1185 3790 δι’
1215 3738 1420 3791 οἰκείαν
1466 3737 1651 3802 ἀλαζο-

1814 3756 1905 3804 3m,
1944 3739 2085 3793 sicut
2112 3740 2240 3793 illud
2276 3739 2440 3793 habet
2474 3739 2613 3791 Deus
2641 3776 2656 3801 ,
2713 3750 2886 3803 neque
2917 3733 3131 3787 divinus
3156 3730 3330 3785 dictus

125 3825 243 3878 νείαν
268 3831 339 3892 είς
363 3831 430 3884 τὰ
456 3831 660 3902 ἔσχατα
687 3828 795 3881 τῶν
820 3828 1063 3897 ἐσχάτων
1092 3828 1316 3899 ἐρρίφη.

1814 3842 1847 3887 ιι
1875 3832 1928 3885 ἰιι
1954 3830 2259 3900 Scriptura.
2295 3831 2475 3886 Prima
2524 3844 2652 3882 vero
2681 3838 2956 3891 creatura,
3009 3840 3129 3896 qua:
3161 3824 3329 3902 apri-

134 3926 253 3971 matu
294 3923 357 3975 ob
402 3897 676 3994 propriam
719 3919 1085 3992 arrogantiam
1125 3897 1364 3987 excidit,
1407 3918 1656 3989 atquein
1695 3931 1939 3979 extrema
2009 3897 2384 3978 extremorum
2450 3918 2689 3988 proiecta
2733 3928 2837 3980 est,
2873 3916 2995 3971 aliis
3026 3897 3329 3971 nominibus

714 2831 868 2882 ΚΕΦ.
902 2831 1022 2882 ΑΠ’.

129 4011 353 4077 appellata
377 4013 486 4072 fuit.

704 4106 862 4158 ΚΕΦ.
898 4106 1022 4158 ΛΓν.

183 4190 274 4244 Καὶ
306 4194 567 4249 Ἰουδαίων
595 4196 651 4249 δὲ
680 4196 973 4266 οἰηθέντων
1029 4196 1119 4250 τὸν
1164 4196 1390 4267 Κύριον,
1440 4195 1515 4268 μῂ
1557 4195 1651 4252 τοῦ

132 4275 259 4344 Θεοῦ,
279 4285 401 4339 ἀλλὰ
423 4289 516 4340 τοῦ
558 4286 722 4340 Δαυῖό
761 4285 899 4340 εἶναι
934 4286 1069 4351 υἱὸν,
1096 4289 1189 4341 καὶ
1221 4288 1388 4342 αὑτοῦ
1416 4289 1656 4361 πυθομέ-

134 4386 205 4423 νου
232 4374 388 4430 αὐτῶν
413 4380 542 4451 περὶ
586 4378 803 4443 ἑαυτοῦ,
824 4379 969 4441 τίνος
1002 4378 1148 4431 ἐστὶν
1189 4378 1329 4444 υίὸς,
1374 4381 1468 4433 καὶ
1520 4382 1657 4434 ἀπο·

136 4466 445 4535 κριναμένων,
479 4470 575 4524 τοῦ
599 4470 782 4534 Δαυῖδ,
815 4465 933 4524 εἶτα
965 4472 1237 4541 φήσαντος
1263 4472 1465 4537 αὐτοῖς,
1497 4491 1514 4521 ι
1547 4474 1656 4526 Καὶ

2223 4101 2387 4175 ωο
2415 4100 2568 4158 CAP.
2610 4098 2849 4156 χχχιιι.

1824 4197 1958 4252 Cum
1987 4210 2114 4251 vero
2142 4194 2312 4251 Judaei
2340 4195 2717 4250 existimarent
2774 4192 3057 4247 Dominum
3081 4203 3186 4245 non
3212 4189 3327 4253 Dei,

1759 4290 1855 4345 sed
1879 4288 2103 4343 Davidis
2135 4303 2253 4343 esse
2285 4286 2477 4353 tilium,
2509 4288 2622 4354 ipse
2648 4286 2770 4340 illos
2796 4285 2863 4338 de
2894 4283 3181 4352 semetipso
3197 4280 3328 4351 quid

1758 4383 2027 4437 sentirent
2057 4379 2438 4449 interrogavit,
2494 4389 2550 4433 et
2599 4377 2887 4446 cuiusnam
2947 4383 3094 4429 esset
3148 4372 3327 4436 ﬁlius;

1758 4474 1906 4543 iique
1931 4471 2348 4540 responderunt,
2402 4468 2655 4523 Davidis:
2690 4478 2801 4521 tum
2848 4466 2955 4520 illis
2983 4465 3119 4518 dixit
3149 4463 3328 4517 Domi-

137 4553 231 4618 πῶς
262 4557 407 4613 Δαυῖδ
445 4562 505 4616 ἐν
554 4563 834 4634 Πνεύματι
875 4563 1018 4632 ἁγίῳ
1042 4563 1198 4617 καλεῖ
1222 4564 1384 4616 αὑτὸν
1422 4564 1646 4635 Κύριον,

1814 4580 1890 4619 IS:
1923 4581 1942 4614 ι
1981 4562 2047 4617 Et
2072 4561 2341 4634 quomodo
2364 4559 2475 4631 (82)
2505 4560 2673 4614 David
2693 4559 2746 4614 in
2774 4557 2976 4627 Spiritu
2998 4555 3111 4626 (85)
3142 4563 3329 4609 sancto

142 4751 371 4835 Videant.
399 4764 486 4828 47,
516 4780 636 4835 pag.
672 4763 794 4817 142.
849 4761 1203 4835 Hieronymus
1241 4761 1293 4815 in
1339 4758 1497 4835 epist.
1546 4760 1647 4815 l20

140 4827 193 4875 ad
222 4826 531 4905 .Hedibiani;
569 4826 716 4888 tium.
748 4834 840 4896 12,
902 4834 1029 4905 haec
1051 4826 1235 4905 'babet
1265 4848 1280 4905 :
1321 4849 1339 4881 ι
1372 4826 1520 4905 Deus
1545 4868 1558 4882 .
1590 4869 1601 4883 .
1628 4870 1644 4885 .

145 4900 567 4971 itselssanrtilicet
621 4920 714 4958 vos
754 4917 845 4971 per
890 4904 1098 4963 omnia,
1146 4901 1219 4971 vel
1265 4903 1315 4952 in
1358 4900 1643 4957 omnibus.

143 4968 411 5087 33:05
435 4985 591 5043 atque
616 4968 881 5043 perfectos
904 4993 917 5025 :
942 4990 960 5023 ι
997 4973 1096 5025 hoc
1115 4970 1258 5023 enim
1283 4971 1455 5039 magis
1475 4980 1655 5036 .sonat

146 5046 377 5093 ὑλοτελεῐς.

185 5057 439 5183 ῗδῖῑιὲίηε
459 5113 689 5183 querela.
719 5111 918 5183 Graeca
938 5108 1471 5183 Cdiliptdtlépfr‘lftug,
1504 5110 1554 5163 id
1576 5118 1658 5164 est

150 5178 480 5251 t'iiieulpateﬁ
527 5194 619 5237 aut
659 5202 677 5234 ι
701 5178 1321 5251 ἰι-τιξρτείιθιιείὺὶιίιθτέι
1357 5181 1655 5249 Didymus:

150 5237 479 5365 ξίιῦῗξπίξονίω
518 5261 618 5319 est,
657 5271 675 5304 ι
700 5237 1100 5320 inculpatum,»
1134 5259 1227 5303 aut
1264 5237 1658 5318 trirrep'reben-

332 5386 551 5510 gfqtine.
582 5392 700 5448 Act.
734 5405 832 5456 vn,
865 5390 953 5445 59.

439 5478 654 5515 eversus.
687 5460 814 5515 Luc.
849 5476 953 5514 νιιιη

332 5454 391 5509 Ει
415 5478 654 5515 reversus.
687 5451 826 5516 Luc.’
849 5476 965 5521 vtu.
1002 5460 1092 5514 55.

226 5516 278 5571 7a
330 5528 388 5577 At
429 5531 538 5589 ipsi.
571 5531 771 5589 Codex.
822 5532 871 5584 οἱ
939 5529 1017 5584 δέ.
1060 5531 1092 5583 Α

330 5528 388 5597 dt
429 5531 538 5597 ipsi.
571 5531 771 5594 Codex,
822 5532 871 5584 ot
939 5516 1017 5584 δέ.
1060 5531 1142 5583 Αιι
1188 5528 1464 5597 legendum
1504 5528 1608 5582 οἵδε
1642 5529 1664 5581 ?

332 5589 468 5666 Quis.
497 5601 631 5656 Osee
665 5589 773 5666 ιιν,
806 5601 894 5654 10.

333 5658 425 5737 {ut
467 5671 727 5725 lueretica.
758 5658 945 5725 'Codex
986 5668 1257 5731 mendose,
1303 5669 1335 5737 ἠ
1380 5668 1648 5737 αἱρετικά.

210 5726 301 5797 (78)
338 5732 677 5808 Nequaquam.
733 5740 868 5795 Gen.
911 5754 986 5801 νι,
1026 5738 1079 5793 5.
1125 5726 1266 5792 Citat
1308 5726 1477 5807 magis
1524 5756 1649 5794 sen-

157 5803 269 5864 ⁸υιιιθ
300 5803 438 5870 quam
472 5803 625 5865 verba
660 5810 791 5882 ipsa.
839 5809 970 5865 Vide
1006 5824 1173 5879 segni.
1213 5807 1279 5861 55
1311 5826 1361 5862 a.

1825 4757 1939 4827 (79)
1994 4754 2082 4811 Sic
2130 4755 2420 4827 loquentes.
2458 4753 2660 4819 Codex,
2707 4750 2881 4813 οὕτως
2939 4751 2971 4820 ἡ
3024 4749 3327 4817 φάσκουσα.

1753 4828 1895 4893 Lego
1922 4826 2152 4879 οὑτωσεὶ
2181 4826 2485 4893 φάσκουσα.

1824 4888 1933 4967 (80)
1971 4898 2152 4951 Audit.
2193 4888 2280 4948 'An
2316 4893 2599 4961 legendum
2653 4892 2707 4945 iu
2757 4890 2944 4944 Graeco
2990 4888 3208 4942 πάντων
3268 4904 3329 4940 τε

1751 4967 1956 5038 βροτῶν

1823 5038 1934 5105 (8t)
1975 5034 2053 5089 Si.
2090 5033 2291 5096 Codex.
2328 5033 2399 5085 εἰ.
2429 5029 2734 5105 μαξεεηάιιιη
2772 5029 3133 5105 fortassestg.

1826 5096 1936 5175 (8'2)
1981 5106 2049 5175 Et
2093 5108 2374 5175 qupmodo.
2426 5096 2614 5154 Matth.
2673 5116 2805 5163 uti,
2873 5098 2963 5161 45,
3004 5100 3090 5152 Μ.
3141 5096 3328 5152 Graeca

1752 5169 1942 5240 editio,
1974 5174 2090 5236 πῶς
2105 5169 2238 5226 οὖν.

1826 5237 1938 5317 (85)
1978 5243 2046 5298 In
2062 5242 2263 5317 Spiritu
2293 5252 2494 5317 sancta.
2528 5238 2643 5317 v9;
2672 5258 2691 5291 ι
2714 5248 2900 5317 sancto
2935 5256 2953 5289 ι
2979 5238 3127 5317 deest
3159 5237 3213 5290 in
3238 5237 3327 5317 Di-

1760 5306 1883 5373 bliis
1910 5306 2031 5371 cum
2062 5306 2285 5377 Graecis,
2323 5324 2432 5367 tum
2463 5309 2693 5373 Latinis,
2724 5309 2831 5362 imo
2862 5307 3001 5376 apud
3032 5308 3205 5377 ipsum
3241 5306 3330 5377 Di-

1763 5386 1982 5458 dymum
2022 5384 2076 5458 in
2110 5383 2203 5458 lib.
2232 5376 2308 5436 De
2341 5381 2485 5458 Spir.
2509 5390 2688 5458 sancto
2721 5393 2870 5458 nunt.
2903 5377 2994 5458 ἓξ).
3029 5376 3213 5456 Itaque
3242 5376 3330 5457 h'c

1759 5447 1979 5511 additur
2013 5456 2079 5507 ab
2133 5453 2247 5519 ipso
2273 5447 2647 5519 explicationis
2686 5449 2881 5519 gratia,
2915 5448 3055 5501 sicut
3089 5447 3328 5519 vicissim

1758 5526 1811 5581 in
1849 5526 1937 5579 lib.
1968 5522 2040 5576 De
2068 5516 2208 5590 Spir.
2233 5516 2581 5590 sanctonum.
2606 5516 2951 5590 29,_atferens
2967 5516 3207 5590 proxime
3229 5526 3323 5590 se-

1757 5595 1974 5665 quentia
2014 5583 2213 5647 ChriSti
2244 5594 2390 5665 apud
2416 5583 3044 5665 JoannemverbaLrZSi
3073 5583 3329 5665 ergonDa«

1756 5651 1845 5720 vid
1880 5674 2033 5719 vocat
2070 5677 2191 5716 eum
2242 5651 2551 5725 Dominum,
2577 5679 2596 5711 ι
2631 5660 2697 5713 de
2729 5672 2827 5712 suo
2859 5651 3031 5721 addit,
3071 5651 3170 5725 (in
3200 5651 3326 5725 Spi-

1756 5737 1860 5789 ritu
1910 5743 2117 5787 sancto.
2140 5751 2160 5785 ι
2211 5731 2332 5787 Haec
2361 5733 2504 5803 enim
2537 5722 2612 5785 ibi
2653 5729 2879 5803 legimus
2914 5723 3173 5803 βεδε-ὤς
3213 5722 3327 5776 edi-

1758 5807 1916 5862 tionis
1950 5803 2271 5860 Veronensis
2300 5821 2314 5858 :
2349 5821 2367 5853 ι
2388 5794 2731 5870 Interrogans
2763 5797 2959 5868 quippe
2993 5794 3318 5859 Pbarisaeos,
