3738 6354
142 366 211 426 969
1111 348 1198 407 DE
1236 347 1606 406 TRINITATE
1642 348 1844 405 LIBER
1882 348 2185 406 TERTIUS

140 476 201 533 τοῦ
223 466 379 526 Θεοῦ.»
421 462 703 534 Ἦγοῦνται
728 464 857 536 γὰρ,
892 464 966 528 ὡς
997 465 1051 536 ἡ,
1088 485 1106 518 ι
1133 467 1320 528 Οὐδεὶς
1352 465 1509 529 ἄλλος
1535 483 1619 534 γι-
1647 471 1689 528 Α

138 570 329 629 uberem
382 557 519 621 λέξις
557 557 747 623 ἐξωθεί
767 558 864 628 τῆς
897 557 1043 621 θείας
1072 557 1323 627 γνώσεως
1348 558 1411 610 τὸ
1438 558 1615 611 θεῖκδν

138 658 320 727 Πνεῦμα·
344 650 393 703 οὐ
425 648 798 719 προσέχοντες,
842 648 917 711 ὡς
953 650 985 718 ή
1023 648 1253 717 λέγουσα
1295 650 1467 721 φωνὴ.
1508 669 1526 703 ι
1566 651 1616 703 εἰ

138 753 188 821 μὴ
211 745 308 799 ὀῶν
328 742 381 794 ἐκ
400 738 488 792 τοῦ
521 738 677 799 Θεοῦ,
701 758 719 790 i
778 738 877 791 οὐκ
921 738 1166 791 ἐκϐάλλει
1194 738 1324 792 αὐτὸ
1364 740 1456 792 τοῦ
1485 741 1616 811 ὁρᾷν

137 842 198 893 καὶ
214 833 447 904 γινώσκειν
499 830 590 883 τὸν
638 831 876 901 Πατέρα,
915 830 1009 884 ἂτε
1042 830 1135 883 καὶ
1165 830 1376 884 Παύλου
1420 832 1618 902 ὁμοίως

133 928 362 999 γράψαντος
390 919 511 990 περὶ
548 919 711 972 αὐτοῦ
734 936 747 951 ο
786 939 803 971 t
829 919 1049 991 Πνεῦμα
1088 920 1148 973 τὸ
1175 923 1237 973 ἐκ
1266 920 1358 974 τοῦ
1389 921 1523 974 Θεοῦ
1550 939 1564 953 ’
1592 941 1611 975 ι

134 1018 197 1072 καὶ
210 1012 280 1069 τοῦ
303 1010 411 1065 Υἱοῦ
450 1010 718 1081 φήσαντος
738 1028 751 1041 ο
810 1030 826 1062 ι
849 1012 1089 1082 Πνεῦμα,
1144 1012 1172 1065 ὃ
1200 1012 1350 1084 παρὰ
1387 1012 1479 1066 τοῦ
1506 1015 1617 1067 Πα-

130 1109 216 1182 τρὸς
250 1101 600 1174 ἐκπορεύεται·
628 1122 644 1154 i
700 1096 819 1155 εἶτα
874 1103 967 1155 καὶ
1024 1104 1081 1156 ὲν
1114 1103 1286 1175 ἑτέρῳ
1325 1104 1487 1158 πάλιν
1524 1106 1616 1159 τοῦ

131 1199 283 1255 Παύλου
331 1195 683 1264 σιωπήσαντος
714 1194 812 1264 μὲν
873 1197 936 1265 τῇ
962 1194 1125 1261 λέξει,
1159 1195 1279 1267 οὐχ).
1327 1197 1385 1250 δὲ
1409 1197 1487 1268 τῷ
1520 1197 1615 1267 νῷ,

128 1292 188 1343 τὸν
211 1288 322 1350 Υξὸν,
346 1284 638 1347 διδάξαντος
663 1285 717 1337 δὲ
738 1285 797 1337 τὸ
832 1285 1055 1355 Πνεῦμα
1091 1286 1246 1356 μόνον
1270 1288 1402 1358 ὀρᾷν
1425 1288 1518 1340 καὶ
1544 1290 1618 1341 εἰ-

128 1378 320 1434 δέναιτὸν
372 1375 581 1446 Πατέρα
638 1376 696 1427 ἐν
738 1379 860 1439 ταῖς
911 1376 1199 1440 συλλαϐαῖς
1244 1379 1460 1431 ταῖσδε·
1500 1398 1517 1430 ι
1544 1379 1617 1432 Τὸ

126 1470 289 1537 Πνεῦμα
311 1468 465 1520 πάντα
486 1468 681 1539 ἐρευνᾷ
709 1469 801 1521 καὶ
823 1467 890 1521 τὰ
920 1469 1057 1539 βάθη
1078 1469 1169 1522 τοῦ
1197 1468 1329 1522 Θεοῦ
1346 1487 1358 1500 ·
1389 1470 1472 1534 τίς
1508 1473 1616 1544 γὰρ

125 1556 223 1612 οἶδεν
240 1555 500 1626 ἀνθρώπων
522 1558 587 1609 τὰ
615 1559 706 1610 τοῦ
761 1559 1069 1630 ἀνθρώπου,
1134 1564 1182 1615 εί
1216 1563 1291 1634 μὴ
1314 1563 1374 1617 τὸ
1397 1565 1615 1636 πνεῦμα

125 1652 188 1705 τοῦ
210 1648 447 1719 ἀνθρώπου
486 1648 548 1702 τὸ
592 1651 647 1701 ἐν
696 1650 880 1720 αὑτῷ;
939 1650 1080 1705 οὓτω
1118 1653 1211 1706 καὶ¹
1247 1653 1316 1707 τὰ
1335 1655 1428 1708 τοῦ
1480 1656 1612 1711 Θεοῦ

122 1743 246 1803 οὐδεὶς
270 1736 404 1799 οἶδεν,
432 1740 479 1790 εἰ
505 1739 578 1809 μὴ
602 1739 661 1791 τὸ
694 1739 915 1811 Πνεῦμα
945 1740 1037 1793 τοῦ
1056 1742 1188 1795 Θεοῦ
1211 1761 1223 1774 ·
1247 1761 1264 1794 i
1304 1743 1399 1797 καὶ
1421 1739 1609 1797 πάλινο

3171 352 3276 411 970

1722 466 1833 536 (54)
1886 466 2019 520 vidit
2062 466 2368 536 quisquam,
2430 464 2531 520 nisi
2575 467 2666 536 qui
2716 482 2781 522 ex
2825 468 2935 525 Deo
2973 467 3086 539 (55)
3117 476 3219 523 est.
3249 486 3271 521 ι

1716 558 1847 613 Nam
1868 557 2046 613 verbis
2069 558 2194 623 illis,
2228 555 2425 611 «Νεωο
2447 557 2583 612 alius
2610 560 2808 624 novit,»
2841 560 3079 614 divinum
3104 558 3279 628 Spiri—

1717 662 1828 706 tum
1858 651 1946 706 Dei
1975 651 2283 721 cognitione
2301 650 2611 707 destitutum
2644 653 2867 707 indicari
2902 652 3271 725 arbitrantur:

1717 757 1892 811 neque
1926 741 2383 806 animadvertunt,
2425 742 2599 798 verbis
2619 758 2736 813 qua:
2759 743 2941 797 statim
2982 742 3272 805 adduntur,

1721 850 1740 882 α
1767 834 1866 886 nisi
1899 832 1988 901 qui
2024 847 2090 886 ex
2140 831 2250 886 Deo
2278 839 2381 897 est,
2415 851 2433 884 ι
2473 831 2644 885 Patris
2686 834 2948 887 visionem
2996 840 3053 887 et
3081 831 3269 899 cogni-

1721 922 1919 974 tionem
1951 920 2123 974 eidem
2164 919 2321 974 tribui
2351 937 2364 974 :
2404 920 2600 990 quippe
2633 936 2752 975 cum
2786 922 2947 975 etiam
2983 919 3180 975 Pauius
3209 919 3277 974 de

1718 1011 1808 1065 illo
1854 1011 2105 1066 similiter
2150 1011 2470 1080 scripserit:
2506 1032 2523 1063 ι
2556 1011 2790 1080 Spiritus
2821 1012 2929 1084 (56)
2955 1013 3044 1082 qui
3069 1027 3132 1067 ex
3166 1012 3277 1067 Deo

1715 1110 1839 1169 est;
1874 1122 1892 1155 ι
1957 1112 2009 1158 et
2059 1102 2227 1158 Filius
2279 1104 2511 1159 dixerit:
2549 1123 2566 1155 ι
2603 1104 2837 1175 Spiritus
2884 1108 2973 1175 qui
3024 1120 3054 1159 a
3111 1102 3270 1158 Patre

1715 1194 2000 1262 procedit:
2041 1212 2062 1247 ι
2097 1210 2159 1248 ac
2186 1204 2444 1263 praetcrea
2477 1196 2530 1249 in
2568 1197 2672 1251 alio
2725 1196 3030 1252 testimonio
3088 1210 3276 1251 rursus

1715 1282 1913 1336 Paulus
1965 1283 2142 1337 verbis
2191 1284 2406 1352 quidem
2482 1284 2671 1339 Filium
2728 1286 2976 1351 tacuerit,
3023 1285 3117 1340 sed
3167 1300 3272 1339 non

1715 1386 1911 1438 sensu;
1972 1388 2000 1426 a
2030 1374 2144 1427 solo
2187 1384 2362 1428 autem
2412 1375 2613 1444 Spiritu
2654 1378 2822 1431 videri
2863 1386 2915 1431 et
2968 1377 3117 1431 nosci
3167 1375 3271 1431 Pa-

1718 1473 1849 1516 trem
1890 1464 2133 1518 docuerit
2182 1466 2329 1521 liisce
2374 1468 2594 1522 verbis:
2627 1486 2646 1520 ι
2672 1469 2907 1538 Spiritus
2953 1469 3065 1539 (37)
3091 1468 3269 1524 omnia

1714 1564 2004 1621 scrutatur,
2056 1557 2218 1609 etiam
2258 1556 2518 1626 profunda
2567 1559 2697 1614 Dei:
2733 1561 2853 1629 quis
2903 1560 3046 1614 enim
3100 1560 3275 1614 ltomi-

1714 1657 1841 1695 num
1890 1645 2036 1697 novit
2065 1659 2184 1713 qua:
2215 1648 2636 1712 suntliominis,
2684 1650 2783 1703 nisi
2831 1652 3051 1720 spiritus
3097 1650 3275 1705 ltomi-

1714 1734 1799 1788 nis
1837 1735 1949 1806 (58)
1981 1737 2068 1803 qui
2106 1736 2157 1791 in
2185 1738 2299 1807 ipso
2329 1738 2489 1811 437
2515 1742 2642 1795 cst?
2670 1741 2749 1796 sic
2778 1750 2832 1796 et
2860 1758 2977 1811 qua:
3002 1754 3126 1795 sunt
3154 1741 3271 1807 Dei,

128 1834 246 1882 «'01:
274 1828 429 1890 ὁθεὸς
456 1823 617 1888 οἶδεν,
651 1828 703 1880 τί
731 1830 790 1881 τὸ
821 1830 1072 1900 φρόνημα
1110 1830 1203 1885 τοῦ
1233 1832 1563 1903 Πνεῦματος.
1589 1853 1606 1885 i

1737 1840 1873 1879 temo
1905 1827 2055 1880 novit
2090 1829 2190 1882 nisi
2235 1829 2470 1899 Spiritus
2501 1832 2592 1886 Dei
2624 1852 2638 1888 :
2673 1851 2692 1884 ι
2729 1843 2782 1887 et
2817 1849 3002 1889 rursus
3033 1833 3268 1888 dixerit:

130 1918 298 1988 Ἐρευνᾷ
314 1917 362 1969 δὲ
392 1916 476 1968 τὸν
511 1916 641 1969 Θεὸν
674 1918 768 1988 οὐχ
797 1919 824 1971 ὁ
850 1917 924 1989 μὴ
960 1919 1121 1988 ὁρῶν,
1158 1921 1289 1992 μηδέ
1315 1921 1486 1974 συνὼν
1518 1922 1612 1975 αὖ·

122 2011 199 2078 τῷν
226 2010 301 2062 καὶ
321 2003 443 2061 οἶδεν
468 2007 537 2061 τὰ
566 2009 657 2061 τοῦ
685 2009 817 2063 Θεοῦ
845 2013 942 2082 οὐχ
968 2014 996 2065 ὁ
1025 2011 1098 2083 μὴ
1125 2013 1404 2081 γινώσκων
1430 2015 1609 2078 αὐτὸν,

121 2104 216 2172 μηδέ
254 2103 315 2154 ὢν
333 2105 420 2173 τῆς
447 2104 617 2174 αὐτῆς
647 2104 895 2176 θεότητος
918 2123 933 2138 ⁸
991 2107 1250 2161 ἀδύνατον
1282 2109 1390 2180 γὰρ
1417 2109 1611 2163 εἰδέναι

120 2196 165 2245 τὰ
186 2195 257 2247 τοῦ
284 2192 401 2246 Θεοῦ
459 2195 652 2259 οὕτως,
696 2195 770 2259 ὡς
812 2192 951 2251 οἶδεν
979 2199 1116 2271 αὐτὰ
1148 2201 1175 2252 ὁ
1206 2199 1353 2264 Θεὸς.
1389 2201 1483 2254 καὶ
1513 2200 1611 2271 τὴν

118 2286 203 2355 inp;
225 2284 393 2351 γνῶσιν
418 2284 710 2354 κεκτῆσθαι
738 2285 907 2356 αὐτῷ,
933 2288 1006 2357 μὴ
1034 2288 1132 2357 τῆς
1160 2288 1325 2359 αὐτῆς
1350 2288 1497 2359 αὑτῷ
1524 2289 1615 2341 οὐ·

119 2376 203 2438 σίας
221 2376 295 2427 καὶ
318 2373 557 2442 γνώσεως
585 2376 912 2447 ὑπάρχοντα.
944 2377 1015 2429 Τὸ
1039 2377 1092 2430 δὲ
1110 2378 1246 2440 είδὸς
1271 2377 1339 2430 τὰ
1360 2376 1453 2431 τοῦ
1478 2376 1610 2430 Θεοῦ

115 2468 179 2518 καὶ
199 2466 244 2517 ὃν
262 2466 373 2537 [215
401 2466 453 2538 α]
508 2469 600 2520 ἐπὶ
632 2468 722 2523 τὸν
752 2468 898 2533 Υἱον,
930 2464 1067 2523 οἶδεν
1107 2470 1199 2522 και).
1229 2469 1298 2523 τὰ
1335 2470 1428 2525 τοῦ
1458 2471 1608 2526 Υἱοῦ.

124 2559 185 2620 Ὠς
210 2560 321 2629 πρὸς
362 2560 481 2623 τοὺς
511 2561 761 2624 κτιστούς
795 2563 910 2615 ἐστι
939 2563 1114 2615 τοίνυν
1147 2563 1226 2625 τὸ,
1276 2582 1292 2613 t
1318 2564 1503 2628 Οὐδεὶς
1528 2582 1614 2633 γι-

113 2647 257 2701 νώσκει
283 2648 363 2701 τὸν
394 2651 631 2723 Πατέρα.
661 2671 678 2703 ι
729 2652 761 2722 ἢ
796 2670 814 2703 ι
834 2652 924 2706 τὸν
966 2652 1094 2705 Υίόν
1125 2670 1137 2683 ο
1168 2671 1185 2703 ι
1218 2652 1339 2705 οῦτε
1379 2654 1483 2726 μὴν
1510 2655 1613 2727 ὁρᾷ

113 2739 239 2800 οὕτως
262 2739 326 2802 ὡς
341 2738 477 2793 ἔστιν
500 2757 513 2771 ο
561 2740 679 2793 οὔτε
710 2743 815 2813 γὰρ
872 2744 905 2813 ἡ
944 2743 1255 2816 ὲγχωροῦσα
1292 2746 1613 2817 κατανόησις

112 2833 151 2883 ἐν
174 2834 322 2894 πᾶσιν,
353 2833 469 2885 ἐπεὶ
506 2834 583 2904 μὴ
604 2834 798 2897 πάντες
817 2834 1085 2906 ἀξιόχρεοι
1103 2852 1115 2865 ο
1136 2835 1226 2888 καὶ
1247 2837 1303 2888 ἐν
1330 2832 1409 2899 οἷς
1443 2838 1610 2899 ἐστιν,

112 2923 181 2974 οὐκ
203 2924 273 2993 ἴση
307 2924 511 2993 ἑκάστῳ
563 2924 812 2995 ὑπάρχει.
845 2926 1001 2979 Κατὰ
1028 2926 1136 2997 γὰρ
1172 2926 1261 2979 τὸν
1294 2926 1504 2980 Παύλου
1529 2927 1614 2979 λό-

112 3029 201 3081 γον·
232 3034 247 3065 ι
273 3015 432 3086 Ἀλλῳ
461 3016 563 3085 μὲν
597 3017 795 3068 δίδοται
844 3016 1043 3084 γνῶσις
1084 3018 1291 3084 σοφίας,
1318 3036 1334 3069 i
1383 3016 1523 3087 ἄλλῳ
1555 3016 1611 3069 δὲ

110 3104 236 3174 πεὴῆ
266 3106 371 3158 τόδε
390 3122 402 3133 ·
431 3106 574 3159 κατὰ
596 3107 651 3159 δέ
673 3107 733 3159 τὸ
758 3107 1104 3175 Εὑαγγέλιον,
1131 3095 1174 3175 ᾧ
1197 3108 1392 3161 δίδοται
1426 3126 1612 3180 περισ-

113 3197 289 3268 σότερον,
317 3199 701 3270 περισσοτέρας
741 3200 968 3263 εὐθύνας
1011 3201 1293 3268 ἐπάγεται.
1337 3201 1609 3272 Αίρετικοὶ

164 3304 322 3353 φασινο
352 3307 369 3340 t
393 3289 619 3360 Ἐρευνᾷ
647 3286 714 3340 τὰ
751 3287 885 3359 βάθη
911 3288 1002 3341 τοῦ
1038 3287 1191 3349 Θεοῦ,
1215 3308 1231 3339 ι
1253 3289 1328 3352 ὼς
1361 3289 1605 3357 ἀγνοοῦν.

118 3375 217 3426 Ἀλλ’
240 3377 517 3448 ἐπήγαγεν,
543 3376 620 3440 ὡς
658 3395 676 3427 t
696 3372 843 3428 Οἶδεν
867 3376 935 3429 τὰ
963 3376 1055 3429 τοῦ
1080 3375 1232 3431 Θεοῦ.
1256 3396 1274 3428 ι

1718 1932 1737 1965 ι
1773 1915 1911 1969 Deus
1948 1918 2097 1971 novit
2130 1919 2240 1989 (39)
2271 1922 2396 1989 quid
2424 1921 2696 1976 desideret
2724 1924 2839 1994 (aut
2873 1921 3065 1993 sapiat)
3097 1922 3273 1993 Spiri-

1712 2015 1817 2062 tus.
1850 2028 1869 2061 i
1908 2010 1977 2062 At
2010 2025 2135 2064 vero
2166 2011 2330 2065 Deum
2375 2028 2482 2067 non
2515 2022 2791 2070 scrutatur
2833 2015 2922 2086 qui
2980 2031 3103 2070 eum
3156 2030 3265 2069 non

1710 2097 1878 2162 videt,
1895 2099 2093 2168 quique
2117 2115 2237 2154 cum
2261 2115 2324 2155 eo
2340 2116 2441 2155 non
2459 2103 2736 2158 coexsisﬁt
2752 2121 2765 2157 ε
2782 2118 2953 2172 neque
2982 2103 3127 2157 novit
3149 2117 3271 2172 quae

1713 2188 1804 2243 Dei
1848 2199 1971 2244 sunt
2021 2191 2113 2259 qui
2161 2192 2334 2260 ipsqu
2385 2193 2550 2248 Deum
2586 2210 2688 2248 non
2742 2194 3273 2265 cognoscit,quique

1714 2294 1815 2333 non
1850 2291 1934 2335 est
1961 2280 2198 2347 ejusdem
2233 2297 2352 2337 cttm
2383 2284 2499 2354 ipso
2523 2285 2762 2341 deitatis.
2803 2285 2946 2341 Fieri
2979 2286 3123 2340 enim
3164 2299 3269 2340 non

1712 2382 1911 2441 potest,
1945 2384 2004 2427 ut
2033 2374 2076 2427 is
2099 2374 2187 2441 qui
2215 2390 2318 2429 non
2351 2379 2420 2430 sit
2454 2375 2692 2444 ejusdem
2728 2392 2849 2432 cum
2882 2377 2990 2432 Deo
3020 2376 3273 2432 essentia

1711 2469 1764 2515 et
1790 2464 1976 2516 eadem
2001 2465 2306 2534 cognitione
2335 2468 2611 2536 prznditus,
2645 2479 2829 2523 noscat
2858 2484 2979 2538 quae
3002 2469 3092 2522 Dei
3124 2477 3268 2533 sunt,

1711 2553 1852 2607 sicut
1908 2556 2059 2609 novit
2120 2570 2182 2610 ea
2220 2557 2379 2623 Deus,
2416 2568 2468 2610 et
2496 2559 2751 2628 aequalem
2781 2576 2899 2614 cum
2933 2560 3047 2630 ipso
3079 2560 3273 2615 habeat

1712 2645 2095 2714 cognitionem.
2123 2647 2221 2715 Qui
2245 2659 2419 2702 autern
2445 2658 2499 2703 et
2530 2651 2678 2704 novit
2697 2666 2816 2720 qute
2848 2650 2939 2705 Dei
2958 2660 3100 2717 sunt,
3120 2660 3273 2707 etest

1712 2735 1764 2789 in
1814 2734 1971 2799 Filio,
2022 2738 2067 2791 is
2098 2738 2244 2790 novit
2282 2739 2443 2791 etiam
2473 2754 2593 2807 qua:
2634 2754 2759 2795 sunt
2790 2741 2931 2796 Filii.
2964 2742 3146 2812 Itaque
3172 2759 3261 2799 re-

1713 2838 1899 2897 spectu
1949 2841 2320 2884 creaturarum
2377 2832 2574 2885 dicitur
2624 2832 2802 2888 illud:
2860 2833 3077 2890 «Nemo
3122 2837 3272 2891 novit

1712 2917 1950 2984 Patrem,
1987 2939 2004 2972 ι
2048 2930 2139 2975 aut
2177 2940 2195 2971 ι
2224 2921 2443 2986 Filitun,
2478 2941 2496 2974 ι
2529 2937 2626 2977 nec
2654 2925 2937 2994 quisquam
2968 2941 3088 2980 eum
3122 2927 3270 2981 videt

1712 3010 1869 3065 sicuti
1901 3020 1982 3067 est
2009 3031 2023 3067 :
2050 3028 2171 3066 nam
2216 3028 2283 3068 ne
2324 3013 2411 3067 illa
2455 3014 2669 3079 quidem
2721 3016 3027 3083 cognitione
3067 3032 3132 3073 ac
3186 3018 3271 3071 vi-

1712 3104 1901 3167 sione,
1951 3118 2069 3171 qute
2114 3104 2383 3172 possibilis
2431 3115 2535 3167 est,
2582 3106 2836 3161 fruuntur
2884 3123 3113 3175 omnes;
3171 3122 3271 3163 nec

1712 3196 1854 3249 enim
1890 3210 2076 3250 omnes
2104 3206 2229 3251 sunt
2262 3212 2323 3250 ea
2356 3197 2502 3268 digni
2532 3216 2548 3254 :
2581 3199 2670 3267 qui
2705 3214 2833 3253 vero
2861 3199 2944 3252 illa
2971 3202 3269 3268 potiuntur,

1713 3288 1988 3355 mqualitcr
2011 3287 2203 3355 singuli
2259 3303 2363 3343 non
2411 3289 2708 3359 potiuntur.
2754 3288 2886 3343 Nam
2931 3290 3086 3359 juxta
3131 3290 3272 3346 Pati-

1713 3378 1848 3440 ium,
1877 3377 2075 3433 «Alteri
2098 3379 2208 3449 (40)
2235 3380 2449 3449 quidem
2476 3382 2634 3435 datur
2662 3381 2893 3451 cognitio
2918 3383 3217 3452 sapientia),
3246 3404 3266 3439 ι

108 3468 219 3521 alteri
237 3479 396 3524 autem
434 3471 562 3535 hoc,
585 3479 676 3523 aut
711 3470 833 3524 hoc.
896 3468 1056 3524 Juxta
1091 3470 1434 3541 Evangelium
1497 3470 1655 3539 vero,
1686 3471 1732 3527 is
1799 3472 1882 3526 cui
1916 3473 2071 3527 datur
2113 3472 2226 3543 (41)
2278 3472 2660 3537 abundantius,
2704 3475 2959 3540 majorem
3003 3475 3267 3530 rationem

156 3630 244 3700 (⁵⁵)
268 3633 439 3688 Deum.
478 3635 667 3690 Grteca
694 3634 859 3690 editio
888 3630 1012 3687 κτὸν
1035 3630 1277 3700 Πατέρα,
1301 3629 1354 3685 id
1389 3640 1472 3685 est
1490 3630 1614 3685 «Pa-

110 3710 226 3753 trem.
258 3721 273 3750 ι

158 3773 243 3835 (55)
285 3771 368 3843 βε
396 3773 521 3826 Deo.
558 3773 745 3828 Grtcca
773 3772 937 3826 editio
964 3791 980 3827 :
1013 3771 1163 3843 παρὰ
1187 3770 1279 3823 τοῦ
1307 3768 1466 3823 Θεοῦ.

156 3843 241 3907 (55)
274 3841 515 3905 Spiritus.
574 3844 589 3895 I
620 3846 742 3897 Cor.
772 3859 832 3906 it,
862 3844 945 3895 12.

157 3911 241 3975 (37)
275 3910 510 3977 Spiritus.
549 3913 567 3966 l
609 3914 732 3968 Cor.
764 3928 823 3974 tt,
857 3911 1037 3969 10,”.

157 3980 243 4048 (58)
278 3980 503 4049 Spiritus
542 3983 789 4035 hominis.
825 3982 945 4034 iltec
975 3980 1132 4033 verba
1174 3981 1291 4033 sine
1327 3977 1491 4032 dubio
1520 3992 1609 4033 ac-

109 4051 208 4114 cepit
227 4049 468 4121 Didymus
503 4055 571 4106 de
609 4053 840 4104 humano
866 4060 1048 4121 creato
1070 4051 1258 4115 spiritu
1280 4088 1294 4110 ,
1314 4118 1321 4121 Α
1344 4060 1399 4100 ut
1434 4049 1605 4121 reipsa

112 4118 355 4189 accipienda
386 4133 511 4174 sunt
540 4140 553 4174 :
588 4121 835 4189 quamvis
870 4120 1011 4172 hunc
1039 4118 1217 4189 ipsum
1246 4118 1491 4184 spiritum
1538 4119 1605 4170 ab

108 4186 238 4255 aditu:
288 4186 623 4255 distinxerit,
669 4198 726 4243 ut
774 4189 1010 4244 nonnulli
1057 4189 1147 4240 alii
1198 4188 1438 4240 fecerant
1482 4198 1607 4242 ante

110 4254 341 4328 lPSllm._de
376 4276 479 4328 qua
512 4276 571 4315 re
612 4254 672 4312 iu
702 4274 936 4327 praaseus
977 4259 1157 4328 dicere
1191 4259 1604 4328 inopportunum

112 4322 225 4396 lutet.
254 4322 419 4396 Itaque
452 4322 855 4382 nondum'satis
893 4327 1189 4396 intelligere
1233 4322 1376 4391 potui
1410 4342 1510 4379 cur
1555 4326 1605 4379 itt

110 4390 205 4447 libro
237 4396 301 4449 De
334 4390 549 4465 'Spiritu
592 4408 772 4452 sancto
805 4413 950 4450 num.
985 4390 1089 4457 54,‘
1138 4390 1403 4462 vulgatam
1449 4405 1608 4462 atque

110 4466 221 4535 adeo,
243 4478 293 4517 ut
314 4473 559 4535 equidem
608 4484 751 4532 reor,
783 4469 1069 4535 genuinam
1105 4466 1382 4519 lectionem
1414 4466 1609 4518 immu-

114 4533 203 4604 ta_rit
229 4534 296 4587 vir
321 4529 386 4591 cl.
434 4529 752 4593 Vallarsius.
786 4529 981 4592 'Utres
1001 4536 1279 4603 perspicua
1313 4537 1420 4597 sit,
1463 4536 1611 4604 prius
1645 4529 1687 4582 1)

111 4600 231 4657 adero
276 4621 389 4659 eum
439 4608 656 4678 Didymi
705 4609 876 4661 locum
923 4600 1605 4678 ex'editimtchronensi

113 4684 196 4721 t‘utu
233 4690 394 4729 nostro
433 4674 628 4732 codice
668 4692 697 4729 a
745 4691 828 4731 me
860 4677 1071 4731 collata.
1120 4692 1138 4724 ι
1185 4674 1388 4728 Dicitur
1427 4677 1608 4737 etiam,

111 4754 273 4815 excepta
315 4748 515 4809 anima,
553 4758 614 4803 et
640 4756 863 4812 excepto
897 4747 1087 4815 spiritu
1121 4754 1336 4806 nostro,
1374 4744 1608 4810 Spiritus

111 4812 324 4886 aliusqnis
341 4832 456 4870 esse
482 4817 538 4872 in
571 4818 790 4871 homine
829 4812 1020 4886 [codex
1049 4827 1267 4886 nomen:
1310 4823 1358 4866 et
1400 4822 1610 4886 excepto

113 4876 258 4954 Spiritu
288 4895 460 4954 sancto
485 4925 500 4950 ,
542 4888 685 4939 alius
720 4876 850 4954 quis‘
869 4900 978 4939 esse
1013 4886 1067 4937 in
1111 4883 1314 4954 homine
1344 4876 1609 4953 spiritus],

112 4950 156 4999 de
180 4966 264 5015 quo
295 4953 482 5009 Paulus
530 4950 765 5011 scribit:
811 4973 830 5006 ι
867 4956 996 5021 Quis
1030 4955 1171 5008 enim
1202 4953 1305 5007 scit
1336 4950 1611 5005 hominum

111 5031 155 5065 ea
172 5034 272 5092 qlia:
299 5034 417 5077 sunt
454 5027 720 5087 hominis,
768 5027 869 5080 nisi
905 5024 1129 5092 spiritus
1172 5023 1399 5077 hominis
1433 5023 1523 5090 qui
1557 5022 1609 5074 in

114 5090 278 5163 tuest?
319 5111 337 5143 ι
389 5094 446 5147 Si
492 5099 643 5149 enim
688 5090 1289 5149 voluerit—contendere
1326 5092 1609 5159 quispiam,

112 5168 295 5232 animam
336 5165 421 5217 hic
462 5166 767 5234 signiticari
802 5166 852 5218 in
886 5165 1101 5231 spiritu,
1142 5164 1260 5232 quis
1295 5166 1405 5234 erit
1430 5164 1609 5234 homo,

114 5228 227 5301 cujus
260 5228 647 5301 cogitationes,
691 5243 744 5287 et
778 5228 1007 5295 arcana,
1055 5243 1110 5285 et
1144 5228 1353 5301 secreta
1390 5228 1613 5301 [rectius

113 5297 235 5375 ξὐιιςι
267 5297 437 5357 noster
473 5322 488 5358 :
522 5303 744 5375 secreti]
774 5305 950 5375 cordis
975 5303 1180 5356 occulta
1217 5297 1423 5375 nesciat
1452 5299 1613 5375 homo

113 5357 213 5429 [Coit
239 5382 419 5434 noster,
454 5357 601 5426 trtius
632 5357 938 5441 It'onioiinisi
965 5374 1186 5440 spiritus
1206 5370 1364 5438 ejus?
1388 5368 1519 5441 Qui“
1547 5368 1615 5420 de

114 5448 283 5511 corpore
319 5443 565 5511 solitario
618 5445 720 5497 hoc
771 5438 1068 5511 intelligere
1115 5442 1248 5495 velle
1297 5438 1611 5511 perstultutn

111 5512 181 5585 ἕνα
207 5508 333 5585 Quod
380 5514 421 5564 si
462 5524 662 5585 arguta
702 5512 846 5585 [cod.
886 5507 1106 5585 noster:
1138 5507 1380 5585 argutus]
1413 5509 1615 5585 iiititur

110 5565 249 5654 inulte
276 5565 561 5654 surrepere’
575 5565 932 5654 [com—noster
960 5565 973 5633 ἐ
1003 5565 1287 5654 διώγὶρᾷε]
1317 5565 1380 5632 aé
1411 5576 1614 5654 Spiritu

110 5650 252 5711 sancto
276 5647 381 5702 haec
416 5647 625 5720 scripta
658 5662 994 5715 contestans;
1037 5654 1081 5704 si
1132 5647 1411 5719 diligenter
1454 5647 1614 5720 verba

109 5722 190 5783 ἸΨ
222 5716 547 5783 ευιιδίιιθτειξ
585 5723 820 5776 cessabit
852 5736 1097 5780 asserere
1131 5716 1487 5773 mendacium.
1525 5716 1614 5768 Si-

110 5782 275 5842 quidem
298 5789 364 5840 ita
386 5782 657 5859 scriptum
677 5802 793 5845 est:
832 5811 849 5844 ι
882 5792 1011 5856 Quis
1033 5806 1174 5843 enim
1208 5792 1310 5844 scit
1340 5789 1615 5841 hominum

370 5880 651 5944 PATBOL.
687 5884 801 5943 Gn.
836 5879 1136 5943 XXXIX.

1718 3647 1837 3703 qua;
1877 3640 2000 3703 sunt
2040 3631 2305 3691 hominis.
2350 3632 2452 3685 nisi
2476 3632 2705 3703 spiritus
2737 3633 2967 3703 hominis
3001 3634 3090 3703 qui
3125 3634 3177 3687 itt
3207 3649 3271 3688 eo

1719 3700 1839 3756 est?
1872 3700 1961 3755 Sic
1990 3713 2041 3756 et
2065 3718 2133 3771 ea
2166 3716 2284 3770 qua:
2315 3711 2439 3753 sunt
2474 3700 2588 3764 Dei,
2624 3717 2779 3757 nemo
2806 3702 2927 3766 scit,
2959 3700 3059 3757 niSi
3106 3703 3271 3771 Spiri-

1719 3780 1805 3824 tus
1841 3771 1955 3824 Dei.
1993 3789 2013 3822 ι
2049 3769 2164 3837 Quo
2189 3769 2351 3822 modo
2374 3771 2514 3823 enim
2542 3772 2678 3826 alius
2703 3779 2786 3826 est
2814 3772 2991 3837 homo,
3023 3769 3161 3827 alius
3188 3786 3269 3828 est

1716 3839 1889 3904 Deus;
1916 3842 1995 3895 sic
2028 3852 2078 3893 et
2114 3840 2332 3911 Spiritus
2368 3840 2599 3911 hominis
2622 3877 2637 3905 ,
2666 3841 2758 3911 qui
2792 3851 2874 3894 est
2903 3840 2955 3895 in
2988 3856 3072 3911 eo,
3113 3856 3271 3909 sepa-

1714 3920 1866 3963 ratur
1893 3926 1921 3962 a
1966 3910 2175 3980 Spiritu
2200 3909 2312 3971 Dei,
2353 3909 2441 3978 qui
2476 3921 2559 3964 est
2591 3913 2641 3965 in
2672 3909 2736 3965 eo
2769 3927 2783 3964 :
2819 3925 2976 3979 quem
3009 3910 3266 3980 Spiritum

1714 3988 1958 4064 sanctum
1995 3978 2113 4033 esse
2158 3978 2365 4064 [vocem
2405 3994 2514 4033 esse
2550 3981 2698 4064 'a'ddo
2742 3994 2805 4034 ex
2838 3978 3027 4064 'n'pstro
3054 3978 3267 4064 codice]

1712 4047 2024 4120 frequenter
2069 4047 2445 4103 ostémlimus:
2477 4069 2494 4100 ι
2550 4048 3135 4120 HactenusDidymus,
3177 4047 3267 4120 qui

1711 4127 1821 4171 tres
1855 4119 1942 4171 hic
1970 4127 2234 4171 memorat
2258 4122 2402 4172 vocis
2432 4138 2449 4170 ι
2497 4120 2717 4188 spiritus
2748 4136 2768 4168 ι
2803 4118 3221 4188 signiﬁcationes
3248 4138 3264 4176 :

1710 4188 1940 4256 primam
1970 4204 2074 4257 qua
2105 4188 2338 4251 Spiritus
2375 4201 2623 4254 sanctus,
2655 4189 2879 4242 alteram
2912 4203 3016 4257 qua
3051 4190 3229 4243 anima
3250 4231 3267 4254 ,

1714 4257 1924 4310 tertiam
1966 4274 2068 4325 qua
2118 4258 2337 4324 spiritus
2371 4270 2587 4313 creatus
2638 4260 2690 4312 in
2730 4258 2944 4311 nomine
2988 4258 3054 4311 ab
3087 4259 3268 4314 anima

1712 4326 1957 4380 diversus
1986 4326 2336 4396 signiﬁcatur.
2370 4330 2556 4396 itaque
2583 4342 2684 4381 non
2722 4329 2873 4381 video
2903 4342 2999 4379 cur
3022 4327 3266 4383 clarissi-

1715 4411 1835 4467 nius
1872 4396 2044 4449 editor
2092 4396 2412 4467 Veronensis
2441 4399 2503 4450 ad
2538 4412 2599 4450 ea
2644 4396 2840 4467 verba,
2869 4412 2987 4465 quae
3027 4400 3108 4450 sic
3157 4400 3269 4467 ipse

1714 4464 1862 4533 legit,
1903 4483 1921 4515 ι
1954 4475 2007 4519 et
2033 4478 2256 4533 excepto
2287 4465 2488 4533 Spiritu
2519 4479 2723 4529 nostro,
2759 4484 2777 4516 ι
2806 4464 2919 4521 haec
2948 4464 3222 4521 adnotavit
3249 4485 3266 4523 :

1720 4481 1862 4587 tegit,
1903 4483 1921 4515 ι
1954 4481 2007 4519 et
2033 4481 2256 4533 excepto
2287 4481 2488 4533 Spiritu
2519 4481 2723 4529 nostro,
2759 4484 2777 4516 ι
2807 4481 2919 4521 ntec
2948 4481 3222 4521 adnatant
3249 4485 3266 4523 :

1720 4553 1739 4585 ‹
1803 4536 1978 4603 tisigni
2009 4550 2195 4589 errore
2224 4536 2351 4589 editi
2376 4536 2666 4607 iliactenus,
2700 4546 2753 4590 et
2796 4535 2995 4607 passim
3030 4551 3160 4590 mss.
3192 4538 3270 4590 le-

1711 4607 1907 4673 gebant
1933 4619 1947 4656 :
1982 4624 2000 4656 ι
2030 4616 2081 4657 et
2108 4615 2333 4673 excepto
2357 4606 2557 4672 Spiritu
2590 4617 2797 4670 sancto,
2828 4603 3057 4671 Spiritus
3083 4607 3219 4659 alius
3242 4625 3263 4660 ι

1710 4684 1813 4726 etc.
1851 4674 2136 4737 Substitui,
2166 4692 2184 4724 σ
2221 4675 2409 4741 spiritu
2440 4688 2643 4734 nostro.
2677 4692 2695 4724 ι
2731 4677 2795 4726 ad
2824 4674 3026 4727 codicis
3054 4673 3269 4743 Regina:

1712 4744 1890 4807 iidem,
1919 4745 2150 4797 maxime
2184 4758 2309 4796 vero
2338 4746 2402 4796 ad
2429 4756 2588 4798 rectae
2617 4743 2841 4796 rationis
2871 4756 3265 4809 argumentum,

1711 4823 1764 4867 et
1788 4814 1994 4867 Paulini
2017 4813 2307 4867 testimonii
2331 4827 2570 4869 sensum.
2610 4832 2630 4865 ι
2665 4814 2815 4878 Quod
2845 4812 2890 4866 si
2918 4812 3097 4879 opinio
3125 4829 3264 4877 mea,

1713 4894 1805 4936 aut
1837 4886 1991 4937 lectio
2016 4898 2174 4951 quam
2207 4894 2379 4945 tueor,
2404 4884 2809 4937 conﬁrmatione
2836 4883 3117 4950 indigeret,
3142 4897 3269 4938 can-

1712 4953 1918 5006 lirmari
1942 4954 2102 5005 etiam
2131 4961 2313 5019 posset
2337 4968 2401 5005 ex
2434 4951 2743 5020 Hieronymi
2787 4951 3188 5020 contttientariis
3214 4953 3271 5007 in

1711 5022 1979 5076 Danielem
2027 5018 2146 5089 Cap.
2210 5035 2291 5073 tu.
2348 5031 2476 5074 tom.
2538 5021 2602 5084 ν,
2639 5018 2776 5089 pag.
2835 5018 3081 5089 641.)Ιή
3129 5022 3270 5076 enim

1715 5037 1979 5076 uantetem
2027 5037 2146 5089 eap.
2210 5037 2291 5073 tit.
2348 5037 2476 5074 tom.
2548 5037 2602 5084 ν,
2654 5037 2719 5089 pa
2763 5060 2776 5073 .
2835 5037 2957 5072 on.
3009 5037 3081 5071 itii
3129 5037 3270 5076 enim

1715 5090 1772 5145 S.
1809 5094 2002 5145 Doctor
2048 5094 2188 5159 hunc
2234 5090 2405 5158 ipsum
2432 5127 2447 5152 ,
2476 5101 2532 5144 ut
2561 5106 2704 5149 reor,
2726 5037 2945 5157 iﬁdymi
2976 5087 3149 5142 locum
3184 5104 3271 5145 re-‘

1714 5162 1947 5230 Spiciens
1978 5162 2166 5215 scribit
2194 5177 2208 5213 :
2255 5178 2273 5209 ι
2311 5160 2451 5212 Sunt
2479 5161 2567 5230 qui
2617 5160 2779 5211 alium
2811 5160 2975 5211 velint
3003 5173 3122 5212 esse
3163 5162 3274 5228 spi-

1715 5228 1874 5284 ritum
1910 5231 1960 5283 iti
1997 5231 2243 5294 homine,
2272 5241 2496 5297 excepto
2526 5228 2725 5293 Spiritu
2755 5239 2943 5281 sancto
2967 5264 2983 5290 ,
3010 5240 3064 5281 et
3105 5230 3266 5283 aliam

1714 5314 1971 5353 annnam.
2019 5319 2038 5350 ι
2862 5351 2892 5359 η

1785 5370 1895 5439 (59)
1933 5369 2068 5422 Deus
2098 5370 2256 5422 novit.
2308 5368 2464 5422 Rom.
2502 5382 2620 5439 viii,
2666 5368 2755 5420 27.
2805 5367 2976 5421 Biblia
3029 5367 3226 5421 habent
3261 5387 3273 5421 :

1721 5456 1740 5489 ι
1772 5438 1885 5506 Qui
1915 5450 2187 5493 scrutatur
2227 5442 2411 5492 corda.
2445 5457 2464 5488 ι
2501 5438 2752 5508 Didymus
2783 5453 2909 5491 vero
2941 5453 3158 5491 sensum
3193 5440 3276 5491 ci-

1717 5518 1855 5571 tans,
1882 5524 1980 5577 pro
2012 5512 2093 5561 liis
2122 5510 2297 5562 verbis
2324 5509 2541 5561 adhibet
2572 5522 2764 5561 nomen
2799 5523 2818 5558 ι
2855 5509 3015 5562 Deus.
3057 5524 3076 5558 ι

1785 5579 1897 5648 (ἆυ)
1932 5578 2120 5648 Alteri.
2162 5579 2178 5631 l
2210 5579 2336 5648 Cor.
2367 5592 2466 5642 XII,
2502 5577 2555 5631 8.

1786 5643 1899 5720 (4t)
1939 5647 2035 5701 Cui
2085 5648 2261 5704 datur.
2315 5647 2583 5715 ReSpicit,
2628 5647 2843 5716 opinor,
2876 5646 3004 5701 Luc.
3054 5660 3153 5711 xii,
3186 5643 3280 5709 48.

1716 5719 1933 5775 sensum
1960 5719 2151 5785 citans,
2188 5735 2291 5775 non
2325 5720 2507 5773 verba.

2880 5874 2949 5929 3!
