3738 6350
438 268 537 322 an
567 345 572 348 _

1701 265 1936 324 DIDYMI
1981 269 2452 330 ALEXANDRINI
3545 281 3622 337 ιη

445 387 651 438 reddet.
702 382 806 438 Sed
861 381 1112 453 inquiunt
1153 382 1389 438 lueretici
1422 399 1434 436 :
1474 381 1708 452 Spiritus
1747 402 1763 435 ι
1792 392 2062 437 scrutatur
2085 384 2343 454 profunda
2377 384 2468 437 Dei
2496 399 2555 449 ;ι
2595 396 2726 454 ergo
2785 396 2847 437 ea
2917 384 3142 456 ignorat.
3209 386 3407 442 Verum
3457 391 3622 462 subjun-

445 478 523 530 xit
551 475 771 540 Paulus,
795 477 1044 532 eumdem
1082 490 1247 531 nosse
1276 490 1396 546 qua:
1430 475 1521 530 Dei
1555 484 1702 530 sunt.

516 571 580 623 At
609 584 737 623 vero
776 587 794 620 ι
833 568 1271 640 εεννιιε(42)ηοη
1300 568 1468 633 novit,
1496 567 1624 636 quid
1653 568 1816 623 faciat
1846 568 1999 623 domi-

2187 587 2205 618 ι
2229 567 2285 620 Ὀ
2307 587 2324 618 ι
2359 564 2465 634 γὰρ
2501 583 2518 615 ι
2539 563 2722 627 δοῦλος
2749 563 2847 617 οὑκ
2873 560 3030 625 οἶδεν,
3073 565 3128 617 τί
3154 569 3298 618 ποιεῖ
3328 568 3356 619 6
3375 566 3540 638 κύριος
3556 574 3622 624 αὑ.

445 673 549 712 nus
573 656 710 725 ejus.
749 676 768 710 ι
804 657 954 724 Quod
1009 667 1187 711 autem
1224 655 1454 712 scrutari
1477 671 1578 709 non
1598 671 1810 724 semper
1840 657 2014 712 valeat

442 765 709 816 (puerere,
741 748 1025 804 declarant
1084 751 1328 805 oracula.
1390 749 1524 803 Cum
1569 749 1710 804 enim
1758 748 1832 800 ait
1868 747 2012 801 Scri-

447 851 625 905 ιιιιιτθν
663 858 682 891 ι
720 840 1034 894 Scrutantes
1080 841 1220 912 (I3),
1271 842 1322 895 in
1367 839 1533 910 quod,
1569 839 1654 893 vel
1681 839 1839 908 quale
1877 848 2012 892 tem-

445 947 547 1000 pus
573 931 1018 986 manit‘estahalur
1046 931 1097 983 in
1126 932 1258 1000 ipsis
1293 930 1529 1000 Spiritus
1557 928 1778 990 Christi,
1817 946 1832 976 ν
1867 943 2010 981 seru-

448 1025 595 1078 tandi
625 1023 844 1078 verbum
872 1023 1138 1093 signiﬁcat
1174 1037 1436 1092 quaerere,
1466 1032 1522 1076 et
1551 1021 1786 1083 discere,
1822 1021 2010 1074 simili-

444 1124 533 1170 ter
577 1126 736 1184 atque
764 1130 884 1168 cum
917 1117 1033 1169 ait:
1077 1133 1096 1166 ι
1118 1114 1446 1169 Scrutamiui
1481 1112 1593 1183 (Ui)
1625 1111 1954 1182 Scripturas.
1985 1130 2002 1162 ι

443 1209 576 1261 Cum
603 1221 729 1260 vero
771 1207 1066 1276 Apostolus
1110 1206 1298 1260 scribit
1327 1206 1392 1260 de
1429 1206 1537 1260 Deo
1565 1214 1618 1258 et
1648 1205 1830 1267 Patre,
1865 1223 1882 1256 ι
1908 1203 2006 1270 Qui

444 1305 620 1349 autem
649 1294 764 1365 (45)
798 1304 1076 1349 scrutatur
1124 1295 1309 1357 corda,
1355 1293 1458 1348 scit
1497 1293 1628 1360 quid
1677 1293 1851 1362 sapiat
1894 1295 2010 1360 (aut

442 1387 729 1457 desideret)
779 1387 1034 1454 Spiritus,
1057 1387 1183 1455 quia
1219 1385 1514 1440 secundum
1560 1384 1726 1437 Deum
1771 1385 2009 1452 postulat

443 1494 542 1546 pro
594 1477 881 1543 sanctis“
941 1485 1031 1530 aut
1097 1493 1220 1531 cum
1301 1476 1354 1529 iu
1404 1492 1510 1529 xxx
1540 1475 1745 1544 psalmo
1790 1475 2006 1537 dicitur,

448 1588 467 1622 ι
497 1569 757 1638 Quoniam
793 1569 907 1640 (46)
944 1569 1201 1625 veritates
1234 1568 1469 1637 exquirit
1519 1568 1815 1633 Dominus;
1849 1585 1866 1617 ι
1909 1575 2002 1619 aut

446 1663 499 1714 in
532 1677 628 1726 vn,
690 1679 708 1712 ι
752 1660 1012 1715 Scrutans
1045 1660 1157 1729 (47)
1187 1660 1346 1714 corda
1397 1669 1449 1715 et
1482 1674 1637 1714 renes
1669 1659 1827 1723 Deus;
1859 1677 1877 1711 ι
1915 1666 2009 1712 aut

443 1752 570 1806 alibi
597 1769 611 1805 :
650 1769 668 1802 ι
698 1752 961 1806 Scrutans
990 1752 1103 1822 (48)
1133 1751 1500 1821 promptuaria
1532 1751 1770 1816 ventris;
1801 1770 1819 1803 ι
1856 1766 2008 1804 scru-

444 1829 590 1900 tandi
644 1849 864 1900 verbum
910 1861 1013 1898 non
1061 1845 1334 1915 signiﬁcat
1366 1844 1644 1913 inquirere
1694 1853 1748 1897 et
1772 1843 2000 1906 discere,

2112 659 2227 713 τοῦ.
2260 677 2278 710 ι
2335 659 2454 710 Ὅτι
2488 657 2543 709 δὲ
2584 656 2683 709 οὐκ
2710 656 2796 709 ἀεὶ
2840 656 2899 708 τὸ
2921 659 3144 726 ἐρευνᾷν
3175 657 3250 726 τῷ
3276 659 3452 726 ζητεῖν
3471 661 3623 730 ὅμοιον,

2110 750 2485 820 διασαιρηνίζει
2526 749 2595 802 τὰ
2629 748 2805 814 λόγια.
2845 747 3035 801 Ἡνίκα
3071 749 3168 818 μὲν
3202 751 3306 820 γάρ
3329 754 3623 820 προφητεύει,

2117 859 2137 892 ι
2159 841 2536 911 Ἐρευνῶντες,
2595 841 2675 902 εἰς
2708 839 2844 902 τίνα,
2877 838 2910 908 ἢ
2943 841 3094 890 ποῖον
3133 839 3322 910 καιρὸν
3351 839 3570 909 ἐδηλοῦτο
3587 845 3624 894 ἐν

2110 931 2293 993 αὐτοῖς
2324 928 2543 1001 Πνεῦμα
2573 928 2828 1000 Χριστοῦ,
2856 948 2872 977 ι
2911 927 2972 980 τὸ
3011 927 3190 998 ζητεῖν
3250 930 3344 982 καὶ
3397 930 3626 999 μανθάνειν

2108 1023 2274 1094 δηλοῖ,
2295 1021 2688 1094 παραπλησίως
2709 1019 2785 1091 τῷ
2812 1020 3020 1089 λέγοντι
3041 1036 3054 1050 ⁶
3084 1038 3102 1070 ι
3126 1021 3407 1092 Ἐρευνᾶτε
3429 1023 3516 1086 τὰς
3530 1024 3626 1095 Γρα-

2110 1115 2241 1183 φάς·
2270 1134 2287 1166 ι
2317 1115 2478 1184 ἡνίκα
2517 1114 2573 1168 δὲ
2635 1117 2664 1168 6
2705 1113 3023 1175 Ἀπόστολος
3050 1114 3232 1184 γράφῃ
3267 1116 3394 1186 περὶ
3428 1115 3510 1168 τοῦ
3533 1116 3628 1171 Θεοῦ

2109 1208 2202 1261 καὶ
2244 1206 2453 1278 Πατρός
2473 1223 2488 1238 ο
2555 1225 2573 1257 ι
2596 1207 2653 1259 '0
2675 1206 2730 1258 δὲ
2764 1205 2998 1278 ἐρευνῶν
3031 1206 3130 1268 τὰς
3188 1207 3430 1277 καρδίας,
3459 1202 3572 1262 οἶδεν
3592 1211 3627 1262 τί

2107 1300 2168 1353 τὸ
2194 1299 2444 1371 φρόνημα
2472 1299 2564 1352 τοῦ
2598 1298 2934 1368 Πνεῦματος,
2979 1299 3060 1351 ὅτι
3090 1297 3226 1350 κατὰ
3254 1299 3384 1351 Θεὸν
3417 1302 3628 1368 ἐντυγχάο

2107 1409 2186 1444 νει
2221 1391 2358 1462 ὑπὲρ
2387 1389 2586 1458 ἁγίων·
2611 1409 2630 1441 ι
2665 1388 2696 1459 ἢ
2745 1391 2802 1442 ἐν
2848 1390 2890 1443 λ’
2911 1388 3106 1460 ψαλμῷ
3133 1389 3306 1458 λέγει’
3343 1408 3361 1440 ι
3389 1391 3500 1442 Ὀτι
3535 1391 3628 1462 ἀΑη-

2109 1483 2258 1545 θείας
2283 1481 2501 1552 ἐκζητεῖ
2527 1479 2728 1550 Κύριος
2747 1497 2761 1512 ·
2789 1499 2808 1532 ›
2861 1481 2893 1550 ἦ
2926 1483 2984 1534 ὲν
3019 1481 3063 1544 ζ’
3084 1499 3097 1511 ’
3133 1500 3149 1532 ι
3175 1481 3410 1545 Ἐτάζων
3452 1483 3629 1551 καρδίας

2107 1574 2201 1626 καὶ
2245 1572 2474 1643 νεφροὺς
2526 1572 2554 1624 6
2604 1570 2736 1632 Θεός
2759 1588 2773 1602 ·
2804 1589 2822 1621 ι
2876 1571 3191 1642 ἢέτέρωθι·
3238 1590 3256 1620 ι
3282 1572 3531 1641 Ἐρευνῶν
3563 1589 3629 1624 τα-

2109 1666 2237 1734 μεῖα
2256 1663 2460 1726 κοιλίας
2480 1675 2491 1688 '
2517 1680 2535 1713 ι
2574 1661 2634 1714 οὑ
2665 1661 2726 1714 τὸ
2757 1661 3027 1728 ἐξετάζειν
3069 1663 3163 1715 καὶ
3195 1662 3501 1732 μανθάνειν,
3533 1663 3630 1714 ἀλλᾶ

2105 1756 2166 1808 τὸ
2215 1753 2638 1826 περιλαμϐάνειν
2668 1753 2768 1823 τὴν
2802 1753 3048 1824 καρδίαν,
3089 1753 3166 1815 ὡς
3209 1753 3374 1824 μηδέν
3419 1770 3510 1806 που
3537 1753 3629 1805 λαν-

2108 1844 2287 1896 θάνειν
2317 1843 2425 1895 τῶν
2483 1841 2701 1894 πώποτε
2728 1843 2864 1912 αὐτῇ
2894 1840 3322 1913 ἐνθυμηθέντων,
3350 1843 3382 1912 ἦ
3424 1844 3632 1912 νενοημέ-

442 1939 534 2012 sed
560 1935 1012 2006 comprehendere
1053 1935 1219 2008 438
1265 1951 1380 2001 cor,
1427 1935 1498 1989 ita
1535 1946 1594 1988 ut
1622 1935 1754 1989 nihil
1783 1951 1999 2004 usquam

2110 1950 2242 1986 νων·
2273 1931 2416 2003 ἅπερ
2441 1931 2534 1984 καὶ
2577 1931 2699 2000 δίχα
2725 1930 3084 2001 ὲξιχνιασμῶν
3132 1926 3273 1983 οἶδεν
3305 1933 3332 1983 6
3352 1930 3632 2001 καρδιογνώ-

442 2033 626 2084 eorum
681 2029 865 2091 lateat,
904 2043 1022 2097 quae
1058 2043 1294 2098 unquam
1343 2028 1410 2081 ab
1444 2027 1560 2095 ipso
1605 2027 1835 2096 cogitata
1880 2027 2006 2091 sint,

444 2132 533 2174 aut
564 2121 745 2174 animo
769 2128 978 2174 versata
1012 2120 1214 2172 fuerint
1243 2136 1255 2171 :
1283 2133 1510 2188 quaeque
1537 2117 1684 2172 novit
1706 2118 1866 2171 etiam
1892 2118 2008 2171 sine

443 2209 940 2280 izn'estigatiouibus
982 2209 1025 2262 is
1065 2209 1154 2278 qui
1199 2217 1280 2262 est
1322 2207 1562 2262 cordium
1623 2208 1889 2277 cognitor.
1948 2209 2004 2261 Si

441 2304 585 2358 enim
659 2311 987 2358 scrutantem
1057 2301 1346 2369 cujuslibet
1427 2301 1755 2370 cognitionis
1808 2315 2005 2369 eXper-

441 2405 547 2450 tem
579 2394 691 2464 (49)
728 2393 930 2448 indicat
961 2393 1243 2456 scrutatio,
1293 2391 1456 2446 Deum
1505 2407 1720 2462 quoque
1762 2391 2003 2445 invenie-

443 2502 561 2540 mus
612 2486 845 2542 scrutari
896 2486 1048 2553 quasi
1108 2485 1470 2552 ignorantem,
1535 2491 1590 2538 et
1643 2483 1878 2538 dedecus
1933 2483 2003 2547 ei,

442 2577 815 2632 luereticorum
838 2573 1052 2644 quidem
1078 2575 1363 2636 sententia,
1396 2572 1585 2627 aﬂeret
1616 2573 1760 2643 quod
1799 2573 1911 2644 (50)
1949 2573 2002 2627 in

442 2666 715 2733 Suphouia
770 2665 936 2718 veluti
989 2680 1085 2733 per
1139 2665 1509 2732 metaphoram
1570 2664 1637 2719 ab
1696 2663 2005 2719 hominibus

440 2759 735 2812 derivatam
767 2756 968 2810 dictum
1002 2767 1122 2809 est:
1159 2774 1176 2806 ι
1208 2753 1503 2811 Scrutabor
1546 2755 1658 2826 (51)
1705 2753 2001 2809 Jerusalem

439 2863 564 2900 eum
590 2847 832 2901 lucerna.
862 2865 881 2899 ι
919 2845 1047 2912 Qua:
1079 2846 1280 2898 locutio
1316 2861 1562 2914 magnam
1600 2846 1762 2899 habet
1794 2845 2003 2913 signiﬁ-

459 2939 726 2990 cationem
781 2939 1030 3006 potentia:
1077 2937 1238 2990 illius.
1287 2937 1569 2992 Scrutatur
1615 2951 1742 3006 ergo
1792 2937 2003 2992 divinus

443 3028 535 3083 Dei
566 3030 802 3097 Spiritus
841 3043 948 3083 non
988 3038 1044 3082 ut
1091 3029 1367 3098 ignorans,
1402 3029 1494 3082 sed
1527 3038 1585 3082 ut
1614 3027 1848 3098 Spiritus
1880 3030 1997 3092 Dei,

443 3129 632 3172 natura
697 3132 860 3170 unum
923 3133 1042 3170 cum
1105 3119 1219 3186 ipso
1279 3122 1566 3174 exsistens.
1634 3111 1998 3185 Quamobrem

2112 2039 2264 2093 στης.
2292 2022 2355 2074 Εἰ
2384 2019 2491 2091 γὰρ
2525 2020 2585 2072 τὸ
2611 2021 2719 2072 πᾶν
2746 2020 2844 2087 τῆς
2870 2017 3124 2087 γνώσεως
3142 2018 3218 2088 τῷ
3243 2019 3463 2088 ὲρευνᾷν
3483 2019 3634 2070 ἀπονεσ

2111 2113 2326 2184 μηθείη,
2353 2113 2448 2165 κα)⁸
2485 2109 2718 2183 ἐρευνῶν
2761 2111 2838 2171 ὡς
2875 2110 3082 2179 ἀγνοῶν
3125 2109 3475 2180 εὑρεθήσεται
3517 2109 3636 2161 καὶὸ

2107 2203 2258 2267 Θεὸς,
2293 2203 2387 2255 καὶ
2423 2201 2639 2267 ἀδοξίαν
2678 2201 2823 2271 αὐτῷ
2849 2199 2974 2272 [215
3009 2199 3061 2273 ὁ]
3095 2199 3214 2254 κατ’
3263 2199 3498 2263 ἐκείνους
3531 2200 3633 2251 οἴσει

2105 2292 2222 2346 τόδε
2252 2295 2309 2346 ὲν
2463 2291 2708 2363 Σοφωνίᾳ
2738 2291 2828 2344 ὑπ’
2859 2291 3043 2356 αὑτοῦ,
3071 2287 3181 2344 οἷον
3209 2290 3270 2343 τὸ
3293 2289 3401 2344 ἀπὸ
3445 2307 3636 2360 μεταφο-

2108 2387 2208 2458 ρᾶς
2227 2386 2336 2440 τῶν
2381 2383 2701 2456 ἀνθρώπων,
2747 2383 3066 2454 εἰρημένον·
3125 2402 3144 2434 ι
3169 2384 3525 2454 Ἐξερευνήσω
3560 2383 3635 2453 τὴν

2117 2478 2469 2550 Ἰερουσαλὴμ
2522 2477 2661 2549 μετὰ
2683 2477 2898 2548 λύχνου,
2923 2496 2940 2528 ι
2985 2478 3057 2530 Τὸ
3097 2478 3244 2548 ῥῆμα
3264 2477 3325 2530 τὸ
3353 2477 3546 2530 τοιοῦτο
3563 2477 3636 2546 τῆς

2103 2571 2382 2642 δυνάμεως
2406 2570 2568 2624 αὐτοῦ
2601 2569 2799 2642 πολλὴν
2825 2569 3112 2643 ἐργάζεται
3136 2571 3445 2641 σημείωσιν.
3488 2571 3637 2639 Ἐρευ-

2104 2665 2168 2734 νᾷ
2190 2659 2281 2717 οῦν
2304 2663 2364 2715 τὸ
2390 2662 2528 2716 θεῖον
2557 2662 2782 2732 Πνεῦμα
2829 2662 2922 2715 τοῦ
2979 2661 3136 2723 Θεοῦ,
3177 2663 3273 2731 οὐχ
3318 2662 3392 2725 ὡς
3422 2660 3636 2728 ἀγνοοῦν,

2103 2754 2216 2808 ἀλλ’
2260 2753 2334 2816 ὡς
2357 2755 2581 2825 Πνεῦμα
2630 2755 2723 2808 τοῦ
2752 2755 2885 2808 Θεοῦ
2912 2754 3186 2826 ἡνωμένον
3217 2753 3363 2824 αὐτῷ
3396 2757 3456 2824 τῇ
3483 2753 3636 2822 φύσει.

2105 2845 2265 2900 Ὅθεν
2291 2849 2319 2900 6
2338 2845 2659 2916 Ψαλμῳδὸς,
2683 2847 2742 2899 οὐ
2766 2845 3082 2898 διαστέλλων
3106 2845 3234 2898 αὐτὸ
3259 2845 3358 2916 τῆς
3372 2844 3544 2907 οὐσίας
3567 2844 3640 2895 καὶ

2102 2937 2354 3008 γνώσεως
2372 2936 2466 2990 τοῦ
2490 2937 2624 2990 Θεοῦ
2651 2938 2744 2990 καὶ
2765 2938 2996 3008 Πατρὸς,
3019 2936 3149 2988 αὐτὸ
3169 2937 3226 2988 δὲ
3257 2935 3448 3006 μᾶλλον
3471 2938 3638 2987 ἔνυττο-

2103 3029 2312 3091 στάτως
2354 3025 2487 3080 εἶναι
2517 3028 2614 3097 τὴν
2667 3028 2856 3095 σοφίαν
2884 3027 3045 3080 αὐτοῦ
3103 3027 3161 3078 ἐν
3195 3027 3294 3097 ἷσῳ
3316 3027 3405 3079 τοῦ
3436 3028 3644 3092 Μονογε-

2101 3119 2226 3182 νοῦς
2256 3118 2581 3180 ἀναπείθων,
2606 3117 2831 3188 ηὔχετο·
2897 3136 2914 3169 ι
2942 3117 3014 3170 Τὸ
3041 3116 3266 3187 Πνεῦμά
3313 3135 3404 3170 σου
3425 3118 3478 3169 τὸ
3505 3116 3642 3183 ἅγιον

430 3210 650 3264 Psaltes
702 3209 992 3264 essentiam
1049 3209 1124 3263 illi
1156 3225 1220 3264 ac
1267 3211 1544 3264 scientiam
1583 3210 1676 3264 Dei
1728 3223 1781 3266 et
1818 3210 1998 3266 Patris

2110 3211 2180 3283 μὴ
2204 3210 2495 3282 ἁντανέλῃς
2523 3209 2615 3263 ἀπ’
2663 3206 2827 3278 ὲμοῦο
2856 3227 2874 3260 ι
2912 3208 2971 3262 τὸ
3004 3209 3382 3263 ἀποκαλύπτον
3421 3227 3519 3281 μοι,
3558 3227 3642 3278 ετ,-

429 3317 549 3356 -nou
581 3303 876 3372 denegans,
912 3303 1020 3355 imo
1055 3301 1207 3355 illum
1259 3299 1435 3357 Patris
1481 3301 1825 3371 sapientiam,
1879 3319 1998 3373 qua:

2110 3304 2203 3368 τὶν,
2229 3301 2296 3355 τά
2317 3302 2485 3372 ἄδηλα
2513 3301 2607 3354 καὶ
2633 3300 2698 3353 τὰ
2728 3301 2933 3371 κρύφια
2956 3300 3055 3370 τῆς
3086 3301 3276 3369 σοφίας
3301 3317 3416 3354 σου.

442 3399 494 3452 in
518 3399 678 3454 Patre
703 3411 854 3467 :rque
888 3411 951 3451 ae
1009 3396 1326 3466 Uuigenitus
1390 3397 1694 3461 subsistat,
1764 3412 1884 3452 esse
1947 3396 2291 3460 conﬁrmans,
2348 3399 2428 3452 sic
2477 3397 2687 3451 oravit:
2729 3413 2748 3446 ι
2779 3394 3034 3462 Spiritum
3073 3393 3184 3466 (52)
3232 3404 3377 3450 tuum
3422 3404 3642 3449 sanctum

425 3505 509 3544 .ne
556 3492 770 3546 auferas
815 3503 845 3541 a
885 3502 1005 3540 me:
1039 3506 1058 3538 ι
1104 3502 1293 3554 nempe
1346 3488 1491 3543 illum
1547 3489 1838 3559 Spiritum,
1872 3489 1988 3555 ait,
2026 3489 2114 3558 qui
2142 3490 2270 3544 mihi
2313 3487 2514 3544 revelat
2546 3485 2752 3542 occulta
2785 3483 2895 3554 (55)
2926 3494 2980 3538 et
3005 3500 3203 3540 arcana
3235 3488 3502 3578 sapientia:
3530 3498 3641 3543 tua.

978 3606 1127 3662 CAP.
1173 3603 1457 3661 XXXVIII.

439 3751 445 3762 ,
511 3697 604 3752 Illa
677 3714 890 3770 quoque
951 3700 1167 3772 Christi
1212 3698 1352 3768 apud
1401 3698 1661 3754 Joannem
1714 3699 2002 3756 utilissima

433 3789 637 3854 verba,
671 3789 846 3844 «Cum
897 3791 1103 3845 venerit
1150 3773 1261 3861 (54)
1311 3787 1643 3852 Paraeletus,
1698 3804 1855 3858 quem
1904 3805 2003 3859 ego

441 3875 651 3929 mittam
703 3877 854 3931 vobis
885 3893 912 3929 a
941 3877 1100 3932 Patre
1135 3892 1256 3932 meo
1287 3878 1425 3948 (55),
1459 3876 1694 3946 Spiritus
1729 3878 1997 3944 veritatis,

427 3967 531 4036 qui
563 3983 592 4019 a
626 3966 784 4022 Patre
833 3969 1101 4036 procedit,
1137 3960 1242 4021 'ille
1287 3968 1649 4021 testimonium
1706 3965 2006 4036 perhibeliit

441 4074 506 4110 ne
541 4073 624 4112 me
649 4074 666 4122 ;
689 4077 706 4110 ι
746 4059 982 4129 itemque
1011 4059 1121 4124 illa,
1170 4058 1508 4113 «Paracletus
1539 4058 1647 4126 (56)
1675 4067 1851 4113 autem
1885 4058 2006 4128 Spi-

445 4150 580 4202 ritus
627 4159 866 4214 sanctus,
921 4167 1080 4216 quem
1131 4152 1306 4204 mittet
1348 4149 1511 4204 Pater
1538 4154 1588 4204 in
1621 4151 1836 4205 nomine
1862 4166 2003 4212 meo,

421 4235 532 4289 .ille
562 4249 656 4289 vos
685 4237 899 4291 docebit
956 4239 1159 4302 omnia,
1195 4248 1247 4291 et
1276 4239 1328 4291 in
1363 4239 1676 4292 memoriam
1733 4240 2006 4294 revocabit

426 4322 592 4377 --vobis
621 4327 820 4388 omnia,
858 4342 974 4394 quae
1005 4327 1112 4381 dixi
1158 4327 1331 4389 vobis,
1369 4345 1387 4376 ι
1444 4341 1693 4395 perverse
1733 4330 2004 4398 accipien-

445 4428 548 4480 tes,
604 4415 923 4487 suﬂragium
974 4428 1162 4473 contra
1231 4419 1490 4488 Spiritum
1532 4430 1776 4474 sanctum
1806 4425 2004 4476 ferunt.

425 4507 518 4564 Ita
553 4511 696 4564 enim
757 4510 870 4588 haac
938 4512 1194 4566 deberent
1253 4513 1520 4578 accipere.
1575 4520 1631 4564 ut
1685 4510 2002 4567 Paracletus

419 4600 622 4655 .dictus
655 4588 821 4656 fuerit
847 4608 940 4655 aut
966 4603 1090 4672 quia
1115 4613 1172 4655 ιιι
1193 4601 1338 4656 Deus
1369 4601 1784 4673 παρακαλεῖται,
1819 4603 1868 4657 id
1899 4613 2001 4669 est,

442 4691 724 4746 invocatur
751 4709 779 4746 a
801 4702 1072 4755 creatura,
1099 4702 1192 4746 aut
1225 4693 1348 4762 quia
1381 4693 1548 4761 ipsam
1577 4692 2002 4764 παραμυθεῖται,

423 4782 542 4837 :Jtoe
575 4792 660 4838 est
698 4784 1029 4847 consulatur,
1071 4793 1126 4837 et
1161 4784 1571 4838 oblectationem
1623 4785 1670 4836 ei
1717 4797 1778 4837 ac
1812 4798 1995 4853 pacem

2732 3608 2888 3660 ΚΕΦ.
2917 3606 3046 3661 ΑΠ’.

2174 3697 2286 3750 Καὶ
2313 3696 2411 3762 τὰς
2435 3698 2585 3769 παρὰ
2614 3697 2830 3769 Ἰωάννῃ
2859 3698 2917 3750 δὲ
2946 3695 3294 3760 διαλαλούσας
3317 3696 3407 3750 τοῦ
3431 3694 3647 3766 Χριστοῦ

2106 3790 2439 3858 πανωφελεῐς
2483 3789 2746 3851 συλλαϐάς
2765 3807 2778 3820 ο
2839 3809 2857 3841 ι
2883 3790 3048 3842 Ὀταν
3076 3787 3203 3859 ἔλθη
3239 3791 3266 3841 ὁ
3293 3787 3645 3860 Παράκλητος,

2103 3880 2161 3934 δν
2191 3880 2299 3950 ἐγὼ
2329 3881 2530 3951 πέμψω
2551 3882 2677 3952 ὑμῖν
2729 3879 2880 3950 παρὰ
2902 3881 2994 3933 τοῦ
3027 3880 3238 3951 Πατρός
3262 3897 3383 3950 μου,
3405 3878 3462 3932 τδ
3489 3875 3647 3932 Πνεῦ·

2108 3991 2185 4044 μα
2207 3973 2307 4043 τῆς
2344 3972 2620 4044 ἀληθείας,
2661 3973 2690 4025 ὃ
2726 3973 2876 4045 παρὰ
2919 3971 3012 4025 τοῦ
3041 3971 3254 4043 Πατρὸς
3293 3970 3645 4041 ἐκπορεύεται,

2104 4065 2310 4129 ἐκεῖνος
2338 4067 2670 4136 μαρτυρήσει
2698 4067 2824 4137 περ).
2845 4064 2976 4136 ἐμοῦ
3001 4083 3012 4095 ·
3044 4083 3062 4117 ι
3104 4063 3198 4117 καὶ
3245 4063 3402 4116 πάλιν
3427 4079 3442 4093 ο
3479 4081 3496 4112 ι
3518 4062 3569 4114 Ὀ
3596 4062 3649 4112 δὲ

2105 4156 2476 4228 Παράκλητος,
2506 4160 2567 4210 τὸ
2592 4156 2815 4228 Πνεῦμα
2841 4157 2903 4211 τὺ
2923 4157 3094 4225 ἅγιον,
3139 4156 3168 4209 ὃ
3193 4157 3397 4226 πέμψει
3420 4157 3447 4208 6
3473 4156 3648 4221 Πατὴρ

2103 4249 2160 4300 ὲν
2188 4247 2266 4318 τῷ
2291 4247 2511 4318 ὀνόματί
2542 4265 2666 4318 μου,
2689 4249 2896 4311 ἐκεῖνος
2927 4249 3072 4318 ὑμᾶς
3107 4247 3305 4313 διδάξει
3339 4248 3528 4308 πάντα,
3560 4246 3650 4296 καὶ

2105 4337 2404 4409 ὑπομνήσει
2444 4339 2586 4410 ὑμᾶς
2622 4339 2814 4400 πάντα.
2854 4339 2890 4392 ἃ
2918 4334 3070 4393 εἶπον
3121 4340 3277 4410 ὑμῖν·
3306 4358 3325 4389 ι
3373 4339 3471 4390 οὐκ
3514 4335 3650 4389 ἀδια-

2104 4427 2348 4499 στρόφως
2367 4427 2632 4497 δέχονται,
2675 4429 3171 4499 καταψηφιζόμενος.
3203 4427 3297 4482 τοῦ
3322 4427 3476 4494 ἁγίου
3499 4424 3652 4478 Πνεῦ-

2106 4533 2293 4585 ματος.
2337 4518 2480 4570 Ἀντί
2495 4517 2603 4588 γὰρ
2620 4518 2714 4570 τοῦ
2736 4521 2876 4572 νοεῖν
2899 4519 3274 4590 Παράκλητον,
3309 4519 3343 4589 ἢ
3366 4519 3453 4571 διὰ
3473 4517 3530 4569 τί.
3555 4531 3652 4566 πα-

2107 4607 2452 4679 ρακαλεῖσθαι
2477 4608 2551 4671 ὡς
2565 4608 2695 4662 Θεὸν
2718 4608 2866 4681 παρὰ
2886 4609 2987 4679 τῆς
3002 4609 3248 4672 κτίσεως,
3267 4609 3301 4680 ἢ
3318 4609 3403 4662 διὰ
3425 4609 3484 4660 τὸ
3499 4622 3655 4674 παρια-

2106 4697 2387 4768 μυθεῖσθαι
2402 4700 2590 4770 αὐτὴν,
2609 4700 2701 4754 καὶ
2721 4699 2986 4771 θυμηδίαν
3006 4702 3099 4753 καὶ
3118 4703 3338 4772 εἰρήνην
3358 4698 3651 4770 ἐμϐάλλειν⁸

2105 4788 2404 4860 συνώνυμοι
2432 4791 2539 4862 γὰρ
2585 4793 2642 4845 αἱ
2675 4791 2846 4857 λέξεις
2879 4793 2978 4864 τῆς
3000 4792 3394 4863 παρακλήσεως
3441 4791 3532 4842 καὶ
3555 4805 3657 4839 παο

438 4873 622 4936 infert,
656 4889 972 4944 synonyma:
1009 4874 1151 4929 enim
1205 4886 1331 4929 sunt
1380 4889 1538 4930 voces
1586 4873 1999 4948 παρακλήσεως,

2110 4881 2375 4952 ραμυθίας
2394 4881 2528 4934 εἰσίν
2547 4900 2560 4913 ο
2587 4883 2664 4946 ὡς
2683 4883 2914 4954 γράφει·
2947 4903 2966 4934 ι
2987 4885 3096 4938 Καὶ
3117 4885 3243 4947 τοὺς
3263 4883 3545 4943 ταπεινοὺς
3563 4876 3654 4930 τοῦ

510 5053 642 5124 (ﬁt
674 5053 897 5124 δίπους.
924 5050 1079 5124 Joau.
1112 5065 1215 5124 xv,
1242 5051 1310 5105 I5
1497 5123 1505 5124 ί
1547 5111 1557 5124 ο

509 5122 622 5191 (45)
660 5119 989 5176 Scrutantes.
1023 5121 1165 5191 EpJ
1201 5122 1342 5175 I’etr.
1375 5138 1413 5185 t,
1449 5123 1538 5179 41.

511 5190 624 5259 (44)
666 5192 1010 5245 δετωαηιὶιιί.
1048 5190 1203 5244 Joatt.
1238 5206 1288 5255 v,
1323 5192 1408 5244 59.

511 5259 624 5332 (45)
663 5260 766 5325 Qui
796 5273 1006 5332 autem:
1036 5262 1185 5314 Heiu.
1220 5277 1333 5322 \‘III,
1384 5261 1471 5312 27.

500 5329 624 5402 (46)
662 5332 944 5402 Quoniam.
977 5329 1119 5402 Psal.
1149 5347 1273 5394 xxx,
1332 5332 1395 5402 51
1439 5332 1553 5399 (seu
1585 5330 1698 5402 ει).

501 5401 622 5470 (Π)
667 5399 939 5454 Scrutaris.
985 5399 1129 5454 Psal.
1156 5416 1250 5464 vn,
1291 5400 1372 5454 10.

514 5469 624 5538 (48)
667 5471 945 5524 Scrutans.
990 5472 1145 5524 Prov.
1199 5488 1266 5524 xx
1313 5471 1404 5523 ‘27.
1451 5470 1637 5526 Graeca
1684 5471 1893 5527 editio:
1933 5472 1997 5536 ὃς

437 5539 642 5610 ,ἐρευνᾷ
671 5541 912 5610 ταμιεῖα.

503 5607 626 5680 (49)
662 5607 958 5678 Expulerit.
993 5607 1050 5662 lu
1074 5609 1267 5664 Graeco
1312 5610 1462 5664 deest
1504 5611 1676 5680 aliqua
1717 5613 1902 5676 dictio,
1941 5621 1998 5666 ut

437 5678 720 5749 legendum
763 5683 851 5743 sit,
883 5682 1113 5748 exempli
1145 5683 1335 5750 gratia,
1373 5682 1451 5751 μὴ
1479 5678 1867 5753 ἀπονεμηθείη,
1907 5694 1998 5737 aut

2105 5055 2208 5110 alio
2230 5057 2596 5115 simili.modo.

2173 5125 2286 5198 (50)
2317 5127 2490 5194 Quod.
2524 5129 3035 5198 Librariusrscripsit
3087 5133 3253 5184 οἴσει·
3287 5133 3349 5186 τὸ
3370 5132 3450 5187 δέ.
3478 5132 3658 5186 Eruen-

2104 5196 2246 5260 davi,
2268 5196 2334 5251 ac
2367 5199 2555 5267 scripsi
2583 5201 2716 5252 οίσει
2739 5197 2878 5252 τόδε.

2320 5267 2824 5343 S_cr_utabor._Soph.
2862 5283 2900 5334 I,
2923 5267 3169 5343 λῖν-(δεμ
3203 5271 3336 5343 I2).

2198 5335 2286 5407 52)
2329 5336 2606 5407 Spiritum.
2642 5335 2785 5392 Psa‘l.
2813 5354 2864 5399 ι..
2916 5339 2982 5391 12
3011 5335 3136 5403 (seu
3166 5342 3234 5395 15
3257 5335 3295 5407 ).

2200 5405 2290 5482 ξᾷ)
2333 5406 2575 5482 Qccultn.
2608 5409 2683 5482 Es
2712 5409 2900 5482 eodem
2925 5407 3076 5482 Psal:
3095 5409 3198 5482 Δι.,’ῖ
3225 5405 3362 5482 (sive
3380 5411 3462 5481 8).

2196 5477 2286 5544 54)
2328 5476 2458 5530 Cum
2500 5479 2709 5532 uenerit.
2737 5478 2891 5532 Joan.
2931 5493 3020 5543 xv,
3049 5478 3138 5532 26.

2176 5545 2291 5616 (55)
2335 5546 2472 5616 Ilico.
2509 5547 2665 5602 Deest
2694 5549 2807 5603 haec
2838 5564 2936 5602 vox
2975 5549 3029 5600 in
3059 5547 3271 5608 Bibliis.

2175 5615 2289 5686 (56)
2335 5615 2663 5672 Paracletus.
2695 5616 2850 5673 Joan.
2897 5633 3007 5681 xiv,
3043 5616 3132 5673 26.
