3758 6328
129 271 218 326 973

1159 258 1245 313 DE
1284 258 1652 314 TRINI'lA'll‘.
1690 259 1891 308 LIBER
1933 257 2252 313 TERTIUS.

3234 256 3333 313 971

126 381 242 437 λαοῦ
275 375 436 434 αὑτοῦ
466 372 850 445 παρεκάλεσεν.
883 390 900 422 ι
950 372 1059 425 Καὶ
1110 372 1142 442 ἡ
1175 371 1241 423 ὲκ
1278 370 1406 443 [214
1437 368 1491 439 o]
1515 385 1678 438 προσ-

1801 376 1839 415 tt
1879 365 2252 436 παραμυθίας,
2315 366 2542 436 ideoque
2573 365 2828 433 scriptum
2862 364 2994 421 fuit:
3026 364 3119 421 «Et
3160 366 3338 421 hnmio

128 476 258 527 ὠπου
285 467 393 523 τῶν
416 465 752 534 ἀξιωθέντων
777 462 876 532 τῆς
902 461 1251 533 παραμυθίας
1280 459 1440 531 φησίν
1461 476 1475 490 θ
1522 482 1537 509 ι
1565 460 1679 512 Κύ-

131 582 219 637 ριε,
248 560 385 615 κατὰ
443 558 506 610 τὸ
541 554 740 623 πλῆθος
767 553 873 607 τῶν
914 553 1113 605 ὀδυνῶν
1159 569 1258 623 μου
1307 554 1364 604 ὲν
1389 555 1453 621 τῇ
1488 551 1681 623 καρδίᾳ

132 672 218 724 μου
240 653 288 704 αδ
313 647 685 719 παρακλήσεις
710 661 803 696 σου
823 642 1094 713 εὖφραναν
1118 641 1215 713 τὴν
1240 642 1465 713 καρδίαν
1494 659 1594 713 μου
1618 659 1629 670 ·
1656 662 1674 694 ι

129 742 210 796 καὶ
236 738 387 793 παλιν
411 754 425 764 ·
501 754 521 787 ‹
558 734 801 796 Ἐδωκας
841 731 1176 802 εὐφροσύνην
1209 734 1287 795 εἰς
1330 731 1427 803 τὴν
1453 732 1680 803 καρδίαν

135 848 276 901 μου.»
325 826 434 880 Καὶ
463 824 542 888 ὡς
592 821 799 886 Παῦλος
848 819 1327 874 Θεσσαλονικεῦσιν
1360 820 1677 890 ὲπεύχεται’

136 940 151 971 ι
177 917 331 978 Αὐτὸς
369 915 423 968 δὲ
463 914 492 969 ὁ
532 912 732 983 Κύριος
784 910 939 981 ἡμῶν
977 908 1182 979 Ἰησοῦς
1238 909 1487 980 Χριστὸς,
1540 910 1681 962 καὶό

132 1012 245 1072 Θεὸς
287 1007 375 1060 καὶ
428 1005 619 1074 Πατὴρ
648 1001 1016 1073 παρακαλέσει
1073 1000 1227 1071 ὑμῶν
1257 1001 1354 1064 τὰς
1385 1001 1624 1072 καρδίας.
1656 1021 1674 1053 ι

132 1104 185 1155 Οἱ
212 1102 263 1153 δὲ
291 1099 409 1153 ἀντὶ
425 1097 518 1151 τοῦ
547 1096 687 1149 οὕτω
714 1096 875 1155 νοεῖν,
920 1092 1165 1160 λέγουσιν
1204 1093 1293 1145 διὰ
1339 1093 1399 1146 τὸ
1430 1111 1680 1165 παρακα-

133 1196 226 1247 λεῖν
260 1193 392 1263 ὑπὲρ
444 1190 615 1259 αὐτῆς
652 1184 963 1256 ὠνομάσθαι
1004 1183 1390 1255 Παράκλητονσ
1437 1184 1529 1238 καὶ
1583 1187 1681 1239 ξπ.

134 1287 354 1352 ἀγουσιν,
381 1284 463 1335 ὃτι
495 1280 590 1333 καὶ
619 1275 1019 1331 ἀποστέλλεται.
1058 1274 1217 1327 Ἀλλὰ
1243 1274 1455 1346 πρῶτον
1480 1277 1575 1347 μὲν
1602 1275 1681 1347 τῷ

136 1396 182 1431 τε
212 1374 339 1444 ἁγίῳ
389 1370 670 1440 Πνεύματι
703 1367 795 1421 καὶ
840 1364 920 1435 τῷ
961 1363 1073 1434 Υἱῷ
1125 1364 1393 1419 ἐπίκοινόν
1433 1368 1548 1418 ἐστι
1587 1366 1679 1419 τοῦ

135 1465 462 1537 Παρακλήτου
490 1462 551 1513 τὸ
572 1460 761 1529 ὄνομα,
798 1457 873 1520 ὡς
902 1456 994 1509 καὶ
1036 1458 1068 1525 ἡ
1096 1455 1257 1524 φύσις
1277 1473 1289 1485 ’
1320 1456 1460 1509 καθὰ
1501 1457 1679 1511 Ἰωάν-

136 1576 218 1629 νης
246 1556 513 1626 γέγραφεν
535 1550 724 1613 οὕτως,
762 1550 817 1601 ὲν
843 1547 940 1618 μὲν
963 1550 1081 1610 ταῖς
1120 1546 1467 1611 Καθολικαῖς·
1506 1566 1523 1598 ι
1542 1548 1681 1602 Ταῦ-

135 1667 192 1703 τα
220 1648 400 1718 γράφω
427 1645 578 1713 ὑμῖν,
614 1643 699 1694 ἵνα
731 1641 802 1711 μὴ
830 1640 1109 1711 ἁμάρτητε
1127 1655 1142 1670 ο
1170 1638 1263 1692 ἐὰν
1293 1639 1349 1693 δὲ
1386 1639 1478 1693 καὶ
1499 1642 1679 1712 ἀμάρ..

138 1734 313 1811 τίομεν,
362 1734 719 1807 Παράκλητον
775 1731 967 1801 ἔχομεν
997 1729 1131 1801 πρὸς
1181 1730 1269 1783 τὸν
1302 1730 1433 1784 Θεὸν
1475 1732 1680 1801 Ἰησοῦν

138 1831 345 1901 Χριστὸν
393 1828 623 1890 δίκαιον,
679 1824 771 1876 καὶ
817 1821 979 1884 αὐτὸς
1017 1820 1254 1891 ’ἱλασμός
1280 1823 1392 1875 ἐστι
1424 1824 1681 1894 περὶτῶν

141 1924 391 1998 ἁμαρτιῶν
435 1920 654 1991 ἡμῶν.»
711 1915 1069 1986 Ἐπιτήρησον
1095 1915 1151 1967 δὲ
1206 1914 1361 1977 τέως,
1396 1916 1681 1988 ὄτιΠαρά-

140 2018 309 2088 κλητον
340 2015 471 2085 πρὸς
491 2013 584 2065 τὸν
604 2010 733 2063 Θεὸν
754 2009 920 2061 εἰπὼν
964 2006 1167 2076 Ἰησοῦν
1196 2007 1445 2075 Χριστὸν,
1469 2006 1544 2079 τῷ
1572 2010 1681 2061 Πα-

145 2111 364 2180 ρακλήτῳ
387 2107 484 2177 τὴν
515 2101 761 2170 ἐξουσίαν
789 2100 1101 2168 ἀπένειμεν,
1143 2098 1216 2162 ὡς
1238 2099 1398 2152 αὐτοῦ
1429 2118 1677 2171 παρακα-

142 2202 371 2271 λουμένου
392 2217 404 2229 ο
439 2216 457 2249 ι
481 2195 675 2258 Αὐτὸς,
720 2193 849 2263 γὰρ,
875 2209 893 2242 ι
930 2191 1111 2261 φησιν,
1152 2207 1170 2237 ι
1193 2189 1417 2261 ἱλασμός
1448 2193 1593 2245 ἐστιν
1622 2210 1672 2244 ἰ

143 2286 342 2340 ϊνόὖτω
383 2286 476 2339 καὶ
528 2283 590 2336 τὸ
630 2278 971 2347 αὐτεξούσιον
1002 2278 1096 2331 τοῦ
1132 2279 1487 2350 Παρακλήτου
1508 2281 1677 2353 δείξῃ,

146 2381 223 2433 καὶ
246 2382 316 2443 εἰς
342 2378 435 2449 τὴν
469 2376 599 2448 μίαν
623 2373 850 2443 θεότητα
886 2370 975 2423 τὸν
1000 2369 1223 2440 ἱλασμὸν
1250 2371 1518 2445 ἀναγάγῃ.

1782 461 1858 515 les
1920 459 2032 531 (57)
2102 460 2279 529 populi
2331 460 2410 514 sui
2453 457 2561 532 (38)
2612 459 3046 531 παρεκάλεσεν,ι
3088 458 3252 530 439
3284 460 3337 514 id

1779 561 1883 614 est,
1912 551 2248 604 «consolatus
2270 559 2405 605 est.»
2428 550 2494 605 Et
2525 567 2590 605 ex
2620 564 2846 621 persona
2877 551 2987 620 (59)
3014 565 3223 615 eorum,
3248 548 3340 617 qui

1781 641 2089 710 hujusmodi
2137 642 2564 695 consolationem
2600 650 2726 695 sunt
2759 641 3055 703 consecuti,
3084 641 3159 695 ait
3193 641 3343 695 Psal-

1782 742 1904 788 tes:
1943 750 1961 784 ι
1991 733 2215 787 Domine
2246 732 2378 805 (60),
2420 734 2714 788 secundum
2758 733 3147 788 multitudinem
3193 733 3344 789 dolo-

1782 840 1897 877 rum
1930 840 2171 879 meorum
2203 827 2254 879 in
2306 826 2469 879 corde
2504 840 2622 879 meo
2648 827 2703 877 αἱ
2739 825 3112 897 παρακλήσεις
3136 825 3209 896 (id
3233 833 3338 889 est,

1780 915 2181 985 consolationes)
2230 924 2331 969 tua:
2374 914 2781 968 laatilicaverunt
2813 930 2905 967 cor
2931 929 3105 968 meum
3140 913 3335 983 (61);ι

1781 1018 1834 1061 et
1871 1024 2096 1062 rursus:
2140 1026 2157 1059 ι
2187 1007 2391 1063 ΒριΙὶειί
2425 1008 2538 1077 (69)
2568 1007 2807 1061 ist-titiam
2845 1006 2896 1059 in
2937 1007 3100 1061 corde
3130 1020 3281 1069 meo;
3315 1021 3335 1054 ο

1781 1109 1833 1153 et
1858 1098 2053 1154 Paulus
2077 1099 2651 1153 Thessalonicensibus
2687 1098 2801 1153 hac
2831 1105 3081 1165 precatur
3111 1112 3126 1152 :
3173 1113 3193 1148 ι
3222 1094 3342 1164 Ipse

1782 1190 1893 1259 (65)
1925 1203 2102 1243 autent
2136 1189 2394 1244 Dominus
2426 1200 2605 1244 noster
2635 1190 2787 1245 Jesus
2825 1190 3096 1252 Christus,
3123 1198 3177 1242 et
3200 1188 3341 1243 Deus

1783 1294 1844 1334 ac
1878 1264 2037 1334 Pater
2068 1280 2441 1352 παρακαλέσει
2486 1281 2559 1351 (id
2603 1291 2705 1346 est,
2751 1281 3123 1349 consolabitur)
3178 1282 3338 1335 corda

1784 1385 2031 1428 vestra.)
2095 1374 2163 1426 At
2220 1388 2347 1426 vero
2380 1371 2478 1440 ipsi
2540 1387 2642 1426 non
2715 1372 2786 1426 ita
2824 1373 3117 1441 intelligunt
3181 1372 3337 1426 allata

1779 1462 2001 1517 Joannis
2026 1466 2185 1516 verba
2212 1504 2227 1523 .
2265 1464 2358 1517 sed
2393 1464 2564 1527 aiunt,
2600 1464 2854 1531 Spiritum
2901 1472 3146 1517 sanctum
3181 1478 3340 1517 Vora-

1780 1561 1893 1606 tum
1957 1552 2122 1607 fuisse
2186 1551 2552 1614 Paracletum,
2609 1555 2733 1622 quia
2784 1553 3091 1624 παρακαλεί
3137 1554 3213 1623 (id
3256 1566 3339 1607 est

1782 1642 2015 1708 invocat,
2070 1652 2162 1695 aut
2218 1640 2484 1713 hortatur)
2545 1658 2641 1713 pro
2699 1644 2809 1713 ipsa
2856 1653 3337 1713 creatura;atque

1787 1733 1913 1787 illud
1951 1734 2173 1802 insuper
2207 1735 2429 1797 addunt,
2467 1748 2591 1788 eum
2630 1747 2819 1804 nempe
2847 1735 3009 1789 etiam
3041 1734 3201 1789 mitti.
3233 1734 3337 1795 Sed

1779 1826 2018 1895 primunt
2068 1826 2283 1895 quidem
2333 1840 2454 1877 cum
2510 1824 2729 1893 Spiritui
2784 1834 2993 1889 sancto,
3047 1835 3158 1879 tum
3204 1824 3343 1879 Filio

1789 1932 2081 1971 commune
2130 1927 2212 1971 est
2256 1915 2368 1986 (64)
2405 1916 2668 1970 Paracleti
2722 1932 2935 1981 nomen,
2979 1918 3120 1972 sit-ut
3155 1916 3337 1971 eadem

1784 2008 2161 2077 estutriusquc
2181 2017 2395 2073 natura,
2420 2007 2571 2077 juxta
2604 2022 2665 2061 ea
2704 2022 2822 2076 quae
2840 2006 3071 2063 Joannes
3102 2010 3339 2077 scripsit.

1787 2100 1919 2155 Nam
1985 2101 2037 2153 in
2095 2097 2370 2154 Catholica
2431 2098 2646 2168 quidem
2712 2099 2942 2167 Epistola
3006 2099 3124 2153 ait:
3167 2099 3342 2155 «Hmc

1786 2191 1964 2244 scribo
2020 2188 2132 2260 (65)
2177 2187 2347 2250 vobis,
2398 2196 2457 2240 ut
2494 2198 2596 2240 non
2640 2187 2873 2256 peccetis
2918 2203 2933 2239 :
2989 2188 3035 2241 si
3084 2198 3259 2241 autem
3289 2200 3347 2242 et

1786 2278 2188 2349 pet-caverimus
2252 2276 2409 2348 (66),
2482 2275 2820 2331 Paracletum
2889 2278 3144 2333 habemus
3202 2280 3345 2348 apud

1788 2373 1952 2426 Deum
1992 2370 2125 2441 (67),
2161 2367 2343 2425 Jesum
2379 2369 2653 2423 Christum
2676 2369 2904 2438 justum,
2933 2379 2987 2424 et
3017 2371 3132 2438 ipse
3163 2372 3343 2439 propi-

147 2472 273 2526 tiatio
319 2480 400 2525 est
450 2483 547 2539 pro
596 2467 833 2536 peccatis
868 2465 1083 2519 nostris.
1143 2481 1162 2515 ι
1200 2463 1346 2530 (Illud
1421 2480 1550 2522 vero
1597 2484 1739 2524 nunc
1813 2468 2060 2529 observa,
2109 2462 2249 2531 quod
2298 2471 2578 2532 postquam
2630 2461 2958 2515 Paracletum
3001 2464 3138 2531 apud
3180 2464 3343 2517 Deum

149 2560 454 2615 dixitlesum
476 2557 779 2617 Christum,
816 2556 989 2611 eidem
1032 2554 1312 2610 Paracleto
1347 2565 1666 2627 potestatem
1704 2576 1767 2615 ac
1828 2554 2247 2610 dominationem
2312 2554 2517 2617 tribuit,
2549 2562 2800 2621 tanquam
2829 2554 2878 2608 ei
2903 2555 2995 2623 qui
3021 2556 3335 2618 invocatur;

154 2651 286 2720 «Ipse
313 2652 468 2713 enim,
529 2648 824 2715 aiuquit,r
881 2655 965 2699 est
1022 2646 1333 2716 propitiatio
1387 2664 1452 2700 τι
1488 2658 1543 2701 ιιι
1577 2666 1767 2720 nempe
1809 2653 1909 2703 hac
1976 2646 2183 2700 ratione
2241 2652 2296 2698 et
2356 2652 2675 2713 potestatem
2749 2642 3009 2700 Paracleti
3071 2648 3341 2718 propriam

151 2745 398 2804 ostendat,
457 2748 510 2794 et
557 2738 992 2809 propitiationem
1053 2738 1118 2789 ad
1188 2752 1346 2790 unam
1408 2740 1659 2794 deitatem
1702 2741 1914 2796 referat.

206 2837 301 2889 Καὶ
332 2834 484 2888 πάλιν
509 2836 567 2886 ἐν
589 2831 902 2902 Εὑαγγελίῳ
928 2830 1034 2885 ἀπὸ
1060 2830 1151 2884 τοῦ
1173 2831 1439 2885 Δεσπότου
1466 2849 1479 2861 ·
1520 2853 1537 2884 ι
1562 2834 1678 2888 Ἐὰν

1860 2833 2067 2888 Rursus
2115 2842 2321 2899 autem,
2361 2831 2413 2884 in
2451 2831 2737 2900 Evangelio
2771 2846 2840 2893 ex,
2868 2845 3096 2900 persona
3127 2834 3336 2889 Domini

152 2926 365 2995 ἀγαπᾶτέ
393 2943 478 2997 με,
526 2923 629 2987 τὰς
660 2922 874 2987 ἐντολὰς
911 2922 1009 2986 τὰς
1056 2922 1193 2994 ipa;
1214 2925 1508 2994 τηρήσατε,
1531 2926 1678 2995 κάγὼ

1801 2927 1897 2979 ait:
1935 2942 1954 2975 ι
1980 2924 2033 2979 Si
2070 2923 2288 2993 diligitis
2330 2920 2440 2992 (68)
2486 2936 2592 2985 me,
2644 2922 2895 2977 mandata
2958 2939 3072 2978 mea
3111 2937 3344 2986 servate.

151 3019 375 3089 ἐρωτήσω
402 3018 490 3071 τὸν
514 3015 755 3086 Πατέρα,
785 3016 879 3071 καὶ
934 3014 1088 3069 ἄλλον
1145 3017 1497 3089 Παράκλητον
1527 3017 1678 3072 δώσει

1801 3025 1844 3068 ιιι
1874 3030 1974 3084 ego
2000 3015 2197 3084 rogabo
2232 3013 2471 3076 Patrem,
2518 3022 2569 3067 et
2619 3013 2779 3066 alium
2827 3011 3156 3069 Paracletutn
3198 3018 3348 3071 dabit

153 3110 278 3179 ὑμῖν,
308 3110 388 3163 ἵνα
416 3109 552 3181 μένῃ
607 3106 723 3177 μεθ’
745 3105 899 3176 ὑμῶν
928 3107 1007 3168 εἰς
1030 3106 1120 3158 τὸν
1151 3106 1341 3172 αἰῶνα,
1373 3107 1432 3159 τὸ
1463 3108 1678 3179 Πνεῦμα

1801 3107 1963 3169 vobis,
2001 3116 2060 3159 ut
2093 3114 2304 3160 maneat
2340 3105 2610 3159 vobiscum
2668 3106 2719 3160 in
2765 3107 3040 3174 saeculum,
3082 3109 3342 3178 Spiritum

152 3202 234 3271 τῆς
278 3200 538 3273 ἀληθεῐας,
574 3199 604 3251 ὃ
635 3200 663 3251 ὁ
693 3198 895 3267 κόσμος
923 3196 983 3249 οὐ
1039 3195 1259 3250 δύναται
1288 3196 1489 3262 λαϐεῖν,
1514 3199 1593 3251 ὅτι
1625 3200 1678 3251 οὐ

1801 3196 2080 3262 veritatis,
2118 3210 2278 3265 quem
2325 3198 2554 3251 mundus
2591 3210 2695 3251 non
2730 3208 2903 3266 potest
2923 3201 3190 3267 accipere,
3223 3202 3348 3270 quia

154 3290 320 3361 θεωρεῖ
342 3291 485 3355 αὐτὸ,
510 3289 636 3343 οὐδὲ
677 3286 931 3356 γινώσκει
954 3286 1087 3339 αὐτό
1108 3303 1121 3318 ·
1147 3287 1302 3356 ὑμεῖς
1324 3287 1380 3340 δὲ
1396 3287 1678 3355 γινώσκετε

1801 3302 1907 3342 non
1956 3288 2103 3342 videt
2152 3303 2315 3355 eum,
2376 3302 2475 3342 nec
2530 3290 2804 3359 cognoscit
2860 3305 3004 3345 eum.
3061 3290 3167 3347 Vos
3222 3308 3353 3347 vero

157 3378 281 3440 αὐτὸ,
310 3380 384 3431 ὅτι
436 3378 567 3449 παρ’
598 3377 725 3448 ὑμῖν
770 3376 944 3446 μένει,
1001 3376 1093 3429 καὶ
1120 3377 1179 3429 ὲν
1213 3376 1340 3446 ὑμῖν
1369 3376 1539 3432 ἔσται.
1580 3379 1678 3431 Οὐκ

1801 3380 2118 3447 εοίιιιοεείιίσ
2150 3381 2320 3445 illum,
2357 3381 2481 3450 quia
2511 3383 2650 3451 apud
2678 3398 2771 3438 vos
2797 3392 2997 3447 manet,
3036 3394 3090 3439 et
3113 3386 3162 3439 in
3195 3388 3349 3440 vobis

156 3468 317 3539 ἀσήσιι)
338 3470 473 3539 ὑμᾶς
497 3468 628 3541 (214
650 3468 702 3541 b]
732 3467 999 3538 ὀρφανούς
1023 3483 1037 3497 ·
1070 3466 1298 3537 ἔρχομαι
1317 3468 1452 3539 πρὸς
1479 3470 1621 3539 ὑμᾶς
1639 3484 1678 3521 ἰ

1801 3471 1923 3524 erit.
1962 3472 2080 3526 Non
2110 3471 2410 3542 relinquam
2444 3487 2539 3526 vos
2570 3474 2840 3542 orphanos
2864 3492 2879 3528 :
2908 3475 3065 3530 venio
3093 3480 3158 3529 ad
3184 3492 3299 3535 vos.
3325 3495 3347 3528 ι

159 3558 287 3613 ἄλλον
306 3560 654 3632 Παράκλητον
680 3560 879 3630 φήσας,
919 3558 979 3610 οὐ
1016 3558 1133 3610 κατ’
1157 3557 1364 3625 οὐσίαν,
1396 3559 1531 3612 ἀλλὰ
1574 3558 1693 3614 καθ’

218 3803 313 3871 (57)
360 3805 422 3857 Et
458 3805 701 3860 humiles.
735 3803 849 3857 Non
886 3812 1101 3857 exstant
1136 3800 1251 3856 hzec
1297 3802 1458 3857 verba
1489 3804 1540 3857 in
1584 3802 1687 3857 La-

165 3870 267 3925 tinis
298 3870 496 3930 'Bibliis.
527 3873 715 3928 Graeca
742 3874 905 3927 editio
931 3888 993 3926 ea
1044 3873 1204 3926 habet
1242 3873 1344 3927 lsa.
1399 3888 1521 3925 XLIX
1544 3913 1558 3934 ,
1592 3873 1682 3926 15.

165 3942 333 4012 _Auctor
370 3954 536 3997 tamen
571 3944 691 3996 libri
738 3944 894 4012 primi
925 3941 1170 4012 hlachab.
1211 3957 1331 4010 cap.
1376 3956 1488 4003 xw,
1538 3943 1680 4012 hunc

167 4007 285 4063 Isaiae
309 4014 467 4067 locum
492 4007 832 4068 imitatus—ait
856 4011 1019 4081 ινΚαὶ
1045 4012 1171 4081 ὲστή
1182 4007 1293 4077 ριξὲ
1326 4012 1528 4074 πάντας
1553 4011 1679 4073 τοὺς

162 4084 407 4146 ταπεινοὺς
440 4084 531 4136 τοῦ
575 4082 706 4135 λαοῦ
745 4080 930 4145 αὑτοῦ,
967 4084 1016 4135 id
1041 4091 1142 4139 est,
1164 4080 1227 4134 ut
1260 4082 1448 4149 legitur
1474 4082 1522 4134 in
1554 4081 1682 4134 Vul-

168 4158 262 4267 gatla
285 4153 518 4233 editione,
568 4170 586 4203 ι
626 4153 689 4205 Et
722 4153 1061 4206 conﬁrmavit
1099 4165 1290 4206 omnes
1326 4150 1554 4205 humiles
1583 4166 1680 4220 po-

168 4230 221 4267 Du
245 4236 252 4266 I
278 4236 365 4267 sul-
401 4240 418 4267 ι
491 4234 500 4242 ·

168 4222 252 4281 puli
278 4222 365 4274 sui.
401 4240 418 4273 ι
491 4234 500 4242 ’

224 4287 318 4355 (58)
346 4289 519 4345 8ιιὶ.1ιι
537 4292 675 4345 libro
700 4290 771 4344 De
793 4288 994 4354 Spiritu
1018 4300 1219 4354 sancto,
1249 4303 1396 4342 num.
1420 4286 1511 4353 28,
1535 4287 1678 4341 edita

170 4359 447 4426 exetnplaria
493 4377 599 4417 non
650 4361 854 4414 habent
918 4360 1055 4414 hanc
1102 4373 1286 4414 vocem
1332 4376 1346 4410 :
1404 4359 1496 4411 sed
1556 4373 1675 4411 eam

172 4424 310 4479 habet
338 4442 506 4484 noster
534 4431 700 4485 codex
720 4470 734 4493 ,
766 4432 891 4483 item
920 4438 977 4481 ut
1004 4428 1194 4484 Biblia.
1227 4448 1245 4479 ι
1275 4426 1522 4483 Salvator
1548 4442 1675 4495 quo-

172 4504 274 4572 que,
307 4498 375 4551 ait
418 4501 485 4553 ibi
516 4501 800 4572 Didymus,
830 4499 1250 4552 consolationem
1273 4536 1289 4561 ,
1329 4513 1359 4553 e
1399 4513 1504 4566 qua
1546 4496 1671 4565 Spi-

174 4570 282 4617 ritus
313 4580 516 4638 sanctus
546 4589 567 4621 ‹
614 4570 927 4624 Paracletus
955 4586 976 4619 ι
1016 4575 1350 4638 nuncupatus
1387 4577 1513 4638 est,
1550 4582 1676 4634 ope-

173 4641 294 4687 ratur
326 4637 373 4706 in
397 4641 646 4694 cordibus
678 4654 865 4693 eorum
888 4639 976 4705 qui
998 4652 1061 4690 ea
1094 4636 1331 4706 indigent
1360 4654 1375 4691 :
1413 4636 1672 4703 scriptum

175 4705 396 4779 esLetum
428 4726 443 4779 ι
474 4727 492 4761 ι
543 4710 605 4762 Ει
633 4708 861 4779 humiles
890 4704 1067 4779 pepuli
1098 4704 1241 4779 {cod}
1282 4714 1466 4779 noster
1489 4706 1637 4779 addit
1657 4744 1672 4768 ,

176 4769 259 4845 §ui]
278 4778 559 4833 consolatus
590 4789 691 4833 est.
733 4794 751 4828 ι
783 4769 936 4831 Unde
957 4769 1079 4830 etis
1099 4769 1200 4845 ‘qui
1225 4776 1327 4830 hoc
1359 4775 1673 4828 beneﬁcium

179 4837 703 4915 fueratpconsecutus,
755 4862 879 4901 eum
912 4837 1614 4915 pradicans,_loquebatur
1656 4857 1672 4895 :

182 4921 196 4953 ι
223 4908 419 4970 Domine
438 4954 454 4980 ,
503 4908 793 4973 secundum
836 4908 1229 4969 multitudinem
1256 4908 1500 4968 dolorum
1529 4927 1678 4965 meo-

178 4989 272 5031 rum
295 4982 339 5035 in
373 4988 523 5041 corde
578 5002 699 5040 tneo
728 4984 1126 5041 consolationes
1147 4993 1249 5037 tua:
1275 4985 1678 5037 laetiﬁcaveruut

178 5057 253 5117 φτ
289 5065 445 5107 meum
468 5094 482 5117 .
509 5074 528 5108 ι
560 5057 689 5114 sive.
732 5074 751 5105 ί
786 5055 1089 5108 dilexerunt
1120 5054 1353 5107 animam
1397 5066 1592 5104 tueam.
1654 5069 1672 5099 ι

182 5112 378 5193 vimque
412 5112 545 5180 enim
593 5112 849 5193 scriptum
908 5137 1029 5177 esse
1070 5122 1287 5193 [nomen
1339 5122 1512 5193 codex
1566 5134 1677 5193 (non

182 5182 322 5268 habet:
348 5205 520 5249 vocem
540 5235 558 5261 ,
587 5182 721 5267 esse]
748 5195 905 5249 modo
935 5194 991 5247 in
1027 5182 1256 5248 diversis
1287 5190 1682 5259 exemplaribus

182 5266 425 5313 Invenitur.
465 5283 483 5315 ι

196 5387 206 5403 ,
237 5322 328 5394 (59)
348 5328 423 5404 _Et
449 5348 507 5387 ea:
532 5350 769 5404 persona.
800 5331 981 5404 Codex
1012 5329 1170 5404 habet
1200 5348 1211 5383 :
1245 5330 1338 5383 xu).
1368 5330 1481 5399 ἡὲκ
1519 5344 1682 5402 προσ-

182 5396 317 5476 ώτφξξς
346 5396 627 5476 ιιςςθιιᾶυιιι
659 5421 685 5476 ί
703 5403 799 5476 καὶ
904 5404 968 5454 ὲκ
989 5400 1297 5476 προσώπῳ).

242 5464 333 5533 l6“)
378 5464 601 5530 Domine.
658 5473 803 5528 Psal.
838 5464 1003 5536 "xcm,
1033 5464 1047 5472 ’
1074 5473 1164 5525 19.
1231 5471 1353 5526 Haec
1418 5485 1541 5536 vox,
1567 5469 1683 5525 Κύ-

186 5542 267 5645 ειει.
308 5538 544 5595 omittitur
592 5547 644 5597 in
672 5543 855 5597 Graeca
894 5542 1130 5596 editione
1177 5551 1234 5596 et
1270 5542 1321 5595 in
1349 5540 1553 5595 Latinis
1588 5541 1681 5592 Bi-

215 5598 552 5645 Ιιιιι-1ιὶιιυ.η..ε
579 5628 708 5645 ..ο-η
750 5627 867 5645 mm
918 5612 1038 5645 Im:-
1089 5615 1251 5645 mer
1306 5612 1440 5645 lilu-n
1476 5610 1544 5645 ηρ
1590 5609 1657 5645 ς..

215 5598 294 5653 his.
325 5605 555 5679 Didymus
579 5628 708 5667 vero
750 5627 869 5667 eam
914 5612 1044 5677 legit
1089 5615 1251 5666 etiam
1305 5612 1440 5667 libro
1470 5610 1544 5664 De
1587 5609 1678 5675 SP-

189 5679 333 5725 sancto
357 5676 608 5737 iit—verbis
636 5698 754 5752 qua
780 5684 938 5737 modo
966 5676 1141 5738 attuli.
1682 5709 1690 5720 ·

1803 3560 1903 3617 Ubi
1952 3561 2116 3634 m
2161 3563 2324 3617 alium
2371 3562 2704 3619 Paracletnm
2738 3565 2889 3631 dicit,
2919 3581 3024 3619 non
3058 3570 3352 3622 secundum

1855 3805 1965 3870 (6|)
1996 3804 2102 3859 Cor
2129 3822 2318 3859 meum.
2349 3805 2517 3859 Biblia
2570 3817 2677 3859 tum
2733 3804 2942 3868 Grawa,
2998 3806 3105 3861 tum
3160 3807 3350 3863 Latina

1786 3870 2000 3946 habent,
2040 3874 2139 3945 τὴν
2165 3875 2342 3946 ψυχήν
2381 3892 2503 3946 μου,
2540 3876 2590 3928 id
2620 3882 2725 3946 est?
2752 3876 3035 3946 ιναιιὶιιιιιιιι
3095 3892 3288 3946 nteant.
3323 3897 3343 3929 ι

1788 3944 2041 4013 Didymus
2069 3944 2121 3998 in
2158 3960 2222 3999 eo
2244 3944 2439 4009 etiam,
2474 3960 2629 4014 quem
2679 3945 2807 4005 dixi,
2858 3946 2972 3998 loco
3010 3945 3156 4014 legit,
3203 3965 3222 3997 ι
3255 3962 3353 4002 cor

1785 4028 1982 4074 meum.
2017 4032 2039 4066 ι
2080 4015 2181 4068 etsi
2213 4015 2435 4069 alterius
2469 4016 2712 4069 lectionis
2742 4015 3060 4069 mentionem
3094 4015 3277 4070 faciat.

1855 4083 1984 4154 (62).
2009 4084 2227 4137 Dedisti.
2287 4083 2424 4154 Psal.
2492 4099 2562 4147 tv,
2624 4085 2672 4138 7.
2739 4083 2793 4137 In
2856 4084 2991 4138 libro
3052 4086 3213 4138 etiam
3272 4086 3350 4141 De

1784 4152 1879 4220 Sp.
1912 4166 2112 4220 sancto,
2136 4169 2285 4208 num.
2312 4152 2404 4215 25,
2442 4155 2505 4207 de
2546 4155 2914 4208 consolatione
2940 4169 3003 4208 ac
3061 4155 3349 4217 hilaritate.

1782 4238 1901 4291 qua:
1953 4223 2003 4275 in
2057 4222 2210 4276 nobis
2256 4234 2351 4292 per
2409 4223 2663 4292 Spiritum
2708 4234 2949 4277 sanctum
2993 4227 3183 4287 oritur,
3239 4228 3351 4279 ham

1784 4295 1944 4362 verba
2001 4292 2271 4362 intelligit,
2321 4308 2442 4345 cum
2487 4295 2598 4346 ait:
2664 4312 2684 4343 ι
2722 4295 3124 4348 Consolatoretn
3164 4307 3349 4349 autem

1785 4360 2042 4431 Spiritum
2095 4360 2339 4417 sanctum
2395 4364 2544 4426 dicit,
2594 4363 2660 4417 ab
2711 4363 3022 4430 operatione
3061 4364 3108 4417 ei
3159 4380 3353 4418 nomen

1781 4432 2095 4499 imponens;
2150 4433 2273 4500 quia
2307 4447 2409 4485 non
2444 4434 2615 4487 solum
2657 4434 2963 4486 consulatur
2987 4449 3099 4493 eos,
3139 4450 3273 4501 quos
3296 4451 3355 4487 se

1772 4502 1965 4567 dignos
2022 4504 2307 4570 repererit,
2358 4511 2412 4556 et
2463 4503 2530 4555 ab
2564 4504 2710 4555 omni
2751 4503 2965 4555 tristitia
2994 4514 3047 4556 et
3075 4504 3355 4570 perturba-~

1776 4573 1917 4623 tione
1966 4572 2144 4624 reddit
2194 4570 2429 4633 alienos;
2476 4587 2660 4627 verum
2714 4572 3025 4626 incredibile
3085 4573 3354 4639 quoddam

1775 4641 2022 4705 gaudium
2081 4651 2135 4694 et
2187 4640 2515 4695 hilaritatem
2561 4643 2638 4692 eis
2692 4642 2900 4701 tribuit,
2947 4642 2997 4694 in
3060 4650 3262 4697 tantum
3292 4652 3351 4693 ut

1778 4711 1951 4776 possit
1981 4711 2101 4777 quis
2135 4708 2242 4762 Deo
2268 4711 2469 4779 gratias
2510 4709 2748 4779 referens
2804 4710 2942 4779 quod
3000 4711 3086 4762 tali
3122 4710 3357 4779 (hospite

1777 4779 1971 4846 dignus
2005 4777 2288 4840 habeatur,
2320 4780 2537 4832 dicere:
2578 4797 2596 4828 ι
2624 4777 2830 4832 Dedisti
2848 4777 3085 4832 lwtitiattt
3118 4778 3171 4831 itt
3195 4779 3357 4830 corde

1779 4863 1915 4900 meo.
1946 4867 1965 4899 ι

1779 4916 1960 5041 56(65)
1988 4917 2129 4987 Ipse.
2162 4916 2206 4970 ll
2235 4915 2423 4970 Thess.
2462 4931 2523 4979 ιι,
2563 4916 2648 4978 16,
2678 4916 2762 4971 17.
2791 4913 2928 4971 Vide
2951 4927 3067 4973 not.
3107 4919 3194 4984 17,
3233 4938 3355 4992 pag.

1851 5056 1965 5127 (6})
2000 5055 2286 5110 Commune
2311 5063 2407 5119 est,
2436 5063 2545 5127 etc.
2590 5053 2713 5109 Haec
2752 5056 2942 5111 eadem
2994 5057 3148 5113 docet
3179 5062 3227 5114 iu
3265 5062 3354 5116 lib.

1782 5124 1865 5182 Dei
1887 5124 1978 5188 So.
2007 5135 2208 5189 sancto,
2242 5140 2391 5178 num.
2426 5124 2516 5177 27.

1875 5197 1966 5263 65)
1995 5195 2123 5249 Herc
2156 5195 2350 5248 scribo.
2384 5193 2584 5248 lJoan.
2620 5209 2678 5256 ιι,
2716 5194 2767 5260 1,
2821 5193 2874 5249 2.

1875 5197 1966 5263 65)
1995 5197 2123 5249 Herc
2156 5197 2350 5248 scribo.
2384 5197 2584 5248 lJ-ian.
2620 5209 2678 5256 ιι,
2716 5197 2767 5260 1,
2821 5197 2874 5249 2.

1849 5197 1963 5336 (66)
1996 5264 2052 5336 Si
2084 5275 2255 5319 autem
2287 5278 2332 5336 et
2360 5265 2770 5333 peccaverimus.
2806 5264 2993 5320 Graeca
3026 5267 3191 5323 editio
3219 5288 3231 5321 :
3260 5270 3357 5322 καὶ

1782 5334 1876 5391 ἐὰν
1902 5334 1984 5407 τις
2010 5334 2267 5407 ᾲμάρτῃῗ,
2292 5335 2342 5387 id
2368 5346 2449 5388 est
2478 5352 2495 5384 ι
2534 5350 2596 5388 ac
2627 5335 2818 5407 siqnis
2838 5340 3163 5403 peccaverit.
3196 5358 3214 5389 ι

1855 5406 1967 5477 (67)
1998 5405 2183 5460 Deum.
2214 5405 2402 5461 Grzcca
2438 5406 2644 5461 editio:
2677 5405 2937 5476 Πατέρα,
2967 5407 3020 5460 id
3070 5420 3156 5462 est
3210 5426 3229 5458 ι
3256 5410 3361 5461 Pa-

1785 5486 1941 5531 trem.
1976 5495 1994 5527 ι

1858 5546 1969 5616 (68)
1998 5546 2057 5599 Si
2085 5544 2323 5616 diligitis.
2359 5545 2548 5602 Joanu.
2584 5562 2694 5606 χιιι.
2721 5545 2906 5599 15-18.
2944 5546 3073 5600 Vide
3121 5556 3211 5599 not
3264 5547 3357 5610 38,

1788 5632 1907 5686 pag.
1942 5616 2065 5669 150.
