3738 6304
352 310 473 387 975

1626 286 1857 346 DIDYMI
1896 284 2360 341 ALEXANDRINI
3516 286 3597 347 976

345 421 686 485 essentiam,
735 419 829 476 sed
877 415 1172 474 secundum
1220 408 1578 484 bypostasim.
1630 402 1830 457 Deinde
1864 414 1929 453 ex

2089 399 2349 453 τόστασιν.
2384 399 2610 451 Ἔπειτα
2634 398 2691 452 δὲ
2722 398 2781 451 τὸ
2815 399 3094 465 προειπεῖν
3126 398 3215 451 τὸν
3250 398 3402 464 Υίδν,
3431 418 3449 451 ι
3481 400 3600 473 Πέμ-

344 532 437 573 ιοο
499 514 642 585 quod
703 511 870 567 Filius
930 503 1309 579 praenuntiavit
1378 498 1665 569 inquiens,
1738 510 1756 541 ι
1811 489 1934 543 Mit-

303 600 307 603 ⁷
347 619 480 666 itam
516 581 633 678 (159)
678 604 832 659 vobis
870 618 899 657 a
945 601 1105 655 Patre
1155 610 1274 652 meo
1315 592 1576 662 Spiritum
1617 581 1880 644 veritatis,
1911 598 1929 630 ι

367 671 594 770 apparet
613 671 740 770 itres
770 709 892 749 esse
916 694 1262 763 ltypostases,
1297 695 1353 740 et
1406 697 1509 737 una
1546 671 1934 745 complacentia

372 802 532 862 atque
572 786 857 845 concordia
903 784 1097 838 factum
1142 794 1261 835 esse
1307 772 1796 831 manil'estationem
1840 780 1935 820 seu

352 856 660 938 adventum
705 877 940 948 Spiritus
985 872 1159 929 sancti
1191 890 1204 924 :
1240 869 1379 922 sicut
1415 865 1466 919 id
1507 864 1679 932 ipsum
1713 856 1935 913 indicari

352 975 611 1030 «liximus
641 979 795 1024 antea
834 977 889 1021 et
920 966 973 1021 in
1002 965 1092 1018 illo
1122 959 1352 1031 capitulo
1378 977 1391 1013 :
1424 955 1612 1009 «Pater
1646 951 1757 1025 (70)
1787 962 1939 1002 man-

371 1069 558 1122 datum
588 1063 719 1118 mihi
748 1060 919 1122 dedit,
951 1057 1077 1127 quid
1110 1055 1309 1115 dicam,
1334 1059 1390 1104 et
1416 1047 1544 1118 quid
1574 1046 1801 1115 loquar;
1832 1059 1849 1093 ι
1886 1050 1940 1094 et

371 1172 497 1212 cum
537 1156 604 1209 de
632 1153 838 1221 Spiritu
878 1156 1066 1202 sancto
1097 1144 1294 1199 dicitur
1324 1161 1336 1195 :
1376 1160 1392 1190 ι
1418 1139 1460 1192 Λ
1504 1135 1791 1202 semetipso
1827 1130 1937 1202 (7i)

382 1266 487 1303 non
542 1248 814 1313 loquetur.
846 1259 865 1290 ι
916 1239 1070 1293 Sicut
1114 1234 1257 1289 enim
1286 1248 1314 1285 a
1352 1230 1510 1283 Patre
1532 1226 1803 1296 scjunctns
1833 1237 1937 1275 non

371 1352 457 1395 cst
506 1338 673 1393 Filius
727 1351 793 1389 ex
830 1347 895 1387 eo
936 1329 1077 1400 quod
1140 1326 1336 1381 missus
1390 1322 1503 1391 (7'2)
1559 1319 1665 1384 sit,
1733 1315 1812 1370 sic
1872 1327 1941 1367 ne

376 1432 616 1501 Spiritus
659 1427 877 1497 quidem
925 1428 1168 1476 sanctus.
1210 1414 1362 1483 Quod
1396 1426 1525 1465 vero
1577 1406 1938 1478 subiungitur,

382 1543 401 1573 ι
430 1495 964 1593 Spiritttsverilatis,
995 1530 1013 1565 ι
1052 1507 1308 1569 ostendit,
1344 1518 1466 1557 eum
1498 1515 1623 1555 vere
1659 1512 1781 1552 esse
1816 1495 1939 1565 Spi-

377 1591 542 1673 ritum
602 1613 718 1678 Dei,
772 1626 877 1664 non
934 1620 1064 1661 vero
1108 1601 1387 1673 spiritibus
1428 1598 1536 1651 Deo
1563 1591 1942 1647 famulantibns

360 1708 635 1764 similem.
681 1705 757 1759 Ac
802 1700 962 1755 verba
1014 1696 1124 1760 illa,
1180 1711 1198 1745 ι
1234 1692 1335 1759 Qui
1375 1706 1403 1743 a
1446 1688 1601 1743 Patre
1628 1684 1889 1755 procedit,
1917 1700 1935 1733 ι

360 1797 687 1871 signiﬁcant
736 1794 906 1863 ipsum
949 1789 1017 1843 ab
1061 1797 1263 1841 aeterno
1319 1791 1373 1837 et
1401 1774 1940 1835 consubstantialiter

358 1865 454 1947 ex‘
493 1901 713 1960 paterna
761 1879 1036 1956 bypostasi
1102 1876 1304 1932 editum
1356 1886 1516 1937 esse;
1573 1867 1749 1924 omnis
1803 1865 1944 1919 enim

377 1982 654 2055 processio
681 1994 777 2048 per
798 1973 1023 2044 aequalia
1049 1977 1103 2024 et
1128 1966 1324 2023 similia
1354 1963 1665 2034 perﬁcitur;
1695 1959 1815 2012 Filii
1846 1972 1945 2010 au-

379 2048 487 2133 tem
509 2089 575 2131 ex
596 2072 706 2127 Deo
724 2066 1023 2138 generatio,
1050 2077 1112 2116 ac
1141 2058 1381 2128 Spiritus
1404 2055 1572 2126 ipsius
1594 2049 1868 2122 processio
1896 2048 1947 2100 in

379 2185 445 2226 eo
484 2167 553 2222 ab
591 2163 711 2220 aliis
749 2154 1181 2231 processionibus
1215 2148 1538 2209 secernitur,
1561 2143 1701 2213 quod
1727 2140 1951 2197 consub—

368 2256 704 2317 stantialiter
724 2252 865 2307 facta
899 2248 990 2304 sit.
1010 2245 1081 2301 lis
1096 2258 1224 2300 vero
1244 2241 1441 2304 verbis,
1471 2236 1593 2291 «ille
1619 2250 1717 2289 vos
1740 2231 1953 2288 dooebit

366 2349 583 2414 ιοιιιιιίσ,
609 2358 663 2402 et
684 2339 1064 2400 rememorabit
1079 2335 1231 2392 vobis
1248 2332 1450 2391 omnia,
1473 2344 1591 2400 qua
1613 2327 1721 2383 dixi
1741 2323 1945 2391 vobis,»

366 2440 605 2498 ~mandat
626 2451 689 2492 ac
717 2441 920 2497 monet,
941 2431 1081 2487 sicut
1112 2425 1360 2497 superius
1380 2423 1580 2477 dictum
1602 2437 1631 2472 a
1651 2418 1804 2473 nobis
1828 2414 1949 2479 fuit,

366 2544 443 2589 .nt
482 2528 707 2602 Spiritui
732 2535 920 2582 sancto
944 2522 1078 2577 ﬁdes
1103 2534 1169 2574 ne
1192 2520 1507 2586 denegetnr,
1543 2512 1634 2583 qui
1659 2510 1806 2566 venit
1830 2516 1951 2579 post

364 2601 585 2684 'Cbristi
618 2618 1050 2689 Assumptionem
1074 2622 1142 2682 ,ει
1177 2612 1376 2667 docuit.
1407 2606 1571 2674 Quasi
1603 2605 1747 2660 dicat
1788 2621 1803 2657 :
1832 2601 1942 2656 Nec

383 2719 528 2773 enim
565 2714 681 2785 ejus
712 2725 863 2767 mens
886 2718 1045 2777 atque
1074 2704 1316 2759 doctrina
1345 2715 1375 2754 a
1405 2707 1585 2753 mente
1614 2711 1678 2750 ac
1707 2694 1950 2749 doctrina

371 2826 504 2867 mea
522 2808 808 2875 discrepat,
831 2816 951 2859 cum
973 2798 1100 2854 mihi
1120 2797 1281 2853 etiam
1304 2793 1507 2849 deitate
1527 2788 1844 2860 coniunctus
1859 2786 1951 2852 sit,

376 2905 497 2957 imo
523 2915 687 2954 unum
730 2905 788 2952 et
826 2894 968 2950 idem
997 2909 1011 2945 :
1039 2888 1347 2946 communia
1378 2900 1509 2940 vero
1538 2883 1820 2938 Trinitatis
1845 2882 1955 2935 sint

386 2999 731 3055 documenta,
752 2997 808 3044 et
835 3002 898 3043 ea
927 2999 1049 3055 qua:
1070 2983 1138 3037 ad
1162 2981 1390 3037 salutem
1418 2977 1748 3039 conducunt,
1772 2973 1911 3030 dona
1936 2991 1949 3028 :

2035 491 2121 561 ψω
2159 492 2285 563 ὑμῖν
2334 491 2483 563 παρὰ
2518 491 2611 545 τοῦ
2636 491 2849 562 Πατρός
2878 507 2978 561 μου
3005 489 3067 543 τὸ
3105 490 3337 561 Πνεῦμα
3362 493 3464 561 τῆς
3492 491 3598 566 ἁλη-

2038 580 2246 645 θείας,›
2286 581 2627 652 παρέστησεν
2684 580 2784 645 τὰς
2828 584 2977 651 τρεῖς
3011 581 3360 645 ὑποστάσεις,
3415 583 3512 635 xui
3542 584 3601 650 ὡς

2038 671 2254 742 εὐδοκία
2304 672 2395 723 xui
2426 672 2710 741 συμφωνίᾳ
2753 671 2850 742 μιᾷ
2886 672 2918 741 ή
2955 670 3049 723 τοῦ
3112 671 3267 738 ἁγίου
3303 671 3603 742 Πνεῦματος

2039 763 2254 831 ἐγένετο
2281 762 2569 833 παρουσία,
2622 765 2697 826 ὼς
2726 764 2819 816 καὶ
2852 764 2909 816 ὲν
2941 761 3019 833 τῷ
3070 762 3350 833 κεφαλαίῳ
3384 761 3487 832 τῷ,
3522 764 3601 820 «Ὀ

2039 854 2228 926 Πατὴρ
2260 854 2481 926 ἐντολήν
2516 872 2603 925 μοι
2632 855 2881 918 δέδωκεν,
2923 854 2976 908 τί
3004 856 3161 919 είπω,
3216 854 3313 908 καὶ
3344 854 3402 908 τί
3465 853 3602 927 λαλή-

2042 964 2120 1000 σω
2141 963 2153 977 ’
2193 967 2209 998 ι
2247 947 2338 1001 xui
2385 947 2630 1019 περὶτοῦ
2658 948 2813 1017 ἁγίου
2864 946 3201 1018 Πνεὺματος,
3236 929 3401 1016 ί⁹Δφ⁹
3432 948 3602 1001 ἑαυτοῦ

2040 1044 2098 1096 οὑ
2129 1043 2369 1114 λαλήσει,
2400 1062 2419 1094 ι
2469 1042 2789 1114 προελέχοη.
2863 1043 2951 1106 Ὠς
2982 1039 3089 1112 γὰρ
3144 1041 3244 1093 οὑκ
3286 1040 3602 1105 ἀπέζευκται

2039 1138 2132 1192 τοῦ
2177 1138 2386 1208 Πατρδς
2431 1139 2458 1190 ὁ
2508 1136 2637 1199 Υἱὸς
2676 1134 2965 1206 πεμφθεὶς,
2995 1134 3169 1195 οὕτως
3226 1133 3349 1187 οὑδὲ
3383 1134 3452 1185 τδ
3477 1132 3604 1199 ἅγιον

2040 1227 2284 1299 Πνεῦμα.
2344 1226 2417 1279 Τὸ
2459 1225 2515 1278 δὲ
2576 1224 2965 1296 προσκεῖσθαι,
3021 1242 3039 1275 ι
3068 1222 3293 1293 Πνεῦμα
3348 1222 3454 1291 τῆς
3500 1221 3585 1292 ἀλη

2042 1320 2273 1386 θείας,›
2327 1319 2563 1373 διδάσκει
2625 1316 2839 1388 άληθῶς
2888 1316 3019 1370 αὑτὸ
3066 1315 3289 1385 Πνεῦμα
3345 1308 3489 1367 εἶναι
3528 1313 3603 1365 τοῦ

2042 1413 2200 1477 Θεοῦ,
2230 1412 2323 1466 xui
2348 1413 2444 1482 οὑχ
2475 1412 2551 1473 ὡς
2602 1411 2666 1464 τὰ
2711 1409 3079 1482 λειτουργικά.
3130 1410 3205 1461 Τὸ
3225 1408 3282 1460 δὲ
3312 1408 3485 1477 ἔχειν,
3519 1408 3604 1480 t_'0

2044 1474 2194 1576 παρὰ
2221 1505 2313 1557 τοῦ
2342 1474 2553 1575 Πατρὸς
2578 1474 2960 1572 ἐκπορεύεται,
2989 1520 3006 1551 ι
3046 1474 3430 1571 σημαίνει,
3466 1474 3605 1567 ἀνάρ-

2043 1616 2153 1668 χως
2202 1600 2295 1650 καὶ
2333 1595 2633 1667 ὀμοουσίως
2689 1596 2753 1646 ὲκ
2789 1594 2889 1664 τῆς
2947 1591 3217 1664 πατρικῆς
3276 1588 3605 1651 ὑποστάσεως

2045 1689 2278 1759 ἐξεφάνη
2305 1705 2317 1717 ·
2354 1689 2505 1740 πᾶσα
2524 1686 2633 1757 γὰρ
2656 1685 2879 1756 πρόοδος
2899 1683 2987 1737 διὰ
3010 1683 3119 1737 τῶν
3159 1682 3290 1735 ἴσων
3306 1681 3405 1734 xui
3432 1680 3605 1749 ὁμοίων

2043 1780 2400 1833 ἐπιτελεῖται*
2448 1778 2544 1831 xui
2593 1776 2955 1847 διαφερόντως
2997 1774 3297 1845 ὁμοουσίως
3350 1772 3606 1841 ὲγένετοή

2044 1872 2151 1925 ἀπὸ
2188 1871 2279 1925 τοῦ
2304 1870 2439 1924 Θεοῦ
2471 1870 2722 1940 γέννησις
2768 1869 2863 1922 τοῦ
2892 1869 3044 1930 Υίοῦ,
3068 1868 3161 1920 xui
3184 1866 3511 1934 ὲκπὸρευσις
3532 1862 3607 1915 τοῦ

2045 1960 2362 2033 Πνεύματος
2415 1958 2602 2013 αὑτοῦ.
2636 1958 2708 2011 Τὸ
2754 1957 2831 2022 δὲ,
2893 1957 3168 2019 «Ἐκεῖνος
3231 1954 3378 2025 ὑμᾶς
3433 1951 3608 2015 διδάξει

2047 2054 2244 2116 πάντα,
2280 2053 2373 2106 καὶ
2401 2051 2707 2121 ὑπομνήσει
2741 2049 2884 2118 ὑμᾶς
2914 2048 3111 2112 πάντα,
3150 2046 3186 2100 δι
3234 2040 3390 2097 εἶπον
3433 2044 3603 2112 sum.

2047 2141 2415 2214 παράγγελμά
2451 2143 2597 2194 ἐστιν
2656 2140 2730 2210 μὴ
2767 2140 3064 2209 ἀπιστῆσαι
3097 2136 3173 2208 τῷ
3211 2135 3353 2206 ἁγίῳ
3381 2132 3610 2203 Πνεῦμα-

2046 2254 2120 2299 τι,
2149 2236 2224 2299 ὼς
2273 2235 2529 2304 ἀνωτέρω
2587 2234 2817 2305 εἴρηται,
2842 2232 3046 2286 ἐλθόντι
3072 2230 3207 2301 μετὰ
3241 2228 3340 2300 τὴν
3366 2226 3611 2295 ἀνάληψιν

2048 2326 2141 2381 τοῦ
2167 2326 2402 2400 Χριστοῦ
2428 2328 2521 2379 καὶ
2543 2325 2848 2378 διδάσκοντι
2872 2339 2885 2353 '
2909 2324 3024 2377 Οὐκ
3050 2321 3332 2391 ἁπᾲδουσα
3362 2319 3491 2389 γὰρ,
3521 2336 3611 2388 φη·

2052 2424 2155 2488 σίν,
2178 2423 2276 2493 τῆς
2300 2421 2440 2492 ὲμῆς
2468 2417 2693 2489 γνώμης
2722 2418 2815 2471 καὶ
2841 2414 3183 2477 διδασκαλίας
3216 2413 3370 2467 ἔσται
3389 2412 3422 2481 ἡ
3443 2410 3607 2464 αὐτοῦ’

2052 2512 2237 2584 ἐπειδὴ
2288 2511 2382 2566 xui
2434 2513 2500 2581 τῇ
2572 2508 2784 2578 θεότητι
2851 2504 3147 2577 ήνωμένως
3207 2501 3302 2554 xui
3359 2498 3612 2570 ἐχομένως

2051 2604 2195 2675 ἔχει’
2230 2601 2383 2655 κοινὰ
2406 2600 2462 2653 δὲ
2487 2600 2584 2669 τῆς
2622 2598 2781 2666 ἁγίας
2814 2596 3041 2668 Τριάδος
3075 2593 3142 2646 τὰ
3178 2590 3502 2660 διδάγματα,
3531 2587 3615 2639 καὶ

2052 2698 2120 2750 τὰ
2150 2695 2284 2767 πρὸς
2346 2693 2617 2763 σωτηρίαν
2659 2691 2987 2762 δωρήματα·
3045 2686 3139 2739 καὶ
3168 2677 3213 2753 ᾧ
3266 2679 3420 2737 εἶπον
3446 2681 3615 2751 τρόπῳ

2050 2784 2131 2849 τὸ,
2171 2764 2270 2835 (Ὁ
2309 2782 2498 2855 Πατὴρ
2543 2781 2762 2851 ἐντολήν
2811 2795 2900 2848 μοι
2932 2776 3183 2836 δέδωκεν,
3242 2771 3297 2824 τί
3346 2771 3499 2833 εἴπω,
3534 2764 3615 2818 xui

2051 2878 2104 2930 τί
2135 2875 2374 2948 λαλήσω,
2407 2894 2426 2929 ι
2481 2873 2629 2928 ἔστιν
2685 2872 2741 2924 δὲ
2773 2871 2853 2923 ὅτι
2903 2866 3219 2937 συμφωνίας
3276 2862 3405 2933 1215
3431 2858 3504 2932 al“
3545 2859 3613 2929 τῷ

2053 2969 2200 3040 αὐτῷ
2239 2969 2380 3039 φημὶ
2402 2969 2495 3022 καὶ
2517 2966 2643 3038 περὶ
2688 2964 2781 3019 τοῦ
2815 2963 2969 3032 ἁγίου
3003 2960 3341 3030 Πνεὺματος,
3384 2957 3464 3009 ὃτι
3489 2973 3508 3004 ι
3531 2954 3616 3006 Ἐκ

372 3046 791 3157 Ὗᾷιιονεθιιειι
838 3046 961 3135 αἱδί.
997 3075 1124 3131 illud
1162 3093 1177 3129 :
1211 3093 1229 3126 ι
1278 3071 1438 3126 Pater
1478 3070 1789 3124 mandatum
1829 3067 1938 3123 niib

2089 3058 2153 3112 '06
2182 3058 2314 3130 ἐμοῦ
2344 3058 2594 3128 λήψεται,
2645 3055 2739 3109 xui
2792 3052 3083 3122 ἀναγγελεῖ
3108 3051 3256 3119 ὑμῖν.
3288 3068 3306 3099 ι
3346 3046 3433 3116 Τῷ
3461 3046 3515 3098 δὲ
3546 3046 3617 3096 εἰ-

387 3178 556 3243 dedit,
587 3175 714 3245 quid
743 3172 938 3237 dicam,
981 3177 1034 3223 et
1066 3166 1192 3235 quid
1222 3164 1429 3233 loquar,
1459 3181 1476 3215 ι
1516 3160 1657 3230 quod
1684 3158 1796 3231 (75)
1822 3174 1954 3214 con-

388 3268 627 3325 cordiam
691 3264 973 3321 Trinitatis
1040 3262 1299 3323 denotat;
1364 3257 1551 3311 eodem
1610 3268 1772 3309 sensu
1836 3253 1956 3307 dico

387 3360 553 3416 etiam
604 3358 675 3412 de
732 3354 936 3427 Spiritu
990 3360 1222 3407 sancto:
1259 3367 1277 3400 ι
1309 3348 1383 3402 De
1433 3360 1551 3401 meo
1604 3342 1855 3412 accipiet,
1903 3349 1957 3397 et

388 3447 734 3507 annuntiabit
789 3445 963 3503 vobis.
992 3462 1011 3497 ι
1066 3442 1202 3498 Cum
1260 3453 1390 3493 vero
1430 3436 1508 3491 ait
1538 3453 1553 3491 :
1590 3453 1608 3488 ι
1644 3434 1703 3489 Si
1737 3432 1956 3503 diligitis

390 3560 502 3610 nte,
535 3540 790 3599 mandata
821 3552 937 3593 mea
964 3542 1198 3597 servate,
1236 3541 1291 3588 et
1326 3546 1426 3601 ego
1468 3530 1669 3599 rogabo
1715 3526 1955 3591 Patrem,

388 3648 444 3694 et
487 3635 651 3691 alium
701 3629 1036 3687 Paracletum
1072 3626 1220 3682 dabit
1251 3624 1422 3686 vobis,
1455 3641 1474 3675 ι
1530 3620 1821 3689 signiﬁcat,
1875 3631 1959 3671 se-

390 3728 675 3798 metipsum
720 3737 959 3796 quoque,
1006 3734 1110 3774 non
1163 3731 1292 3770 vero
1342 3714 1516 3769 solum
1550 3711 1834 3780 Spiritum,
1870 3723 1960 3763 vo-

385 3821 499 3878 cari
546 3817 919 3880 Paracletum;
975 3826 1061 3876 ac,
1113 3809 1169 3864 Si
1206 3823 1310 3863 non
1341 3802 1705 3867 servaveritis,
1761 3801 1955 3870 inquit,

385 3912 641 3968 mandata
667 3924 808 3971 mea,
838 3905 1036 3976 indigni
1067 3901 1200 3957 estis
1222 3900 1455 3955 adventu
1492 3894 1730 3964 Spiritus
1756 3892 1954 3959 sancti,

389 4006 483 4076 qui
514 4001 764 4057 adventui
817 4012 938 4053 meo
995 4009 1102 4050 non
1152 4001 1238 4047 est
1283 3988 1585 4045 dissimilis.
1639 3985 1732 4040 llla
1775 3995 1955 4037 autem

392 4092 554 4145 verba
589 4107 604 4143 :
647 4106 665 4139 ι
699 4085 937 4156 Spiritus
981 4082 1252 4143 veritatis,
1279 4094 1438 4148 quem
1472 4076 1700 4130 mundus
1728 4088 1831 4127 non
1858 4087 1955 4143 po-

396 4188 507 4234 test
552 4178 815 4246 accipere,
862 4174 988 4244 quia
1034 4187 1142 4226 non
1171 4169 1317 4223 videt
1349 4168 1516 4226 illum,
1553 4180 1650 4220 nec
1681 4165 1959 4235 cognoscit

395 4272 568 4337 illum,
612 4284 709 4323 Vtts
743 4281 873 4321 vero
898 4263 1222 4335 cognoscitis
1243 4276 1387 4323 eum,
1416 4277 1435 4311 ι
1462 4258 1772 4322 ostendunt,
1804 4272 1958 4310 mun-

380 4362 565 4416 edanos
595 4357 753 4431 Ml
786 4357 1022 4427 quidem.
1058 4354 1112 4409 id
1147 4361 1230 4408 est
1283 4348 1589 4414 haereticos,
1636 4363 1741 4401 non
1802 4362 1957 4418 posse

2060 3156 2197 3206 πεῖν.
2232 3172 2249 3204 ι
2273 3150 2396 3205 Ἐὰν
2429 3150 2678 3219 ἀγαπᾶτέ
2731 3166 2819 3219 με,
2847 3146 2943 3210 τὰς
2970 3144 3186 3207 ἐντολάς
3212 3159 3313 3213 μου
3338 3141 3615 3211 τηρήσατε,

2058 3243 2215 3313 κὰγὼ
2246 3244 2507 3315 ἐρωτήσω
2535 3241 2626 3294 τὸν
2673 3239 2914 3310 Πατέρα,
2944 3236 3037 3290 xui
3094 3234 3251 3289 ἄλλον
3279 3230 3619 3303 Παράκλητον

2056 3334 2216 3390 δώσει
2254 3337 2401 3406 ὑμῖν,
2434 3353 2451 3385 ι
2494 3333 2761 3404 ἐδήλωσεν
2791 3328 3072 3401 μονονουχὶ
3103 3328 3197 3381 καὶ
3219 3325 3411 3379 ἑαυτὸν
3441 3322 3616 3392 Παρά-

2058 3428 2253 3498 κλητον
2282 3424 2661 3498 ὀνομάζεσθαι,
2695 3424 2789 3478 καὶ
2817 3423 2913 3488 ὡς,
2944 3422 3006 3475 Ei
3036 3419 3110 3491 μὴ
3131 3417 3423 3489 φυλάξητε,
3445 3415 3616 3485 φησὶν,

2056 3519 2155 3583 τὰς
2180 3517 2319 3589 ὲμὰς
2346 3516 2585 3579 ἐντολὰς,
2649 3513 2856 3578 ἀνάξιοι
2885 3512 2983 3583 τῆς
3014 3509 3106 3563 τοῦ
3138 3509 3294 3577 ἁγὲου
3320 3504 3618 3575 Πνεῦματος

2058 3612 2449 3683 ὲπιφοιτήσεως
2500 3608 2815 3678 τυγχάνετε,
2850 3606 2972 3676 ἥτις
3000 3603 3098 3657 οὑκ
3148 3602 3343 3673 ἀπᾴδει
3374 3601 3468 3670 τῆς
3490 3599 3620 3667 ὲμῆς

2058 3704 2397 3774 ἐπιφανείας.
2417 3702 2490 3755 Τὸ
2509 3701 2564 3755 δὲ
2585 3700 2834 3772 γράφειν,
2860 3717 2877 3749 ι
2904 3696 2975 3750 Τὸ
2993 3694 3215 3764 Πνεῦμα
3239 3695 3337 3765 τῆς
3356 3691 3615 3762 ἀληθείας,

2059 3796 2086 3849 ὃ
2133 3799 2161 3850 ὁ
2191 3796 2394 3868 κόσμος
2432 3795 2493 3848 οὑ
2532 3792 2752 3846 δύναται
2789 3790 2995 3855 λαϐεῖν,
3048 3790 3128 3841 ὅτι
3152 3787 3211 3840 οὑ
3239 3786 3432 3856 θεωρεῖ
3474 3783 3615 3845 αὐτὸ,

2058 3888 2179 3941 οὑδὲ
2209 3884 2463 3955 γινώσκει
2489 3882 2619 3937 αὑτό
2642 3896 2656 3910 ⁸
2687 3881 2844 3952 ὑμεῖς
2866 3880 2922 3934 δὲ
2958 3876 3253 3948 γινώσκετε
3276 3875 3423 3937 αὑτό,
3448 3892 3464 3924 ι
3498 3873 3617 3925 ἔδει·

2060 3979 2168 4044 ξεν,
2193 3980 2277 4032 ὅτι
2306 3979 2353 4030 οἱ
2387 3976 2484 4046 μὲν
2514 3973 2788 4043 κοσμικοὶ,
2828 3970 2971 4024 τοῦτ’
2994 3971 3139 4023 ἐστιν
3159 3966 3443 4041 αἱρετικοὶ,
3462 3966 3517 4018 οῦ
3531 3963 3617 4016 δυ-

2059 4089 2242 4126 νανται
2285 4068 2468 4123 λαϐεῖν
2507 4066 2656 4131 αὑτὸ,
2691 4065 2855 4119 ὄτιοὺ
2911 4064 3204 4134 Θεωροῦσιν
3246 4062 3375 4115 αὑτὸ
3404 4063 3507 4121 τοῖς
3526 4055 3619 4124 τῆς

2059 4164 2294 4226 πίστεως
2318 4160 2633 4229 ὀφθαλμοῖς,
2669 4156 2789 4210 οὑδὲ
2814 4155 3168 4225 γινώσκουσιν
3194 4155 3347 4217 αὑτὸ,
3387 4154 3459 4225 μή
3478 4155 3619 4221 δοξά-

2059 4256 2242 4322 ζοντες
2270 4256 2345 4318 ώς
2376 4253 2534 4308 Θεόνο
2580 4252 2628 4305 οἱ
2658 4250 2714 4304 δὲ
2762 4248 3145 4319 ὁμολογοῦντες
3174 4248 3306 4303 αὑτὸ
3322 4243 3455 4302 εἶναι
3478 4250 3615 4312 θεὸν,

2060 4351 2272 4422 ἔχουσιν
2294 4347 2424 4402 αὑτὸ
2452 4346 2611 4417 μένον
2647 4346 2771 4415 παρ’
2798 4343 2998 4406 αὑτοῖς.

385 4456 543 4511 illum
600 4457 864 4524 accipere,
904 4452 1030 4521 quia
1079 4450 1252 4519 ipsum
1296 4460 1398 4499 non
1454 4443 1637 4497 vident
1683 4441 1852 4496 oculis
1900 4443 2043 4512 ﬁdei,
2096 4459 2269 4515 neque
2352 4451 2679 4514 cognoscunt
2752 4439 2920 4504 illum,
3005 4453 3125 4491 cum
3178 4452 3281 4491 non
3344 4435 3619 4506 gloriﬁcent

384 4560 455 4606 λιιι
487 4545 814 4616 Deumzqui
860 4558 987 4597 vero
1038 4542 1211 4611 ipsum
1262 4536 1586 4592 conﬁtentur
1643 4546 1762 4587 esse
1812 4532 2149 4599 Deum,illos
2223 4535 2423 4588 habere
2471 4533 2642 4601 ipsum
2723 4540 3025 4583 manentem
3087 4529 3228 4596 apud
3300 4528 3617 4594 semctipsos.

466 4641 620 4710 Quod
667 4653 795 4693 vero
837 4639 932 4699 ait,
974 4631 1367 4694 «Dabitvobis,
1411 4649 1429 4683 ι
1474 4640 1547 4694 et,
1602 4624 1799 4694 «Apud
1859 4640 1938 4679 vo:

2132 4627 2205 4680 Τὸ
2226 4627 2281 4679 δὲ
2311 4626 2473 4696 ἔχειν,
2505 4643 2523 4675 ι
2548 4624 2717 4677 Δώσει
2739 4624 2888 4692 ὑμῖν,
2914 4641 2932 4673 υ
2966 4621 3082 4685 xui,
3116 4640 3134 4671 ι
3157 4622 3293 4692 Παρ’
3316 4621 3439 4690 ὑμῖν
3462 4619 3616 4687 μένειν

384 4741 599 4794 manet.
627 4738 681 4785 et
706 4729 758 4784 in
787 4727 939 4782 vobis
985 4728 1110 4788 erit,
1157 4744 1176 4776 ι
1214 4722 1485 4794 signiﬁcat
1522 4719 1781 4787 Spiritum
1835 4730 1960 4771 san-

379 4835 540 4879 «etum
570 4830 625 4875 et
655 4820 706 4873 in
738 4817 890 4873 caelis
943 4824 996 4871 et
1034 4816 1085 4869 in
1120 4825 1285 4877 terra,
1318 4819 1497 4879 utpote
1531 4809 1724 4872 Deum,
1762 4808 1962 4875 ubique

383 4921 713 4985 ,vprzesentem
750 4922 903 4974 esse;
946 4920 1070 4961 nam
1099 4904 1143 4959 si
1183 4913 1238 4958 et
1270 4902 1408 4972 apud
1447 4915 1543 4954 nos
1593 4909 1794 4961 manet,
1825 4909 1877 4952 et
1908 4900 1959 4953 in

395 5002 551 5058 nobis
597 5000 723 5065 erit,
775 5008 827 5053 et
875 4996 1054 5051 omnia
1081 4994 1287 5063 implet,
1312 4994 1467 5064 juxta
1512 4990 1844 5060 Sapientiam
1872 4992 1957 5044 in-

382 5094 692 5163 ‘quientent,
747 5089 1019 5159 «Spiritus
1075 5086 1188 5159 (74)
1250 5085 1457 5141 Domini
1505 5084 1732 5153 replevit
1770 5085 1957 5137 orbem

387 5196 663 5240 terrarum
690 5199 706 5246 ;
736 5201 755 5234 ι
791 5180 1060 5251 quomodo
1088 5178 1243 5234 nobis
1270 5178 1465 5232 missus
1495 5177 1606 5247 (75)
1638 5175 1757 5230 est?
1801 5172 1955 5241 Quod

389 5289 573 5338 autem
622 5276 725 5330 etsi
782 5274 897 5329 haec
950 5271 1122 5329 Filius
1171 5273 1399 5338 diceret,
1458 5286 1581 5326 cum
1630 5270 1747 5336 ipso
1776 5276 1955 5321 tamen

462 5393 574 5465 (69)
603 5392 841 5465 illinunt.
861 5389 1016 5447 Joan.
1050 5406 1157 5465 xv,_
1174 5388 1271 5465 g6.

352 5503 355 5507 .
460 5460 574 5532 ('70)
603 5460 782 5515 Pater.
816 5460 968 5515 Joan.
999 5476 1100 5532 an,
1132 5461 1221 5515 49.

472 5528 575 5603 71)
598 5536 639 5588 Α
668 5532 962 5595 semetipso.
990 5528 1145 5583 Juan.
1174 5544 1282 5593 va,
1313 5531 1400 5586 l3.

460 5546 574 5677 272)
607 5602 822 5677 Missus.
852 5600 927 5677 l_)_e
952 5600 1327 5677 haemissione
1351 5602 1400 5653 t'u

488 5597 574 5675 72)
607 5602 822 5675 Μίδειαν.
852 5600 927 5675 De
952 5600 1327 5675 liac_nti_s_sione
1351 5598 1767 5675 fusiusloquitnr
1789 5597 1959 5675 Tlieo-

394 5668 762 5744 log'us'noster
791 5672 845 5727 in
870 5670 1005 5727 libro
1039 5670 1110 5725 De
1134 5668 1230 5739 Sp.
1257 5681 1460 5740 sancto,
1488 5668 1635 5726 num.
1658 5670 1729 5725 25
1748 5681 1801 5725 et
1830 5672 1918 5723 26.

2065 4722 2159 4774 xui
2192 4720 2247 4771 ὲν
2298 4718 2425 4789 ὑμῖν
2459 4717 2632 4779 ἔσται,
2659 4735 2676 4768 ι
2731 4717 3023 4786 ἐσήμανεν,
3058 4714 3132 4777 ὡς
3178 4715 3272 4766 καὶ
3292 4714 3401 4768 ἄνω
3424 4713 3509 4765 καὶ
3530 4712 3621 4762 xi-

2064 4829 2162 4875 τω,
2191 4810 2283 4864 ἆτε
2310 4810 2373 4880 δὴ
2404 4809 2555 4873 Θεὸς,
2611 4806 2886 4877 πανταχοῦ
2937 4808 3109 4877 παρὸν
3129 4806 3189 4858 τὸ
3225 4808 3378 4874 ἆγιον
3408 4802 3614 4871 Πνεῦμα

2063 4904 2209 4953 ἐστιν
2230 4918 2244 4931 ο
2274 4902 2320 4953 εί
2344 4899 2453 4970 γὰρ
2478 4901 2571 4953 καὶ
2597 4899 2725 4971 παρ’
2752 4901 2881 4970 ήμίν
2916 4899 3063 4969 μένει
3094 4899 3186 4951 xui
3214 4900 3269 4950 ὲν
3310 4900 3440 4966 ἡμῖν
3466 4897 3617 4955 ἔσται,

2063 4992 2156 5043 καὶ
2178 4991 2354 5043 πάντα
2374 4990 2589 5060 πληροῖ,
2619 4989 2759 5043 κατὰ
2779 4991 2875 5061 τὴν
2903 4989 3090 5057 σοφίαν
3113 4988 3371 5055 λέγουσαν
3394 5005 3407 5017 θ
3436 5006 3452 5036 ι
3473 4982 3622 5038 Πνεῦ-

2071 5099 2147 5152 μα
2174 5082 2379 5153 Κυρίου
2409 5082 2769 5154 πεπλήρωκεν
2792 5083 2889 5153 τὴν
2926 5083 3251 5152 οἰκουμένην
3275 5097 3288 5111 ⁸
3314 5102 3331 5133 r
3372 5080 3479 5143 πῶς
3500 5079 3619 5147 ἡμῖν

2065 5173 2382 5243 ἁπεστάλη;
2415 5173 2537 5226 Ὀτι
2568 5173 2624 5226 δὲ
2666 5174 2760 5227 xui
2790 5174 3039 5242 λέγοντος
3074 5172 3237 5226 αὑτοῦ
3269 5172 3461 5234 ταῦτα,
3512 5168 3619 5239 μετ’

2063 5263 2227 5317 αὑτοῦ
2253 5260 2320 5335 ἦν
2348 5264 2423 5327 ώς
2463 5264 2767 5335 δμοούσιον,
2824 5264 2983 5318 πάλιν
3013 5264 3174 5328 αὑτὸς
3194 5264 3431 5329 ἔπεισεν,
3463 5264 3620 5331 ipso.

2137 5384 2248 5455 (75)
2296 5384 2518 5449 Quod...
2561 5387 2795 5438 denotat.
2844 5382 3067 5455 Codex,‘
3097 5381 3245 5455 {duty
3293 5381 3351 5435 δὲ
3378 5381 3455 5434 ὅτι
3486 5393 3615 5455 συμ-

2062 5449 2282 5527 φωνίας.
2300 5456 2602 5523 Legendum
2619 5455 2863 5527 fortasse,
2882 5453 3026 5505 ἐστιν
3047 5452 3287 5523 δηλονότι
3306 5449 3618 5523 συμφωνίας.

2135 5527 2251 5594 (74)
2288 5527 2537 5591 Spiritus.
2572 5526 2699 5592 Snp.
2744 5539 2781 5584 ι,
2810 5525 2864 5577 7.

2136 5586 2246 5667 (75)
2282 5586 2520 5667 Missus.
2549 5586 2853 5667 Missionem
2905 5593 3127 5646 localem
3154 5591 3447 5667 excludit:
3491 5586 3617 5661 quod

2066 5663 2288 5738 pracst'at
2317 5667 2478 5722 etiam
2511 5663 2601 5721 lib.
2638 5665 2711 5719 De
2739 5663 2832 5719 Su.
2867 5674 3071 5730 sancto,
3102 5680 3248 5717 num.
3271 5663 3360 5717 25.
