3758 6304
133 358 223 413 1ΓΓ1

1202 361 1289 416 DE
1330 360 1701 416 TRINI'I‘ATE
1740 363 1947 418 LIBER
1987 360 2307 417 TERTIUS.

3287 359 3395 417 978

131 478 293 544 σήσας
316 474 401 539 είς
450 474 527 528 τὰ
582 473 847 545 πρόσωπα
872 474 982 528 τῶν
1028 474 1341 532 ἀποστόλων
1386 479 1480 532 xal.
1518 479 1718 533 εἰπών·

1900 492 1973 537 set
1999 481 2235 551 Spiritus
2265 490 2489 537 sanctus
2517 489 2703 552 utpote
2731 479 3232 548 consubstantialis,
3262 497 3389 536 rur-

135 579 150 608 ι
173 558 377 612 Λάϐετε
408 558 643 629 Πνεῦμα
667 558 845 626 ἅγιον,
878 579 895 610 ι
913 559 987 621 ὡς
1012 560 1349 634 προείρηται.
1370 563 1443 617 Τὸ
1462 563 1541 630 δέ,
1566 584 1583 615 ι
1607 565 1720 619 Οὐκ

129 653 316 720 ἀφήσω
352 652 504 721 ὑμᾶς
538 653 840 725 ὀρφανούςο
875 652 1106 724 ἔρχομαι
1131 654 1266 726 πρὸς
1296 656 1461 725 ὑμᾶς,
1493 675 1509 707 ι
1549 656 1721 711 ἐδίδα-

133 742 232 807 ξεν,
260 743 335 807 ὡς
374 743 436 796 ὃν
480 744 687 814 τρόπον
717 745 777 798 τὸ
806 744 1027 815 Πνεῦμα
1064 743 1157 797 τοῦ
1188 744 1322 799 Θεοῦ
1375 742 1443 818 ἦν
1494 748 1587 800 καὶ
1614 746 1720 819 πρὸ

129 837 219 906 τῆς
242 837 496 907 γνωστῆς
535 836 702 891 αὑτοῦ
728 837 855 908 [215
876 836 930 909 6]
990 837 1283 908 ἐπιδημίας
1324 840 1383 892 ἐν
1413 840 1597 904 πᾶσιν,
1625 838 1719 893 οῦ-

132 946 201 980 τω
249 928 344 982 καὶ
396 930 547 999 μετὰ
596 929 696 1000 τὴν
740 928 1005 999 ἀνάληψιν
1042 931 1070 983 6
1096 929 1244 994 Υἱὸς,
1275 930 1333 984 ἐν
1358 931 1720 1004 ἀπεριγράφῳ

136 1022 226 1091 μιᾷ
253 1021 472 1091 θεάτητι
504 1022 604 1075 καὶ
641 1021 857 1094 θελήσει
878 1021 988 1075 τῶν
1023 1022 1373 1076 ὑποστάσεων
1402 1023 1597 1090 οὐσῶν,
1619 1026 1719 1078 οὐκ

134 1112 279 1176 αὐτὸς
304 1113 381 1166 ὢν
407 1114 587 1185 ἄμφω
636 1114 730 1168 καὶ
784 1112 1008 1185 Πνεῦμα
1040 1113 1131 1166 τοῦ
1163 1113 1297 1167 Θεοῦ
1349 1114 1465 1185 (ὼς-
1498 1116 1719 1189 ἐνόησεν

136 1205 414 1269 Μοντανὺς,
471 1207 572 1259 καὶ
597 1206 770 1277 τούτῳ
802 1205 1034 1277 μάλιστα
1083 1206 1420 1275 ἐπερείδεται
1448 1206 1529 1279 τῷ
1562 1207 1717 1280 μέρει

133 1294 224 1363 τῆς
251 1295 501 1367 Γραφῆς,
531 1295 607 1367 μὴ
633 1294 868 1364 βλέπων,
896 1295 1020 1367 μηδ’
1041 1295 1273 1361 ἀκούων,
1312 1297 1387 1361 ὡς
1408 1298 1565 1362 ἄλλος
1590 1316 1655 1351 πε
1666 1297 1720 1371 pi.

136 1387 283 1439 ἄλλου
319 1388 416 1440 καὶ
467 1388 635 1442 ἄλλου
690 1386 983 1460 προσώπου
1027 1388 1207 1457 λέγει·
1249 1407 1268 1439 ι
1295 1389 1584 1462 Ἐρωτήσω
1625 1391 1717 1444 τὸν

138 1478 362 1548 Πατέρα,
397 1479 495 1531 καὶ
532 1479 739 1551 πέμψει
778 1480 934 1535 ἄλλον
985 1480 1403 1554 Παράκλητον»)
1430 1500 1444 1513 ο
1500 1483 1616 1537 ἀλλ’
1642 1483 1719 1549 ὡς

140 1569 329 1640 σὺντῷ
368 1571 655 1642 Πνεῦματι
722 1571 914 1644 παρὼν
969 1574 1353 1638 ἰδιοσύστατος,
1406 1574 1549 1628 καθά
1570 1576 1717 1629 ἐστιν

137 1661 215 1713 ἀεὶ
244 1662 523 1733 πανταχοῦ
560 1663 653 1717 καὶ
681 1665 711 1717 6
768 1665 979 1737 Πατήρ.
1010 1667 1084 1719 Οὐ
1136 1666 1319 1737 μέντοι
1375 1668 1438 1720 ἐκ
1464 1666 1714 1737 δευτέρου

140 1753 228 1823 ἠδη
289 1752 484 1818 ἐλθὼν,
624 1756 885 1820 πολλάκις
939 1757 1035 1811 κα1¹
1081 1757 1180 1829 τὴν
1238 1758 1505 1829 ἐσομένην
1553 1760 1611 1811 ἐν
1646 1762 1714 1831 τῇ

1828 589 1923 629 sus
1971 573 2084 641 ipse
2132 571 2305 626 Filius
2346 573 2602 638 ostendit,
2645 587 2768 627 cum
2816 571 3097 627 insuiDans
3135 572 3187 626 in
3224 570 3397 627 facies

1822 663 2186 734 apostolorum
2209 663 2305 730 ait,
2335 682 2355 715 ‹
2382 663 2624 733 Accipite
2647 663 2759 735 (76)
2790 663 3050 732 Spiritum
3088 672 3334 719 sanctum
3362 680 3385 716 ι

1821 758 1963 810 sicut
2015 766 2173 811 antea
2225 756 2428 811 dictum
2484 763 2586 811 est.
2637 754 2748 811 lllis
2794 754 2908 826 (77)
2943 763 3121 810 autem
3185 755 3397 822 verbis,

1826 846 1985 917 «,Non
2024 849 2322 919 relinquam
2350 865 2443 906 vos
2468 848 2764 919 orphanos,
2788 847 2946 903 venio
2979 849 3047 902 ad
3083 861 3199 913 vos,
3230 864 3251 901 ι
3290 846 3397 901 do-

1820 936 1951 1000 cuit,
1993 936 2134 1007 quod
2177 936 2630 1007 quemadmodum
2663 935 2899 1006 Spiritus
2923 933 3038 997 Dei,
3064 932 3226 988 etiam
3265 944 3407 987 ante

1819 1027 2161 1082 manifestum
2183 1042 2339 1083 suum
2357 1030 2799 1091 adventum,erat
2819 1026 2872 1081 in
2900 1026 3184 1093 omnibus;
3208 1024 3287 1078 sic
3308 1024 3393 1079 Fi-

1820 1116 1943 1181 lius,
1968 1118 2131 1172 etiam
2156 1127 2437 1189 postquam
2459 1117 2510 1171 in
2538 1117 2705 1172 caelos
2724 1124 3032 1187 assumptus
3060 1123 3165 1179 est,
3190 1114 3388 1183 ubique
3438 1094 3451 1104 ’

1819 1217 1923 1272 est,
1943 1223 2063 1263 cum
2086 1210 2246 1263 unius
2264 1209 2737 1279 iucircumscriptaz
2754 1208 2976 1263 Deitatis
2995 1222 3060 1263 ac
3098 1206 3388 1261 voluntatis

1818 1300 1927 1353 sint
1948 1299 2292 1369 hyposmses;
2338 1314 2444 1354 non
2474 1300 2619 1369 quod
2650 1298 2765 1368 ipse
2800 1298 2870 1352 sit
2895 1297 3086 1363 Pater,
3115 1307 3171 1351 et
3194 1295 3385 1363 Filius,

1818 1400 1870 1445 et
1897 1389 2130 1459 Spiritus
2156 1388 2249 1445 Dei
2274 1390 2355 1459 (ut
2377 1398 2715 1445 commentus
2741 1386 3151 1457 est-Montanus,
3174 1386 3262 1457 qui
3288 1386 3389 1441 hoc

1820 1482 2056 1537 maxime
2103 1480 2398 1550 Scriptura:
2428 1479 2545 1535 loco
2577 1479 2847 1544 innititur,
2879 1477 3010 1533 illud
3040 1492 3144 1532 non
3174 1476 3407 1542 videns,-

1817 1588 1919 1630 nec
1946 1574 2272 1643 intelligens,
2306 1572 2447 1643 quod
2488 1571 2832 1627 manifestum
2869 1579 2970 1632 est,
3004 1569 3170 1623 alium
3194 1584 3409 1639 nempe-

1817 1665 1883 1722 de
1909 1665 2012 1721 alia
2069 1674 2123 1720 et
2155 1664 2259 1720 alia
2302 1679 2531 1733 persona
2575 1664 2794 1719 dicere:
2832 1680 2851 1714 ‹
2883 1660 3106 1732 Rogabo
3138 1660 3405 1723 Patrem,.

1817 1765 1873 1813 et
1923 1758 2100 1813 mittet
2147 1757 2311 1813 alium
2364 1755 2783 1824 Paracletumo),
2831 1754 2924 1809 sed
2968 1762 3234 1823 quatenus
3259 1766 3409 1807 cum»

140 1843 303 1914 κρίσει
351 1844 621 1917 δευτέραν
649 1845 834 1916 ἄφιξιν
892 1846 1055 1901 αὑτοῦ
1098 1828 1387 1920 ἐσήμανεν.
1422 1846 1497 1903 Εὖ
1536 1849 1591 1903 δὲ
1623 1828 1718 1904 καί

1900 1848 2022 1904 iritu
2048 1856 2236 1904 sancto
2266 1847 2422 1902 simul
2446 1847 2599 1902 adest
2630 1854 2685 1900 et
2718 1845 2833 1916 ipse
2870 1858 2993 1898 cum
3025 1841 3239 1913 propria
3268 1841 3390 1896 sub-

140 1934 194 1986 τὸ
215 1935 411 2003 φάναιο
476 1938 761 2001 «Ἐκεῖνος
805 1940 933 2012 περὶ
990 1939 1125 2011 ἐμοῦ
1178 1942 1583 2013 μαρτυρήσει.»
1654 1942 1718 1995 Ἡ

142 2026 375 2096 ἀλήθεια.
436 2030 631 2101 φησὶν,
672 2032 800 2103 περὶ
842 2031 944 2102 τῆς
973 2031 1249 2102 ἀληθείας,
1308 2034 1400 2086 καὶ
1446 2034 1476 2087 6
1516 2032 1719 2105 Κύριος

144 2118 375 2191 περὶτοῦ
400 2122 635 2196 Κυρίου,
669 2124 728 2177 δν
768 2124 968 2196 τρόπον
1001 2125 1127 2196 περὶ
1159 2124 1252 2179 τοῦ
1284 2125 1497 2197 Πατρὸς
1525 2119 1678 2179 εἶπεν
1699 2142 1715 2159 ο

150 2211 286 2265 «Καὶ
337 2218 614 2287 μαρτυρεῖ
646 2215 777 2286 περὶ
821 2214 957 2286 ἐμοῦ
1015 2217 1043 2269 6
1078 2216 1298 2287 πέμψας
1356 2234 1422 2288 με
1452 2218 1660 2289 Πατήρ.
1692 2235 1711 2269 ι

146 2303 318 2358 Ταῦτα
341 2306 546 2372 πάντα,
585 2307 677 2361 καὶ
708 2309 814 2379 πρὸ
847 2308 982 2362 ὅλων
1006 2308 1065 2362 τὸ
1092 2307 1270 2377 λέγειν
1296 2308 1387 2362 τὸν
1418 2308 1715 2380 Δεσπότην,

150 2414 168 2447 ι
188 2396 469 2470 Ἐρωτήσω
511 2399 606 2452 τὸν
650 2399 891 2472 Πατέρα,
922 2420 941 2453 t
989 2401 1125 2472 ὅπερ
1154 2400 1516 2471 ἀνεπίληπτόν
1549 2403 1716 2465 ἐστιν,

145 2489 198 2542 οὐ
230 2490 363 2544 κατὰ
394 2492 674 2563 κοσμικὴν
694 2492 976 2564 συνήθειαν
1000 2492 1233 2547 νοεῖσθαι
1268 2492 1499 2562 ὀφεῖλον,
1529 2494 1718 2547 Μακε-

147 2579 302 2645 δόνιος
349 2584 584 2654 παρεὶς,
642 2583 721 2654 τῷ
785 2604 803 2635 ι
834 2584 1047 2655 Πέμψει
1103 2603 1122 2636 ι
1189 2584 1568 2656 προσέδραμεν
1623 2584 1718 2638 καὶ

150 2675 471 2745 πῳσεχάρη.
511 2675 719 2747 Ἐχέτω
751 2676 808 2728 δὲ
854 2676 1145 2749 ἀπόκρισιν
1171 2676 1308 2747 πρὸς
1340 2674 1439 2738 τὰς
1469 2677 1718 2740 τοιαύτας

153 2762 265 2829 περὶ
305 2762 397 2815 τοῦ
430 2765 590 2833 ἁγίου
623 2765 937 2836 Πνεύματος
965 2765 1169 2836 φωνὰς,
1200 2765 1267 2836 ἢν
1310 2764 1469 2828 αὐτὸς
1500 2764 1715 2835 ἐρωτώ-

155 2866 295 2919 μενος
346 2852 508 2906 δώσει
555 2854 722 2908 ἕνεκα
769 2854 877 2907 τῶν
928 2855 1057 2926 περί
1102 2853 1198 2907 τοῦ
1256 2852 1385 2907 Υίοῦ
1451 2853 1718 2925 κειμένων

155 2943 307 3012 ἁγίων
334 2946 605 3018 Γραφῶψ
654 2948 749 3003 καὶ
797 2947 955 3003 τοῦτο
1004 2946 1309 3017 γινώσκων,
1354 2947 1435 3002 ὅτι
1486 2945 1718 3018 μάλιστα

158 3036 246 3106 μὲν
294 3039 352 3092 οὐ
404 3043 629 3104 πάντως
677 3042 706 3094 6
759 3040 955 3110 λέγων,
1008 3040 1041 3113 ἢ
1078 3039 1333 3111 πέμπων,
1385 3038 1585 3111 μείζων
1621 3036 1716 3092 τοῦ

158 3128 439 3197 ἀκούοντος,
473 3134 506 3205 ἢ
538 3133 892 3205 πεμπομένου
927 3132 1290 3205 καθέστηκεν·
1327 3130 1462 3185 ἀλλὰ
1484 3130 1573 3185 τὸν
1605 3129 1717 3184 ἴσον

1820 1939 2089 2006 sistentia,
2151 1939 2291 1993 sicut
2343 1951 2555 2007 semper
2616 1936 2812 2005 ubique
2853 1943 2938 1990 est
2985 1934 3150 1989 etiam
3203 1931 3403 1987 Pater-

1820 2030 1933 2088 Nec
1967 2046 2098 2088 vero
2122 2034 2266 2102 quod
2312 2030 2411 2095 ait,
2467 2029 2668 2086 «Venio
2707 2031 2773 2085 ad
2820 2043 2971 2094 vos,»
3022 2028 3225 2083 indicat
3264 2040 3389 2082 eum

1820 2127 2054 2183 secundo
2092 2122 2202 2195 jam
2243 2124 2495 2186 venisse;
2541 2124 2642 2178 etsi
2688 2135 2830 2193 saepe
2878 2120 2982 2176 bac
3029 2119 3237 2175 ratione
3272 2116 3388 2190 (78)

1820 2217 2061 2273 futurum
2112 2217 2275 2271 etiam
2311 2215 2365 2271 in
2397 2215 2484 2270 die
2526 2212 2715 2285 judicii
2763 2212 3057 2269 secundum
3096 2211 3179 2266 sui
3218 2208 3388 2280 ipsius

1820 2310 2111 2365 adventum
2139 2306 2547 2378 signiﬁcaverit.
2582 2304 2727 2359 Bene
2761 2302 2873 2375 (79)
2906 2310 3081 2357 autem
3126 2315 3185 2355 se
3228 2299 3388 2355 habet

1819 2402 1980 2456 etiam
2029 2401 2172 2471 quod
2205 2399 2343 2455 dixit
2373 2416 2387 2451 ε
2420 2416 2438 2449 ι
2470 2396 2564 2452 Ille
2597 2397 2663 2451 de
2686 2411 2773 2450 me
2805 2392 3170 2450 testimonium
3201 2391 3385 2462 perhi-

1819 2492 1985 2549 bebit.
2034 2512 2053 2545 i
2094 2490 2296 2559 Nempe
2327 2488 2547 2548 veritas,
2578 2486 2773 2555 inquit,
2813 2487 2879 2540 de
2925 2485 3173 2546 veritate,
3201 2491 3255 2537 et
3286 2480 3389 2534 Do-

1820 2585 1999 2640 minus
2033 2582 2099 2637 de
2126 2580 2354 2637 Domino
2385 2576 2752 2634 testimonium
2782 2575 2988 2630 reddet.
3026 2572 3201 2629 Simili
3232 2572 3389 2627 modo

1820 2678 1887 2732 de
1907 2676 2066 2731 Patre
2094 2675 2204 2729 ait:
2242 2692 2260 2726 ‹
2290 2672 2355 2727 Et
2385 2670 2749 2727 testiinonium
2785 2668 2897 2741 (80)
2930 2666 3176 2738 perhibet
3202 2665 3269 2721 de
3303 2681 3391 2719 me

1819 2769 1910 2838 qui
1961 2767 2109 2823 misit
2141 2779 2227 2820 me
2256 2764 2437 2820 Pater.
2463 2782 2483 2816 ι
2516 2763 2734 2819 Omittit
2768 2763 2881 2815 haec
2926 2759 3105 2815 omnia
3136 2757 3391 2813 Macedo-

1819 2864 1963 2928 nius,
1986 2875 2067 2916 ac‘
2090 2858 2384 2931 praesertim
2426 2856 2512 2911 illa
2560 2855 2769 2911 Domini
2796 2854 2958 2909 verba
2989 2852 3211 2918 omittit,
3246 2851 3390 2906 «Ro-

1818 2956 1955 3026 gabo
1981 2952 2253 3017 Patrem,»
2290 2966 2410 3021 quae
2429 2960 2484 3005 et
2517 2946 2936 3018 reprehensione
2967 2953 3177 3009 carent,
3216 2956 3395 3013 neque

1813 3045 1968 3117 juxta
2015 3043 2340 3099 mundanam
2382 3037 2635 3109 loquendi
2673 3033 3115 3093 consuetudinem
3164 3030 3394 3101 intelligi

1819 3136 2044 3201 debent;
2066 3134 2151 3190 his
2192 3148 2318 3189 vero
2350 3128 2732 3202 praetermissis
2761 3126 2952 3197 arripit
2981 3138 3193 3191 vocem,
3240 3122 3391 3180 tMit—

158 3220 239 3273 καὶ
291 3187 548 3295 ὁμότιμον
612 3187 870 3288 πολλάκις
932 3187 1242 3298 εὑρίσκεταί
1309 3240 1392 3287 τις
1455 3221 1717 3277 ἀποστέλ-

1902 3265 1918 3291 ,
1943 3243 1962 3277 ι
2004 3187 2163 3293 atque
2198 3223 2251 3277 in
2301 3187 2366 3277 ea
2403 3220 2639 3276 exsultat
2676 3187 2890 3286 sibique
2915 3187 3202 3271 blanditur.
3240 3210 3394 3267 illam

160 3309 250 3365 λων
267 3330 278 3341 °
305 3315 400 3369 οὐκ
425 3317 657 3382 ἀπεικὸς
698 3317 756 3371 δὲ
785 3319 842 3370 ἐν
872 3315 1201 3389 ἀνθρώποις,
1227 3315 1318 3370 τὸν
1348 3315 1606 3378 παντοίας
1631 3313 1719 3367 τέ-

160 3419 275 3474 χνης
298 3406 646 3481 δημιουργὸν,
676 3409 768 3462 καὶ
790 3409 1048 3479 ἀμείνονα
1072 3407 1358 3479 τυγχάνειν
1391 3406 1485 3461 τοῦ
1508 3407 1720 3461 δοκοῦν-

162 3495 238 3557 τος
260 3512 308 3547 τι
328 3496 501 3567 λέγειν
528 3498 701 3570 αὐτῷ,
723 3499 756 3571 ἢ
780 3498 905 3571 [216
927 3498 984 3572 α]
1017 3500 1256 3570 πέμπειν
1277 3500 1457 3554 αὐτόν.
1489 3501 1718 3553 Ἔπειτα

162 3584 231 3638 ὃτι
255 3590 340 3642 καὶ
362 3592 390 3644 6
425 3592 723 3664 μονογενὴς
775 3593 907 3656 Θεὸς
942 3592 1114 3661 Λόγος
1153 3591 1409 3663 ἐπέμφθη
1442 3591 1593 3662 παρὰ
1624 3589 1717 3643 τοῦ

164 3676 434 3755 Πατρδς,ἢ
485 3684 583 3740 τοῦ
625 3686 962 3756 Πνεύματος,
1019 3685 1095 3749 ὡς
1126 3684 1288 3749 αὐτὸς
1334 3684 1483 3755 παρὰ
1524 3682 1720 3754 Ἡσαΐᾳ

166 3766 326 3837 λέγει’
356 3791 373 3825 ι
394 3774 535 3843 Ἐγώ
568 3777 683 3846 εἰμι
712 3776 950 3846 πρῶτος,
981 3774 1075 3828 καὶ
1101 3773 1213 3843 ἐγώ
1250 3775 1365 3844 εἰμι
1396 3773 1477 3835 εἰς
1513 3772 1604 3824 τὸν
1636 3772 1721 3824 αἱ·

167 3859 292 3916 ὦναο
321 3866 492 3940 ήχείρ
527 3885 629 3939 μου
686 3867 1047 3939 ἐθεμελίωσεν
1102 3867 1199 3938 τὴν
1231 3866 1357 3936 γῆν,
1391 3865 1486 3920 καὶ
1509 3868 1542 3935 ἠ
1573 3864 1723 3931 δεξιά

171 3968 257 4019 μου
307 3956 634 4029 ἐστερέωσεν
665 3959 758 4013 τὸν
790 3960 1042 4031 οὐρανόν.
1074 3978 1092 4012 ι
1129 3960 1241 4013 Καὶ
1262 3958 1380 4030 μεθ’
1411 3958 1574 4029 ἔτερα
1599 3959 1720 4012 ἐπι-

169 4043 335 4116 φέρει·
391 4053 548 4107 «Καὶ
600 4052 696 4105 νῦν
739 4053 944 4124 Κύριος
1005 4052 1347 4107 ἀπέσταλκέν
1400 4069 1490 4123 με,
1539 4052 1633 4105 καὶ
1661 4049 1723 4104 τὸ

172 4133 367 4211 Πνεῦμα
391 4144 578 4198 αὐτοῦ.
604 4164 624 4197 ›
664 4146 828 4200 ’Ὥστε
884 4146 946 4199 οὐ
987 4146 1265 4216 πέμπεται
1299 4143 1440 4198 κατὰ
1458 4145 1557 4215 τὴν
1581 4146 1721 4199 ἀπο-

173 4228 399 4306 στόλωνῆ
456 4238 756 4310 προφητῶν
795 4238 1099 4308 ἀποστολὴν
1123 4237 1183 4291 τὸ
1213 4236 1437 4307 Πνεῦμα
1455 4236 1551 4290 τοῦ
1586 4236 1720 4289 Θεοῦ

175 4319 252 4371 καὶ
295 4323 517 4398 Πατρὸς,
555 4330 670 4383 ἀλλ’
691 4331 766 4394 ὡς
786 4330 1013 4401 Πνεῦμα
1045 4328 1209 4383 αὑτοῦ
1229 4347 1242 4360 ·
1280 4330 1375 4383 καὶ
1402 4328 1521 4382 οὐδὲ
1556 4346 1721 4400 μετα-

174 4406 399 4484 δατικῶς,
432 4423 619 4494 ἐπειδὴ
660 4423 781 4476 οὐδὲ
829 4425 858 4477 6
886 4422 1096 4493 Πατὴρ,
1129 4416 1190 4477 οῦ
1237 4421 1337 4494 τῆς
1370 4421 1721 4487 ὑποστάσεως

178 4498 371 4579 Πνεῦμά
398 4514 564 4579 ἐστιν,
595 4515 793 4585 πέρασι
818 4513 1278 4587 περιγέγραπται.

1820 3333 1949 3375 vero
2006 3319 2177 3388 ipsam
2228 3315 2275 3370 is
2310 3316 2507 3371 habeat
2559 3311 2993 3382 responsionem,
3052 3304 3216 3378 “3
3264 3305 3390 3359 dum

1819 3412 1986 3469 hasce
2026 3424 2190 3465 voces
2221 3409 2285 3462 de
2322 3404 2527 3476 Spiritu
2562 3411 2754 3459 saneto
2790 3402 2963 3456 dictas
2991 3397 3199 3467 objicit,
3228 3409 3390 3465 quam

1818 3489 2188 3574 interrogatus
2209 3500 2360 3555 dabit
2390 3499 2624 3570 ipsemet
2652 3494 2852 3550 similia
2888 3506 3058 3547 sacra:
3091 3488 3391 3557 Scriptum

1819 3597 1939 3654 loca
1988 3596 2055 3652 de
2107 3594 2245 3650 Filio’
2292 3592 2433 3648 dicta
2484 3585 2883 3658 objicieutibus.
2933 3586 3012 3639 Ac
3057 3580 3186 3637 illud
3226 3579 3391 3633 etiam

1820 3689 1987 3756 norit,
2033 3701 2176 3757 saepe
2226 3685 2466 3755 quidem,
2520 3682 2614 3736 sed
2661 3693 2767 3734 non
2822 3689 3057 3744 semper,
3090 3685 3262 3742 neque
3290 3685 3389 3725 ne-

1821 3779 2061 3838 cessario
2101 3792 2250 3845 eum,
2296 3777 2387 3846 qui
2438 3774 2569 3830 dicit
2612 3771 2767 3843 quasi
2814 3767 3111 3840 praecipiat,
3168 3772 3261 3818 aut
3298 3764 3393 3833 qui

1824 3872 2008 3935 mittit,
2069 3869 2332 3939 majorem
2384 3882 2505 3922 esse
2534 3864 2626 3921 illo
2675 3862 2766 3933 qui
2814 3860 2984 3924 audit,
3018 3867 3110 3912 aut
3135 3855 3397 3919 mittitur;

1822 3962 1917 4017 sed
1974 3975 2116 4030 saepe
2157 3957 2497 4026 contingere,
2549 3963 2609 4009 ut
2635 3952 2756 4023 quis
2787 3965 2911 4005 eum
2941 3948 3139 4012 mittat,
3171 3944 3263 4015 qui
3289 3943 3394 3998 sibi

1822 4052 2048 4123 aequalis
2086 4059 2141 4107 et
2190 4049 2384 4120 aequali
2421 4049 2624 4103 honore
2677 4045 2872 4115 dignus
2910 4041 3017 4106 sit;
3052 4052 3226 4107 neque
3261 4049 3395 4091 vero

1825 4144 2123 4199 absurdum
2172 4157 2315 4207 esse,
2366 4149 2425 4196 ut
2472 4141 2613 4194 inter
2656 4137 2901 4192 homines
2941 4132 3029 4188 ille
3074 4130 3166 4201 qui
3198 4129 3270 4186 sit
3297 4142 3393 4182 cuv

1816 4233 2039 4304 juslibet
2077 4232 2214 4288 artis
2240 4232 2443 4303 opifex,
2483 4230 2555 4284 sit
2585 4230 2747 4285 etiam
2786 4227 2960 4297 major
2999 4224 3110 4289 illo,
3153 4222 3245 4293 qui
3280 4219 3401 4290 ipsi-

1822 4326 2023 4397 aliquid
2051 4324 2228 4380 dicere
2259 4338 2323 4377 ac
2361 4321 2653 4393 praecipere
2692 4321 2964 4383 videatur,
2997 4327 3089 4373 aut
3117 4333 3240 4372 eum
3266 4320 3395 4374 mit-

1823 4430 1957 4474 tere.
2008 4416 2214 4471 Deinde
2254 4415 2419 4479 norit,
2466 4416 2630 4470 etiam
2688 4412 3024 4482 unigenitum
3066 4410 3231 4465 Deum
3266 4408 3398 4464 Ver-

1822 4511 1949 4565 bum
1983 4509 2208 4565 missum
2232 4524 2400 4562 essea
2433 4506 2614 4572 Patre,
2654 4516 2748 4559 aut
2782 4520 2812 4559 a
2846 4504 3091 4575 Spiritu;
3126 4518 3249 4557 nam
3281 4503 3399 4570 ipse

176 4600 293 4665 apud
335 4600 516 4661 Isaiam
590 4606 741 4677 prius
788 4607 1006 4675 quidem
1057 4604 1232 4658 dicit:
1266 4621 1286 4654 ι
1352 4603 1462 4673 Ego
1500 4617 1618 4656 sum
1668 4601 1781 4672 (8|)
1820 4601 2049 4671 primus,
2094 4609 2147 4654 et
2170 4614 2270 4669 ego
2313 4613 2431 4652 sum
2473 4600 2524 4651 in
2561 4597 2815 4652 saeculum
2847 4615 2861 4650 :
2897 4610 3087 4649 manus
3118 4609 3235 4649 mea
3269 4594 3392 4667 fun-

178 4689 300 4747 davit
332 4706 541 4766 terram,
589 4710 643 4754 et
686 4699 906 4753 dextera
958 4711 1073 4750 mea
1122 4695 1355 4749 ﬁrmavit
1412 4694 1651 4751 ctelum:
1687 4712 1705 4746 ι
1752 4704 1865 4747 ιυιη
1911 4708 2042 4748 vero
2114 4700 2236 4761 post
2314 4690 2417 4744 alia
2460 4691 2686 4745 subdit:
2725 4707 2745 4740 ι
2776 4688 2842 4743 Et
2888 4702 3032 4743 nunc
3061 4685 3395 4759 (82).Domi-

179 4798 262 4838 nus
291 4789 424 4846 misit
447 4810 530 4849 me
561 4802 617 4848 et
646 4792 882 4862 Spiritus
911 4791 1048 4858 ejus.
1083 4810 1101 4843 ι
1131 4789 1247 4843 Non
1277 4787 1509 4843 mittitur
1536 4788 1717 4857 itaque
1759 4786 1995 4855 Spiritus
2042 4785 2132 4840 Dei
2170 4793 2224 4838 et
2258 4783 2434 4837 Patris
2460 4797 2524 4837 eo
2556 4783 2715 4836 modo
2743 4794 2851 4850 quo
2913 4781 3201 4835 mittuntur
3257 4792 3387 4846 apo-

182 4877 282 4930 stoli
316 4882 445 4953 (83),
479 4895 572 4939 aut
612 4886 909 4954 prophetae,
942 4883 1035 4938 sed
1060 4893 1116 4936 ut
1139 4881 1375 4951 Spiritus
1406 4878 1563 4948 eius;
1610 4896 1709 4935 nec
1747 4879 1980 4934 mittitur
2012 4887 2071 4932 ut
2104 4876 2323 4930 aliunde
2372 4874 2439 4929 ad
2477 4874 2580 4928 alia
2640 4872 3057 4942 transmigraus,
3125 4872 3379 4941 quoniam

185 4982 243 5024 ue
263 4972 406 5031 Pater
427 4979 669 5048 quidem,
696 4980 849 5043 cuius
872 4976 1180 5048 hypostasis
1206 4984 1289 5030 est
1317 4974 1574 5044 Spiritus,
1608 4974 1857 5029 terminis
1891 4970 2343 5039 circumscriptus
2368 4976 2472 5021 est.

767 5071 924 5125 ΚΕΦ.
953 5068 1075 5123 ΛΘ¹.

246 5154 347 5209 Ἔτι
372 5162 773 5235 σμικρύνοντες,
821 5161 917 5214 καὶ
946 5160 1024 5231 τῷ
1058 5159 1263 5214 ἑαυτῶν
1298 5158 1452 5231 κακῷ
1495 5175 1723 5212 κατακι-

189 5240 489 5319 βδηλεύοντες
507 5255 576 5309 τὰ
601 5256 728 5327 περὶ
754 5253 850 5308 τοῦ
882 5252 1034 5321 ἁγίου
1076 5252 1412 5321 Πνεῦματος,
1446 5249 1727 5313 ὀνειδίζου-

189 5348 257 5386 σιν
276 5340 406 5416 αὑτῷ
441 5348 532 5401 καὶ
559 5347 727 5419 ἄλλην
754 5345 940 5415 θεῖκὴν
964 5342 1396 5415 φιλανθρωπίαν,
1418 5342 1487 5413 ἢν
1511 5340 1722 5403 Παῦλος

372 5529 611 5600 Accipite.
638 5530 793 5587 Joan.
827 5545 921 5589 xx.
951 5528 1041 5581 22.

373 5590 695 5657 illis'aulent.
721 5603 926 5664 Codex,
951 5600 1012 5652 τὸ
1035 5598 1113 5652 δέ.
1137 5594 1444 5667 Legendum
1472 5594 1719 5657 fortasse,

202 5676 255 5705 ἴω

374 5736 479 5797 Hac
508 5746 731 5801 ratione.
765 5740 921 5805 Cod.,
954 5742 991 5812 ὴ
1017 5739 1293 5803 πολλάκις.
1328 5735 1489 5805 Lego,
1594 5732 1721 5786 πολ-

256 5870 349 5945 179)
374 5876 516 5941 Bene.
546 5884 785 5941 Similem
833 5884 994 5939 habet
1036 5882 1364 5941 locutionem
1399 5878 1451 5935 iu
1495 5876 1587 5933 lib.
1648 5885 1722 5941 De

2388 5057 2541 5114 CAP.
2593 5055 2833 5111 XXXIX.

1900 5154 2225 5212 lmminuere
2263 5152 2439 5208 adhuc
2488 5161 2542 5205 et
2577 5150 2629 5205 in
2661 5164 2814 5203 suam
2844 5146 3081 5217 ipsorum
3104 5146 3398 5216 perniciem

1829 5251 2138 5305 adulterare
2182 5262 2246 5302 ea
2292 5260 2412 5316 qua:
2438 5244 2504 5298 de
2535 5241 2740 5312 Spiritu
2774 5250 2968 5297 sancto
2998 5239 3202 5309 scripta
3251 5247 3397 5302 sunt,

1832 5350 2118 5413 pergentes
2148 5338 2482 5409 exprobrant
2516 5335 2691 5391 eidem
2740 5333 2899 5387 aliam
2944 5346 3160 5402 quoque
3203 5328 3297 5384 Dei
3344 5330 3409 5384 in

1832 5520 1929 5587 Sp.
1951 5531 2154 5590 sancta,
2174 5538 2322 5577 num.
2343 5522 2411 5577 15
2435 5539 2448 5576 :
2483 5538 2501 5571 ι
2532 5518 2676 5573 Bene
2698 5514 3039 5590 autemquod
3066 5512 3118 5566 in
3148 5511 3259 5580 ipsa
3278 5524 3401 5565 sen-

1834 5586 1998 5646 tentia
2032 5586 2265 5656 nou'ait,
2295 5594 2395 5660 Qui
2436 5590 2785 5660 ereayi,.sed,
2816 5607 2834 5638 ι
2866 5586 2965 5660 Qui
2992 5598 3136 5639 creo.
3169 5600 3192 5633 ›

1902 5662 2015 5731 (80)
2052 5662 2118 5731 ει
2150 5657 2525 5718 testimonium.
2560 5658 2715 5713 .Ioau.
2749 5657 2990 5731 yttt._18.

1901 5727 2013 5802 (81)
2042 5727 2154 5803 Ego
2184 5751 2319 5787 sum.
2356 5734 2456 5789 lsa.
2494 5745 2693 5803 χιι-ιιι,
2713 5727 2797 5803 12,
2832 5728 2916 5783 l3.

1899 5800 2013 5871 (82)
2040 5800 2107 5857 Ei
2132 5820 2286 5858 nunc.
2319 5803 2419 5859 lsa.
2445 5817 2632 5864 vattt,
2672 5800 2760 5871 16.

1901 5863 2013 5947 (85)
2040 5872 2452 5947 ραοςηιὶαιιηιιιν
2474 5863 2722 5941 apostoli.
2750 5866 2804 5923 lu
2827 5866 2966 5923 libro
2984 5863 3058 5922 De
3079 5863 3173 5931 Sp.
3193 5867 3409 5933 sancte,
