3738 6350
173 385 247 442 931
1163 375 1250 430 DE
1289 375 1660 431 TRINITATE
1699 377 1899 433 LIBER
1940 378 2262 436 TERTIUS.
3243 327 3370 464 9.82..

168 495 312 568 ἡμῶν,
347 509 363 542 ι
385 489 556 554 Ἀδδεί,
582 508 601 542 ι
643 490 741 553 τάς
789 489 976 558 κωφάς
1000 490 1290 560 αἱρετικῶν
1336 491 1504 554 ἀκοὰς
1536 491 1644 545 διδά

1953 496 2172 565 insuper
2235 510 2333 549 nos
2406 496 2761 566 regeneravit,
2818 506 2873 550 et
2917 511 2946 550 a
2998 507 3220 565 peccato
3282 516 3386 552 ac-

167 603 283 647 σχον,
330 583 402 635 ὅτι
429 580 581 643 αὑτός
613 583 758 634 ἐστιν
794 583 823 633 ὁ
871 580 1092 634 ὲνοικῶν
1137 585 1247 646 τοῖς
1281 584 1490 645 πιστοῖς
1526 582 1643 646 Θεὸς

1875 593 1964 638 rte
2005 583 2277 649 liberavit,
2325 593 2378 638 et
2415 583 2794 647 sanctiﬁcavit,
2841 594 2895 639 et
2941 583 3078 638 ﬁlios
3121 587 3210 639 Dei
3254 599 3351 654 pro

165 672 360 736 κατὰτὸ,
394 688 412 722 ι
433 671 720 742 Ἐνοικήσω
771 674 829 724 ἐν
859 671 1060 735 αὐτοῖς,
1091 673 1183 724 καὶ
1207 673 1641 742 ὲμπεριπατήσω

1875 694 1879 724 ι
1938 673 2176 728 bonitate
2225 674 2375 729 fecit.
2430 673 2616 742 Itaque
2660 676 2966 743 priusquam
2999 675 3064 729 ab
3104 675 3218 744 ipso
3258 690 3351 743 per

165 765 236 817 καὶ
256 762 422 830 ἔσομαι
450 760 620 815 αὐτῶν
647 761 798 825 Θεὸς,
826 762 920 815 καὶ
946 762 1099 815 αὐτοὶ
1123 761 1332 816 ἔσονταί
1357 779 1447 832 μοι
1474 763 1629 826 λαός’

1873 765 2271 828 tminationem,
2296 765 2346 820 id
2377 773 2458 818 est
2493 779 2587 832 per
2619 764 2904 833 baptisma,
2948 778 3349 832 regeneremuir,

165 856 276 909 κατὰ
301 854 378 905 τὸν
414 852 726 906 ’Δπόστολον
760 853 1073 923 γράφοντα*
1146 871 1164 905 ι
1202 853 1315 908 Οὐκ
1354 853 1552 916 οἴδατε,
1594 855 1641 907 δι

1890 855 2150 910 convenit
2183 855 2397 924 quidem
2422 853 2533 926 (9'5)
2581 855 2733 909 nobis
2767 855 2945 910 dicere
2978 872 2991 907 :
3025 872 3044 904 ι
3071 854 3231 908 Pater
3255 869 3351 908 n0-

164 947 263 1008 νιὸς
284 943 401 997 Θεοῦ
427 944 566 1007 ἐστε,
595 945 690 998 καὶ
741 945 802 998 τὸ
849 944 1074 1016 Πνεῦμα
1118 944 1214 1000 τοῦ
1266 943 1402 998 Θεοῦ
1434 947 1573 999 οἰκεῖ
1618 947 1640 998 ἐ

1885 962 1918 1010 ν,
1950 946 2040 1014 qui
2075 961 2135 1000 es
2162 946 2214 1000 in
2237 945 2409 1008 caelis,
2445 965 2465 999 ι
2497 931 2576 1000 Ad
2610 945 2746 1011 haec,
2789 946 2843 1000 in
2873 946 3126 1001 cordibus
3149 946 3361 1001 nostris-

164 1038 262 1106 ὑμῖν
283 1053 296 1100 ;
318 1053 336 1086 ι
391 1035 646 1104 Αίρετικοὶ
667 1035 722 1088 δέ
746 1036 829 1099 τὸ,
856 1037 1041 1089 «Ὅσοι
1065 1035 1338 1106 Πνεύματι
1361 1035 1494 1088 Θεοῦ
1522 1036 1640 1104 ἄγοι

1874 1045 2004 1100 mat,
2027 1036 2227 1101 «Abba,
2243 1054 2262 1088 ι
2287 1035 2516 1106 Spiritus
2539 1037 2950 1105 sanctussurdis
2969 1038 3341 1092 haereticorum

161 1146 247 1190 τοι,
275 1119 401 1178 οὗτοι
453 1127 556 1179 υἱοὶ
584 1125 718 1179 Θεοῦ
755 1128 908 1190 εἰσιν,
942 1146 960 1178 ι
999 1127 1092 1180 καὶ
1135 1127 1235 1180 ὃσα
1259 1125 1507 1190 τοιαῦτα,
1552 1143 1637 1196 πει

1881 1125 2007 1180 ιίὺυε
2059 1127 2338 1191 insonans,
2388 1141 2453 1182 ac
2503 1141 2598 1180 eos
2645 1126 2869 1192 docens,
2909 1126 3050 1194 quod
3100 1127 3211 1197 ipse
3265 1136 3357 1181 est

161 1218 229 1272 τοῦ
255 1218 364 1270 ἰδίου
397 1217 546 1287 ἡμῶν
599 1217 924 1289 πνεύματος,
958 1219 1018 1271 οὺ
1049 1217 1178 1288 περὶ
1198 1217 1291 1272 τοῦ
1315 1219 1468 1287 ἁγίου
1498 1216 1637 1270 Πνεύ

1881 1233 1919 1273 ιε
1965 1218 2068 1280 ille,
2117 1217 2282 1292 ME.
2323 1219 2413 1288 qui
2471 1219 2734 1273 inhabitat
2781 1218 2836 1273 in
2883 1219 3148 1283 ﬁdelibus,
3192 1219 3357 1288 juxta:

162 1325 295 1378 ματος
325 1306 556 1378 εἰρῆσθαι
588 1307 883 1376 βιάζονται.
931 1309 1123 1380 Κρίνει
1143 1309 1201 1362 δέ
1221 1309 1354 1362 αὐτὸ
1382 1311 1416 1380 ἡ
1458 1309 1638 1376 ἐπαγα

1875 1310 1906 1364 d
1933 1327 1985 1364 τι
2018 1308 2463 1379 1ηὺοθὶιιώο(91)
2491 1310 2541 1364 in
2567 1311 2666 1374 eis,
2693 1320 2746 1364 et
2773 1309 2821 1364 in
2850 1311 2928 1366 eis
2956 1311 3236 1367 arubulaho
3261 1322 3343 1378 ;et

159 1400 230 1468 γὴ,
258 1397 430 1466 ἔχουσα
453 1412 465 1425 ο
505 1416 522 1446 ι
549 1395 626 1451 Οὐ
658 1398 766 1469 γὰρ
804 1398 1023 1452 ἐλάϐετε
1050 1397 1265 1469 πνεῦμα
1291 1396 1529 1461 δουλείας
1569 1396 1635 1450 πά

1917 1415 2102 1454 eorum
2134 1398 2300 1464 Deus,
2329 1410 2384 1456 et
2417 1397 2518 1469 ipsi
2550 1413 2710 1456 erunt
2752 1403 2882 1456 mihi
2933 1405 3198 1472 populus;
3226 1422 3244 1455 ι
3289 1414 3344 1457 et

163 1488 226 1540 λιν
264 1489 332 1550 εἰς
374 1487 557 1556 φόϐον,
594 1488 708 1542 ἀλλ’
768 1489 989 1542 ἐλάῦετε
1054 1488 1276 1560 Πνεῦμα
1337 1487 1624 1549 υἱοθεσίας.

1881 1500 1928 1543 ta
1963 1489 2279 1559 Apostolum
2332 1491 2695 1545 scribentem:
2760 1509 2778 1542 ι
2805 1491 2888 1544 An
2952 1492 3172 1546 nescitis
3204 1492 3355 1563 (95),.

165 1579 344 1641 Πάντως
381 1579 480 1648 γὰρ
523 1576 734 1649 ἔχοντες
786 1579 888 1650 ἤδη
941 1580 1002 1632 τὸ
1056 1581 1184 1633 ἴδιον
1247 1578 1399 1650 ἡμῶν
1438 1577 1641 1648 πνεῦμα

1875 1581 1922 1634 id
1957 1578 2213 1649 templum
2249 1578 2341 1634 Dei
2380 1579 2531 1646 estis,
2567 1589 2620 1633 et
2650 1577 2884 1648 Spiritus
2923 1581 3013 1634 Dei
3057 1582 3260 1636 habitat
3289 1584 3351 1636 in.

161 1670 511 1741 πῳσελάῦομεν
530 1671 590 1723 τὸ
617 1671 715 1741 τῆς
750 1671 1018 1735 υἱοθεσίας
1038 1672 1191 1740 ἅγιον
1215 1671 1460 1742 Πνεῦμα.

1865 1669 1973 1724 iis?
2004 1689 2022 1721 ι
2077 1668 2324 1723 [heretici
2355 1683 2484 1723 vero
2527 1669 2680 1736 illud,
2728 1687 2747 1720 ι
2779 1668 3095 1739 Quicunque
3135 1668 3341 1739 Spiritu

159 1755 229 1818 Dei
261 1776 484 1834 aguntur,
516 1765 568 1818 hi
600 1767 692 1820 ﬁlii
725 1768 814 1822 Dei
846 1779 992 1832 sunt,
1025 1785 1045 1819 ›
1081 1769 1294 1836 aliaque
1325 1767 1520 1822 similia
1587 1767 1703 1822 loca
1737 1765 1803 1821 de
1851 1766 2066 1835 proprio
2114 1774 2299 1820 nostro
2345 1766 2559 1835 spiritu,
2615 1780 2721 1820 non
2757 1766 2821 1819 de
2869 1766 3072 1833 Spiritu
3140 1776 3330 1822 sancto

158 1856 270 1908 dicta
297 1870 406 1909 esse
433 1859 776 1915 contendunt.
809 1858 913 1914 Sed
979 1876 1074 1915 eos
1139 1860 1387 1915 refellunt
1452 1875 1570 1929 qua:
1601 1857 1960 1927 subjiciuntur
1985 1877 2002 1912 :
2049 1877 2068 1910 ‹
2099 1857 2212 1918 Non
2239 1857 2382 1912 enim
2446 1859 2731 1929 acrepistis
2771 1858 3017 1929 spiritum
3061 1858 3344 1914 Servitutia

155 1947 313 2000 iterum
339 1947 389 2000 in
417 1947 626 2012 timore,
651 1949 745 2004 sed
772 1952 1054 2020 accepistis
1079 1951 1338 2020 Spiritum
1369 1949 1670 2020 ad0ptionis
1708 1949 1761 2002 in
1806 1948 1966 2004 ﬁlios.
1991 1967 2011 2000 ι
2057 1947 2192 2002 llinc
2221 1949 2364 2001 enim
2396 1949 2733 2017 perSpicuum
2763 1947 2982 2002 omnino
3047 1959 3148 2014 εει,
3220 1963 3352 2032 ιιοε,⁸

154 2050 247 2086 cum
276 2037 529 2104 proprium
581 2046 822 2094 nostrum
867 2043 1113 2110 spiritum
1183 2041 1292 2110 jam
1338 2041 1684 2104 haberemus,
1703 2043 1988 2110 'accepisse
2035 2041 2255 2110 insuper
2319 2038 2581 2108 Spiritum
2614 2049 2858 2093 sanctum
2932 2040 3236 2108 adaptionis
3279 2041 3344 2108 in

155 2124 276 2178 ﬁlios.

736 2218 892 2270 ΚΕΦ.
921 2218 1006 2270 M'.
1698 2225 1746 2285 Β

1698 2225 1746 2285 Β
2395 2214 2546 2270 CAP.
2601 2214 2710 2270 XL.

214 2306 538 2379 Ἐθελεχθρῶς
571 2308 665 2362 κα)⁴
724 2310 1213 2381 φιλαπεχθημόνως
1280 2314 1494 2386 ἔχοντες
1529 2312 1666 2384 πρὸς

1859 2311 1974 2365 Sum
2024 2309 2241 2366 inimico
2281 2309 2392 2381 (96)
2433 2320 2596 2378 atque
2641 2308 2821 2364 hostili
2856 2308 3036 2363 animo
3077 2307 3335 2378 Spiritum

157 2397 196 2449 τὸ
217 2398 344 2465 Ξγιον
379 2397 617 2467 Πνεῦμα,
653 2400 1004 2469 κακοφρόνως
1032 2403 1460 2473 ἐκλαμϐάνουσιν
1493 2406 1588 2458 καὶ
1606 2422 1633 2458 τ

1859 2411 2014 2456 ictum
2067 2402 2413 2466 insecteutur,
2461 2414 2625 2470 pravo
2662 2415 2821 2454 sensu
2875 2399 3140 2468 accipiunt
3173 2400 3335 2453 etiam

151 2489 250 2558 mp‘
280 2488 478 2560 Ἰωάννῃ
499 2489 650 2559 παρὰ
668 2489 761 2542 τοῦ
801 2489 1050 2562 Σωτῆρος
1086 2491 1272 2564 λεχθὲν
1310 2495 1436 2565 περὶ
1462 2494 1623 2548 αὑτοῦ

1855 2493 1912 2546 od
1934 2490 2074 2560 apud
2097 2489 2358 2546 Joannem
2388 2508 2416 2544 a
2441 2489 2721 2546 Salvatore
2752 2489 2818 2543 de
2845 2489 2959 2558 ipso
2978 2489 3178 2543 dictum
3208 2499 3291 2550 est
3316 2505 3331 2543 :

155 2580 376 2640 ιἘκείνος
402 2579 498 2649 ἐμὲ
523 2579 755 2646 δοξάσει,
794 2582 873 2634 ὅτι
895 2585 959 2635 ἐκ
986 2582 1079 2635 τοῦ
1109 2584 1243 2655 ἐμοῦ
1283 2587 1534 2656 λήψεται,
1574 2605 1631 2640 κο

1859 2584 1919 2638 lle
1950 2583 2059 2654 (97)
2093 2599 2177 2639 me
2205 2583 2548 2654 gloriﬁcabit,
2589 2583 2712 2652 quia
2754 2582 2818 2636 de
2857 2598 2974 2635 meo
3004 2583 3252 2652 accipiet,
3279 2593 3335 2637 et

152 2667 384 2735 ἀναγγελεῖ
403 2669 543 2738 ὑμῖν.
582 2690 601 2721 ι
661 2671 733 2724 Οὐ
765 2671 873 2744 γὰρ
929 2671 1103 2744 θέμις,
1137 2675 1211 2737 ὡς
1236 2675 1303 2727 τὰ
1329 2676 1628 2744 ἀνθρώπινα

1861 2675 2111 2730 tuntiabit
2150 2675 2323 2728 vobis.
2351 2693 2370 2726 ι
2420 2672 2528 2727 Nec
2571 2673 2714 2727 enim
2762 2670 2844 2726 fas
2876 2683 2958 2726 est
2996 2682 3053 2726 ut
3079 2675 3337 2734 humana,

151 2760 258 2813 οὕτω
278 2761 360 2813 καὶ
410 2760 475 2826 τά
499 2761 592 2814 τοῦ
645 2762 778 2815 Θεοῦ
814 2767 974 2829 νοεῖν,
1003 2766 1123 2818 οὑδέ
1151 2770 1217 2837 τῇ
1255 2769 1530 2840 ὁμοιότητι
1560 2769 1627 2822 τῶ

1897 2765 2059 2820 etiam
2110 2766 2286 2819 divina
2341 2765 2628 2833 accipere,
2686 2759 2856 2832 neque
2905 2763 2971 2816 oh
3025 2778 3211 2816 vocum
3270 2779 3335 2817 ac

151 2853 383 2923 καθ’ἠμᾶς
410 2853 604 2919 λέξεων
654 2855 748 2907 καὶ
802 2855 1020 2911 ἐννοιῶν
1071 2857 1132 2910 τὸ
1166 2859 1306 2912 θεῖον
1343 2860 1627 2932 ἐνυὸρίζειι

1859 2857 2160 2911 utentiarum
2217 2870 2366 2909 more
2411 2867 2592 2908 nostro
2634 2854 2894 2908 dictarum
2933 2853 3335 2908 similitudinem

151 2941 195 2995 τὸ
218 2945 446 3015 μηδαμῶς
498 2947 631 3016 ἡμῖν
678 2949 1012 3020 προσεοικός.
1061 2950 1285 3014 Δοξάσει
1326 2947 1440 3018 οὖν,
1474 2956 1627 3024 φησὶκ

1857 2950 2062 3014 ’initati,
2107 2963 2226 3018 quae
2271 2962 2610 3016 nequaquam
2651 2946 2807 3000 nobis
2845 2945 3032 3000 similis
3060 2955 3162 3008 est,
3191 2943 3333 3011 inju—

153 3034 252 3086 καθὸ
277 3037 334 3088 τὰ
359 3037 489 3090 αὐτὰ
509 3038 655 3108 ὑμᾶς
682 3038 900 3103 διδάξει,
930 3039 1072 3111 άπερ
1099 3041 1209 3109 ἐγώ
1228 3058 1241 3071 -
1279 3042 1388 3110 ἐγὼ
1419 3045 1496 3107 δὲ,
1525 3045 1627 3099 ἆπε

1859 3056 1906 3092 m
1939 3039 2137 3094 inferre
2176 3037 2318 3092 licet.
2353 3036 2686 3099 Gloriﬁcabit
2733 3051 2884 3105 ergo,
2920 3033 3111 3106 inquit,
3144 3045 3332 3102 quate-

151 3126 332 3196 ἧιιουσεν
354 3131 380 3181 ὁ
438 3131 631 3201 Πατήρ
653 3147 666 3160 ο
722 3133 815 3184 καὶ
848 3133 982 3186 καθὸ
1012 3134 1120 3187 ἀπὸ
1139 3134 1238 3204 τῆς
1259 3134 1424 3188 αὑτοῦ
1459 3134 1627 3203 άφάτο

1859 3146 1874 3184 ς
1915 3131 2100 3185 eadem
2151 3144 2244 3184 vos
2279 3129 2517 3192 docebit,
2549 3144 2666 3196 quae
2699 3142 2838 3195 ego;
2877 3141 2976 3198 ego
3013 3137 3189 3180 autem
3217 3140 3335 3195 quae

153 3216 310 3290 (ilibj
341 3221 748 3292 μεγαλειότητος
811 3223 1066 3289 ἐπιδείξει
1100 3225 1194 3278 καὶ
1243 3225 1343 3296 τῆς
1374 3226 1510 3298 ἐμῆς
1551 3227 1629 3280 θεέ

1860 3223 1954 3278 livi
1995 3239 2024 3276 a
2071 3223 2234 3279 Patre
2284 3223 2419 3294 (98).
2467 3222 2799 3278 Gloriﬁcahit
2859 3227 3021 3278 etiam
3070 3235 3336 3305 quatenus

151 3307 272 3379 τητος
311 3313 364 3364 τὸ
404 3314 700 3384 άμέγεθες·
755 3317 850 3369 καὶ
891 3318 950 3370 οὐ
983 3316 1156 3388 τούτῳ
1221 3317 1368 3389 μόνῳ
1427 3317 1504 3388 τῷ
1535 3318 1627 3390 τρά

1857 3331 1868 3368 ι
1914 3314 2241 3370 ineﬂabilem
2295 3315 2633 3383 maiestatem
2690 3331 2842 3370 suam
2900 3317 3143 3371 ostendet
3200 3332 3333 3373 mea:

153 3418 230 3470 τῳ.
252 3403 367 3457 ἀλλὰ
391 3406 482 3459 καὶ
510 3406 647 3460 καθὸ
705 3408 1047 3480 γέγραπται·
1084 3429 1104 3461 ο
1126 3409 1252 3472 Υἱὸς
1305 3409 1514 3474 δοξάζει
1544 3411 1629 3465 Πα

1854 3421 1984 3477 nque
2026 3408 2246 3464 deitatis
2283 3407 2624 3463 inﬁnitatem.
2653 3407 2991 3464 Gloriiicabit
3025 3411 3243 3479 insuper
3265 3426 3330 3464 eo

153 3493 277 3563 τέραο
301 3514 317 3547 ι
361 3497 466 3561 καὶ,
531 3517 550 3550 ι
575 3499 713 3566 Δόξα
749 3500 901 3571 ἡλίου
944 3502 1004 3554 τὸ
1029 3500 1144 3570 φῶς
1166 3518 1178 3530 ο
1203 3520 1222 3551 ι
1256 3501 1348 3554 καὶ
1380 3500 1455 3565 ὼς
1479 3496 1628 3554 εἷπον

1855 3515 1932 3556 ιευ
1965 3515 2071 3567 quo
2101 3501 2357 3571 scriptum
2386 3510 2468 3553 est
2502 3519 2514 3553 :
2562 3518 2580 3550 ι
2613 3499 2782 3553 Filius
2807 3501 2914 3569 (99)
2942 3501 3206 3570 gloriﬁcat
3233 3517 3330 3571 pa-

157 3585 372 3650 «Δόξασόν
397 3605 481 3658 με,
513 3591 698 3660 Πάτερ
722 3607 734 3619 ·
766 3610 786 3641 ›
812 3591 904 3644 καὶ
937 3591 1206 3662 ἀπεκρίθη
1257 3607 1382 3660 μοι’
1419 3610 1437 3641 ι
1462 3589 1633 3655 Ἐδόξα

1858 3606 1989 3658 ιη;›
2023 3601 2077 3644 et
2108 3606 2214 3659 quo
2255 3609 2274 3641 ι
2310 3588 2490 3644 Gloria
2523 3590 2651 3644 solis
2703 3589 2778 3660 (1)
2821 3591 3013 3644 dicitur
3061 3590 3186 3655 lux;
3218 3612 3236 3643 ι
3280 3601 3333 3646 ei.

156 3683 204 3735 σά
227 3699 291 3744 σε,
338 3686 422 3738 καὶ
455 3685 614 3741 πάλιν
658 3685 883 3750 δοξάσω.
909 3705 928 3739 ι
971 3687 1044 3741 Οὐ
1075 3686 1184 3756 γὰρ
1207 3687 1367 3756 ὑμνεί
1384 3685 1458 3746 ὡς
1482 3689 1516 3757 ἡ
1547 3686 1632 3740 κτί

1864 3701 1872 3734 μ
1921 3683 2028 3736 dixi
2058 3700 2072 3735 :
2115 3701 2135 3734 ι
2161 3682 2414 3738 Gloriﬁca
2441 3683 2520 3750 (2)
2560 3698 2666 3750 me,
2699 3682 2877 3744 Pater,
2906 3702 2924 3734 ι
2972 3692 3026 3736 et
3057 3683 3340 3752 respondit.

156 3788 240 3833 σις’
287 3773 454 3844 ἐπειδὴ
498 3777 564 3844 τῇ
626 3773 836 3844 θεότητι
898 3775 993 3828 καὶ
1052 3777 1117 3844 τῇ
1156 3777 1288 3844 τιμῇ
1318 3773 1563 3845 ἀλλήλων
1593 3792 1631 3844 μ

1858 3775 1934 3830 ti:
1983 3793 2002 3826 ι
2031 3773 2339 3836 Gloriﬁcavi
2392 3774 2466 3844 (5)
2508 3784 2576 3838 te,
2608 3785 2663 3827 et
2715 3789 2898 3828 rursus
2945 3774 3272 3844 gloriﬁi-aho.
3306 3792 3334 3823 ν

155 3864 391 3930 ἀφεστᾶσιν
410 3879 426 3894 ο
457 3864 577 3918 οὐδὲ
611 3865 886 3936 λαμϐάνον
922 3864 1242 3933 ἀναγγέλλει
1269 3864 1329 3918 τὸ
1351 3865 1631 3935 οἱκονομοῦ

1853 3883 1874 3923 ο
1923 3866 2067 3922 enim
2119 3866 2332 3939 hymnis
2403 3867 2568 3920 Deum
2621 3865 2877 3929 celebrat,
2918 3876 2975 3918 ut
3013 3865 3136 3919 facit
3175 3880 3329 3920 crea»

155 3955 249 4022 ἡμῖν
271 3955 349 4022 ἀφ’
393 3955 581 4008 ἐαυτοῦ
639 3955 894 4028 καθαρῶς
923 3956 1010 4010 ἀεὶ
1054 3955 1121 4008 τὰ
1154 3955 1309 4009 θεῖκά
1328 3956 1631 4027 χαρίσματα

1853 3971 1939 4023 'a;
2003 3957 2126 4025 quia
2188 3955 2423 4020 deitate,
2489 3971 2553 4010 ae
2607 3955 2900 4025 dignitate,
2969 3965 3130 4024 atque
3189 3970 3329 4024 pra:-

155 4044 220 4094 καὶ
259 4045 321 4114 μὴ
359 4045 706 4117 διωρισμένον
743 4049 808 4119 τῇ
857 4047 1016 4116 φύσει
1071 4045 1162 4100 τοῦ
1195 4047 1424 4120 Πατρός,
1455 4048 1631 4114 Ὥσπε

1854 4047 1961 4102 ntia
1989 4062 2092 4100 non
2115 4045 2279 4100 distat
2298 4060 2326 4098 a
2351 4045 2508 4100 Patre
2535 4045 2734 4100 Filius;
2755 4061 2925 4115 neque
2948 4045 3161 4100 aliunde
3188 4046 3330 4099 acci-

156 4134 232 4203 γὰρ
254 4135 448 4200 ὁδιδοὺς
479 4137 608 4201 Υίος
652 4137 865 4201 οὐδενὸς
895 4141 1182 4209 στερεῖται,
1233 4119 1355 4192 οὗδέ
1383 4137 1629 4192 κενοῦται

1844 4153 1920 4191 ius
1944 4136 2230 4190 annuntiat
2258 4135 2305 4190 is
2334 4135 2422 4204 qui
2459 4151 2554 4204 per
2587 4136 2822 4205 scipsmn
2865 4150 2996 4203 pure
3031 4150 3094 4188 ac
3125 4135 3320 4187 munde

158 4225 327 4280 οὖτωτὸ
349 4228 492 4297 ἅγιον
521 4229 746 4300 Πνεῦμα
790 4231 850 4283 οὐ
887 4229 1170 4300 λαμϐάνει,
1209 4229 1237 4283 ὃ
1267 4229 1341 4301 μὴ
1378 4230 1508 4302 ἔχει,
1544 4231 1634 4284 οὐδ

1851 4227 1927 4281 bis
1967 4240 2181 4295 semper
2211 4226 2490 4295 dispensat
2528 4225 2706 4280 divina
2753 4225 2913 4292 dona;
2971 4241 3070 4280 nec
3121 4226 3327 4296 disjtllt-

159 4316 303 4371 ἀκοῦον
343 4321 504 4386 λαλεῖ,
538 4321 601 4374 τὸ
634 4322 791 4392 μόνον
839 4322 997 4388 είδὸς,
1043 4321 1184 4376 κατὰ
1209 4321 1442 4386 Παῦλον,
1475 4321 1544 4376 τὰ
1567 4325 1635 4374 τοί

1852 4335 1891 4371 IS
1938 4327 2125 4372 natura
2165 4327 2248 4372 est
2272 4332 2301 4371 a
2326 4316 2506 4374 Patre.
2543 4317 2675 4372 Nam
2707 4318 2845 4374 sicut
2869 4319 3033 4373 Filius
3064 4334 3183 4373 cum
3215 4322 3328 4384 dat,

159 4404 284 4458 Θιοῦο
312 4410 470 4482 ἐνίησι
520 4411 578 4464 δὲ
603 4412 802 4482 μᾶλλον
834 4413 964 4466 αὐτὸ
991 4412 1181 4482 σοφίαν
1212 4413 1307 4466 καὶ
1346 4413 1579 4478 σύνεσιν,
1608 4414 1633 4464 ἐ

1838 4409 1925 4480 5.5
1957 4409 2099 4462 nulla
2133 4425 2190 4464 re
2219 4408 2461 4476 privatur
2493 4407 2570 4480 (1)
2596 4449 2611 4472 ,
2643 4425 2744 4464 nec
2790 4425 2992 4465 vacuus
3030 4410 3314 4472 redditur;

163 4498 361 4566 ἐμφύτων
388 4503 544 4559 θείων
566 4504 930 4576 ’κινημάτων,
985 4507 1098 4568 τοῖς
1131 4503 1373 4568 ἐπαξίοις
1399 4504 1492 4558 τοῦ
1521 4505 1639 4576 δέχε

1868 4501 2104 4569 Spiritus
2138 4509 2362 4554 sanctus
2393 4516 2495 4554 non
2529 4501 2728 4572 accipit
2757 4502 2898 4570 quod
2952 4517 3055 4554 non
3087 4502 3276 4555 habeat
3308 4542 3321 4565 ,

164 4589 276 4643 σθαι·
314 4596 420 4648 οὐδὲ
469 4598 602 4668 παρ’
657 4598 842 4669 ἐτέρου
898 4598 1224 4659 διδάσκεται,
1248 4600 1311 4648 τὸ
1356 4597 1546 4665 σοφίαν
1573 4615 1640 4652 κα

1847 4610 1943 4664 que
1981 4596 2133 4664 prius
2165 4594 2392 4648 audiens
2437 4593 2890 4663 quaeignorarel,
2927 4593 3121 4648 deinde
3152 4591 3323 4659 loqui-

162 4679 310 4748 γνῶσιν
351 4688 678 4760 προφητείας
721 4691 834 4751 τοῖς
885 4687 1165 4758 ἀκεραίοις
1207 4686 1491 4740 ἐτιιπνεεον⁸
1523 4687 1638 4759 ὑπέγ

1851 4702 1894 4753 ’;
1931 4701 2050 4741 cum
2086 4684 2235 4740 solus
2264 4701 2328 4740 ea
2363 4686 2534 4750 norit,
2579 4684 2729 4752 juxta
2773 4684 3027 4746 Paulum,
3072 4697 3190 4750 qua:
3235 4681 3327 4734 Dei

175 4899 648 4978 _(95)1_Ve_conreni_t
681 4905 909 4978 quidem.
943 4903 1109 4961 Recte
1132 4906 1333 4961 Alanus
1363 4909 1414 4962 in
1473 4906 1651 4978 Regu-

1853 4905 1858 4958 i
1893 4906 2048 4978 quasi
2077 4906 2335 4978 scriptum
2368 4913 2551 4978 esset”:
2593 4905 2732 4978 ᾇπερ
2774 4907 2982 4977 ἥκουσα
3028 4905 3181 4978 παρὰ
3210 4904 3329 4978 *τοῦ

162 4965 501 5046 ιὶιίιιοιῂοςίοἰδ
521 4965 878 5046 ἱηᾘαὲείοιιίο
904 4979 1276 5030 anecdolorum
1299 4993 1328 5030 a
1363 4992 1445 5031 me
1475 4965 1655 5042 ediiis,
1694 4965 1723 4968 ⁷
1763 4965 1997 5046 Πατρός.
2033 4977 2086 5029 lu
2115 4965 2251 5028 libro
2283 4985 2458 5046 tamen
2487 4975 2563 5046 De
2584 4976 2672 5040 Sp.
2701 4965 2879 5046 ῖςιιηὶιο
2913 4992 3059 5029 num.
3093 4965 3183 5038 36,
3210 4975 3325 5046 haec

161 5040 295 5102 regula
316 5040 546 5115 50;_pag.
570 5045 707 5100 205:
742 5065 760 5096 ι
788 5045 1092 5114 Aliquando
1123 5046 1245 5113 (hoc
1281 5061 1474 5102 nomen
1505 5065 1524 5099 ι
1558 5040 1656 5102 Pa;
1762 5040 1922 5115 habet
1955 5046 2246 5115 Didymus:
2305 5063 2323 5095 ι
2359 5043 2531 5115 Loqui
2562 5060 2689 5115 ergo
2741 5045 2974 5108 Patrem,
3033 5054 3088 5098 et
3136 5045 3328 5098 audire

165 5114 257 5159 teri
287 5113 538 5183 pradicet)
579 5115 892 5170 relationem
923 5115 988 5168 ad
1019 5115 1312 5180 hominem,
1365 5117 1654 5170 secundum
1762 5113 1975 5178 Filium,
2008 5113 2089 5168 vel
2116 5130 2146 5168 e
2173 5115 2462 5172 contrario,
2496 5113 2645 5167 Filio
2679 5115 2950 5182 loquente,
3002 5117 3186 5168 audire
3215 5115 3322 5168 Pa-

165 5179 482 5256 rcereationem
508 5179 530 5236 τ’
557 5193 614 5239 ιιι
650 5201 772 5240 cum
805 5183 1041 5239 dicitur:
1075 5203 1096 5237 ι
1124 5179 1306 5241 Ριιιοιί
1332 5196 1517 5241 noster
1558 5186 1654 5256 qui
1763 5194 1930 5256 trem,
1947 5186 2181 5256 ejusdem
2221 5191 2424 5238 naturae
2452 5183 2505 5236 in
2545 5183 2703 5240 Patre
2729 5179 2780 5239 et
2805 5183 2940 5238 Filio
2999 5200 3322 5241 consensus-

161 5255 204 5297 εδ
224 5251 263 5298 in
293 5251 446 5306 cmlis.
479 5271 499 5304 ι
1574 5251 1594 5256 “
1761 5268 1870 5323 (ιυο
1890 5255 2220 5323 signiﬁcatio
2235 5263 2337 5323 est.
2373 5272 2391 5305 ι

211 5333 297 5405 (94)
325 5337 647 5398 Inhabitabo.
678 5343 722 5398 ll
746 5344 873 5401 Cor.
902 5361 981 5412 vr,
1013 5346 1102 5404 16.

1780 5321 2593 5412 θςινιιῑίιίειε-Μιιεεει-,ενθ.
2767 5395 2814 5412 ..
2881 5393 2896 5412 .
2969 5396 3003 5412 .,
3193 5393 3235 5412 ,.

212 5392 985 5536 ggggr...;.;.;;;;ra;;:.1:
1017 5392 1110 5492 12;:

1843 5393 1911 5461 (l)
1965 5393 2149 5446 Gloria
2193 5392 2391 5446 solis.l
2441 5392 2566 5446 Cor.
2616 5409 2702 5460 xv,
2755 5395 2817 5449 41
2881 5393 3128 5464 legitur:
3184 5392 3319 5464 άλλη

1843 5479 1885 5536 α,
1932 5462 2107 5533 ἡλίου,
2162 5462 2212 5516 id
2240 5472 2324 5516 est
2376 5480 2394 5513 ι
2427 5463 2528 5515 alia
2557 5465 2722 5533 glow-ia
2757 5483 2776 5517 ι
2836 5465 3050 5535 (nempe
3078 5462 3319 5536 claritas)

213 5514 297 5600 (26)
331 5520 564 5580 Inimico.
613 5527 792 5583 Codex
827 5567 845 5594 ,
895 5527 1249 5600 ἐθελεχθρῶς.
1307 5527 1485 5584 Malim
1539 5529 1654 5584 ἐθε-

630 5527 792 5583 :odex
827 5567 845 5594 ,
895 5527 1249 5600 ἐθελεχθρῶς.
1307 5527 1485 5584 Malim
1539 5529 1654 5584 ἐθε-
1754 5504 2106 5586 ῗέεἶιίέΓῗἿ

393 5577 792 5667 paroi'ytéiié."
827 5577 845 5594 ’
1309 5577 1485 5584 mm"

286 5668 300 5722 )
326 5660 433 5715 Ille.
470 5663 622 5722 Joan.
649 5683 759 5722 xw.
791 5668 878 5722 14.

1839 5577 2195 5722 {iiber-ilium
2221 5601 2371 5657 Joan.
2417 5617 2549 5663 xvn.
2583 5603 2634 5658 5.
2685 5603 2812 5659 Vide
2844 5614 2895 5658 οι
2925 5618 3064 5658 vers.
3100 5601 3124 5653 1
3196 5601 3315 5668 ejus

1839 5688 1869 5722 )l
1903 5688 1963 5722 IS.

219 5668 300 5722 (ιη)
326 5668 433 5715 lue.
470 5668 622 5722 Joan.
649 5683 759 5735 xw,
791 5668 878 5724 M.
1753 5668 1963 5739 capitis.
2074 5668 2082 5671 ’

219 5724 452 5811 ζηλριιῳ
480 5737 658 5789 audivi
693 5754 725 5790 α
753 5736 936 5811 Patre.
982 5737 1180 5811 Codex,
1236 5738 1377 5811 6:57:29
1413 5740 1653 5811 ﬁxouasv
1826 5742 1902 5811 (3)
1937 5739 2256 5811 Glori/‘icavi.
2287 5741 2440 5797 Joan.
2468 5759 2564 5805 xtl,
2605 5743 2694 5796 23.

171 5787 375 5870 “latim:
395 5803 442 5859 id
464 5787 542 5860 est
577 5787 968 5874 «qua:
1239 5787 1655 5879 δίὲἶὶξιὶιὲέ
2767 5810 2996 5881 attingit,
3046 5805 3319 5877 copiosius
