3738 6336
332 272 454 358 ‘98:

343 516 441 571 per
468 500 676 557 divinas
712 503 869 571 eique
926 503 1202 558 naturales
1233 505 1497 558 unctiones
1524 504 1590 558 iis
1621 505 1785 570 indit,
1814 506 1904 574 qui

342 604 461 645 eam
496 591 737 660 recipere
780 602 1127 648 mereantur:
1187 608 1361 662 neque
1407 595 1475 647 ab
1531 594 1702 649 altero
1745 596 1904 664 quiti-

347 699 509 753 quam
553 682 715 737 discit
784 688 874 753 qui
922 686 1255 753 simplicibus
1303 687 1623 755 sapientiam
1688 696 1739 741 et
1783 702 1909 757 pro-

347 773 543 841 phetia}
576 774 936 841 cognitionem
974 775 1245 844 inspirat;
1298 777 1588 846 quamlibet
1630 778 1772 829 enim
1820 792 1913 829 co-

349 863 643 931 gnitionem
679 865 887 919 excedit
920 864 1037 930 ejus
1089 866 1305 930 deitas;
1355 882 1476 919 nam
1528 866 1595 920 de
1645 864 1907 919 ineffabili

350 954 618 1010 Trinitate
646 956 866 1010 abusive
904 955 981 1026 (5)
1020 939 1145 1009 talia
1179 958 1317 1012 dicta
1353 966 1498 1011 sunt.
1534 959 1721 1026 itaque
1756 960 1822 1011 de
1852 972 1911 1013 se

352 1046 467 1113 ipse
486 1046 649 1100 etiam
682 1047 930 1100 Salvator
965 1047 1081 1100 ait:
1113 1048 1295 1101 «Sicut
1324 1047 1399 1117 (6)
1434 1050 1614 1113 audio,
1644 1051 1858 1118 judico;
1887 1070 1905 1102 ι

350 1139 492 1193 etde
524 1138 639 1205 ipso
668 1138 902 1193 Joannes
933 1157 949 1194 :
983 1159 999 1190 «
1038 1139 1136 1205 Qui
1172 1140 1249 1212 (7)
1280 1142 1489 1211 accepit
1520 1142 1639 1211 ejus
1672 1145 1913 1196 testimo-

352 1228 536 1292 nium,
591 1229 929 1298 obsignavit,
980 1232 1103 1292 quia
1158 1229 1298 1285 Deus
1352 1246 1514 1285 verax
1568 1242 1689 1285 est:
1749 1248 1908 1301 quem

351 1318 495 1371 enim
526 1318 673 1372 misit
704 1319 843 1373 Deus
864 1361 878 1383 ,
912 1309 1074 1375 verba
1113 1320 1202 1375 Dei
1234 1321 1489 1390 loquitur,
1524 1341 1542 1374 ι
1574 1324 1624 1377 id
1654 1334 1771 1389 est,
1801 1325 1914 1378 col-

354 1408 553 1466 laudat.
602 1408 948 1465 Glorilicatur
976 1421 1153 1465 autem
1199 1422 1253 1467 et
1280 1414 1514 1480 Spiritus
1538 1424 1760 1471 sanctus
1789 1431 1911 1469 cum

1612 296 1842 371 manu
1882 294 2346 352 ALEXANDRINI

325 409 512 533 itum:
549 409 642 465 sed
692 409 806 481 ipse
862 411 1040 482 potius
1081 412 1398 482 sapientiam
1430 422 1484 467 et
1504 412 1904 486 intelligentiam

343 516 441 533 .m-
469 500 675 533 ιιι-ιη..
713 503 869 533 dm...
926 503 1199 533 ...ιη-..ειη
1233 505 1494 533 η-Λιῖηηηο
1524 504 1588 533 κο
1621 505 1751 533 :...t:.
1816 506 1903 533 ηυξ

2055 414 2214 467 νῶσιν
2238 413 2346 486 γὰρ
2403 412 2659 485 ήθεότης
2714 413 2878 467 αὐτοῦ
2927 416 3273 489 εὑρίσκεται*
3309 432 3567 489 καταχρηο

2053 504 2215 533 -..ητα
2246 503 2353 533 υλ...
2375 502 2515 533 ..ι’.-.λ
2543 503 2609 533 ..ιι
2634 503 2857 533 -......".--
2892 507 3012 533 ..Α
3046 510 3143 533 -Ω-
3169 506 3404 533 1.11;...“
3427 508 3545 533 Tm;

3473 301 3565 359 981

2014 504 2215 566 61th);
2246 503 2353 576 γὰρ
2374 502 2516 557 οὕτω
2543 503 2611 557 τὰ
2634 503 2860 558 τοιαῦτα
2892 507 3017 577 περὶ
3046 510 3143 576 τῆς
3168 506 3405 579 ἀρρήτου
3427 508 3568 576 Τριά-

2010 595 2098 658 δος
2127 595 2361 666 εἴρηται.
2421 595 2722 666 Τοιγαροῦν
2769 597 2862 649 καὶ
2921 599 3048 669 περ)⁵
3106 596 3299 651 ἐαυτοῦ
3347 601 3375 652 6
3404 600 3569 671 Σωτὴρ

2011 685 2113 756 ἔφη
2137 700 2153 717 ο
2214 704 2232 737 «
2255 684 2452 748 Καθὼς
2484 686 2683 750 ἀκούω,
2741 687 2942 758 κρίνωο
2970 707 2989 739 ι
3040 688 3135 741 καὶ
3177 689 3428 758 Ἰωάννης
3464 694 3570 761 περὶ

2013 771 2178 826 αὐτοῦ
2203 788 2216 803 ·
2253 792 2272 823 «
2294 772 2353 825 Ὀ
2388 772 2568 827 λαϐὼν
2589 774 2753 828 αὑτοῦ
2776 775 2874 845 τὴν
2908 778 3211 848 μαρτυρίαν
3239 779 3567 847 ἐσφράγισεν,

2016 865 2096 917 ὅτι
2128 865 2156 917 6
2183 865 2312 929 Θεὸς
2337 866 2541 937 ἀληθής
2577 868 2754 922 ἐστιν⁹
2809 868 2868 921 ὃν
2897 868 3006 941 γὰρ
3047 870 3367 924 ἀπέστειλεν
3395 872 3572 936 ὀΘεὺς,

2016 956 2084 1009 τὰ
2110 958 2329 1028 ῥήματα
2355 958 2449 1011 τοῦ
2492 960 2627 1012 Θεοῦ
2660 959 2840 1014 λαλεῖ·
2868 981 2887 1013 ι
2924 962 2952 1014 ὂ
2977 964 3117 1027 ἐστι,
3149 966 3407 1015 συναινεὶ
3435 963 3573 1028 Δοξάα

2016 1047 2167 1111 ζεται
2213 1050 2269 1102 δὲ
2302 1050 2394 1103 καὶ
2446 1051 2505 1103 τὸ
2530 1051 2683 1119 ἆγιον
2716 1052 2937 1123 Πνεῦμα
2961 1053 3049 1108 διά
3080 1071 3139 1106 τε
3183 1056 3283 1125 τῆς
3326 1054 3457 1124 πρὸς
3498 1056 3573 1107 τὸν

2018 1139 2235 1211 Πατέρα
2255 1142 2348 1193 καὶ
2376 1141 2466 1194 τὸν
2494 1142 2619 1195 Υίὸν
2674 1147 2800 1214 περὶ
2837 1144 2932 1196 ὅλα
2966 1144 3265 1207 κοινωνίας,
3300 1146 3403 1197 καὶ
3426 1144 3485 1196 δι’
3513 1139 3575 1197 ὧν

2016 1233 2045 1284 6
2076 1231 2200 1294 Υἱὸς
2227 1234 2353 1304 περὶ
2386 1234 2549 1286 αὐτοῦ
2600 1235 2825 1297 ἀπειλεῖ,
2864 1237 2943 1289 ὅτι
2979 1255 2995 1285 «
3021 1238 3179 1289 Πᾶσα
3225 1236 3466 1307 ἁμαρτία
3498 1239 3575 1289 καὶ

2023 1322 2334 1393 βλασφημία
2367 1324 2695 1396 ἀφεθήσεται
2744 1328 2854 1390 τοῖς
2904 1326 3231 1399 ἀνθρώποις,
3285 1330 3319 1397 ἡ
3349 1327 3404 1379 δὲ
3440 1329 3509 1390 εἰς
3528 1329 3575 1380 τὸ

2018 1414 2242 1484 Πνεῦμα
2271 1414 2588 1489 βλασφημία
2625 1418 2723 1471 οὐκ
2754 1416 2879 1489 [218
2913 1418 2966 1490 a]
2999 1419 3351 1490 ἀφεθήσεται.

353 1511 447 1565 per
477 1499 838 1555 omnimodam
873 1516 993 1555 cum
1032 1501 1188 1586 Patre
1220 1511 1273 1557 et
1297 1503 1432 1558 Filio
1467 1506 1937 1569 communionem;
1982 1516 2092 1561 tum
2132 1524 2228 1578 per
2274 1524 2333 1563 ea
2374 1525 2493 1578 quae
2531 1510 2768 1589 titinatur
2808 1510 2973 1565 Filius
3009 1511 3257 1580 inquiens
3318 1514 3383 1565 de
3438 1511 3574 1580 ipso:

360 1592 579 1648 «Omne
636 1591 713 1662 (8)
762 1602 1038 1662 peccatum
1097 1602 1148 1649 et
1219 1595 1549 1667 blasphemia
1604 1598 1913 1653 remittetur
1952 1599 2290 1672 hominibus,
2364 1603 2698 1676 blasphemia
2736 1614 2915 1659 autem
2950 1604 3003 1658 in
3074 1601 3339 1672 Spiritum
3370 1618 3473 1657 non
3507 1618 3576 1656 re-

358 1688 621 1744 tuittelur.
655 1706 673 1738 ι

985 1778 1137 1835 CAP.
1179 1779 1314 1835 XLI.

429 1876 508 1927 Ac
549 1872 1000 1928 Montanistarum
1030 1888 1184 1928 error
1214 1874 1266 1927 in
1301 1874 1384 1929 bis
1415 1874 1623 1943 positus
1653 1882 1738 1929 est
1765 1890 1779 1928 :

436 1965 477 2019 l.
509 1965 690 2019 Primo
722 1965 989 2018 temerarii
1013 1965 1100 2019 isti
1123 1967 1446 2020 divinatOres
1464 1967 1611 2021 aiunt
1628 1981 1926 2022 uuamesse

359 2071 647 2125 personam
673 2056 833 2111 trium
860 2056 1160 2110 divinarum
1190 2057 1559 2127 hypostasium
1594 2075 1608 2123 ;
1642 2057 1926 2113 Montanus

362 2150 540 2212 enim,
578 2147 855 2216 inquiunt,
887 2148 1021 2202 dixit
1050 2165 1063 2202 :
1099 2148 1207 2217 Ego
1244 2164 1361 2202 sum
1396 2148 1576 2211 Pater,
1607 2158 1661 2202 et
1694 2148 1866 2202 Filius
1895 2189 1910 2213 ,

362 2248 413 2288 et
444 2235 774 2291 Paracletus.
807 2236 956 2303 Quod
996 2250 1052 2290 ut
1088 2236 1349 2305 probent,
1388 2237 1707 2291 stultissime
1752 2239 1925 2291 inter-

365 2338 645 2396 pretantur
678 2343 794 2395 qute
820 2327 1119 2381 rectissime
1154 2327 1289 2381 dixit
1318 2326 1485 2381 Filius
1515 2344 1528 2380 :
1560 2345 1579 2378 «
1618 2328 1726 2396 Ego
1762 2326 1838 2398 (9)
1872 2328 1925 2381 in

364 2413 551 2478 Patre,
588 2425 642 2470 et
676 2415 835 2471 Pater
867 2416 919 2471 in
957 2430 1039 2471 me
1064 2433 1110 2480 ς»
1144 2424 1199 2471 et
1235 2432 1251 2470 :
1297 2404 1318 2467 «
1353 2416 1641 2471 Veniemus
1676 2416 1789 2487 (10)
1828 2431 1927 2485 ego

365 2520 420 2559 et
478 2506 637 2562 Pater
688 2522 864 2571 meus,
912 2515 967 2559 et
1022 2508 1352 2562 mansionem
1394 2508 1535 2573 apud
1581 2522 1704 2562 eum
1756 2508 1925 2562 facie-

367 2613 486 2652 mus
511 2616 526 2665 ;
553 2616 571 2649 ι
602 2608 655 2651 et
685 2615 698 2652 :
730 2618 748 2649 «
780 2598 889 2669 Ego
919 2597 1027 2667 (11)
1061 2608 1113 2651 et
1146 2599 1303 2653 Pater
1336 2614 1502 2652 unum
1533 2614 1719 2654 sumus
1744 2617 1759 2665 ;
1782 2619 1801 2651 ›
1824 2609 1877 2653 et
1910 2618 1924 2657 :

373 2707 389 2747 ι
422 2689 520 2756 Qui
558 2689 668 2762 (I2)
700 2691 831 2745 vidit
859 2706 978 2755 me,
1007 2690 1140 2743 vidit
1170 2689 1421 2755 Patrem;
1458 2710 1476 2743 ι
1509 2701 1563 2746 et
1590 2710 1602 2745 :
1633 2711 1650 2743 «
1685 2690 1929 2747 Paracle-

371 2793 454 2835 tus
486 2781 597 2852 (15)
618 2822 633 2846 ,
672 2797 827 2850 quem
864 2781 1044 2835 mittet
1072 2781 1230 2836 Pater
1264 2782 1316 2835 in
1346 2783 1564 2835 nomine
1596 2797 1738 2837 meo.
1775 2802 1793 2835 ι
1820 2781 1927 2837 Sed

368 2877 484 2930 haec
516 2874 693 2929 omnia
715 2914 731 2940 ,
765 2884 823 2928 ut
854 2856 1101 2942 superius
1126 2874 1325 2928 dictum
1347 2882 1466 2938 est,
1500 2890 1660 2928 unam
1690 2885 1743 2930 et
1767 2892 1926 2929 unam

368 2975 423 3019 et
453 2982 614 3023 unam
644 2980 931 3036 personam
975 2965 1285 3035 significant
1330 2981 1452 3020 cum
1503 2967 1716 3036 propria
1751 2967 1931 3021 subsi-

370 3058 567 3113 stentia
603 3057 656 3112 in
686 3072 791 3111 una
823 3056 1029 3111 deitate
1056 3065 1110 3109 et
1141 3056 1453 3111 concordia.
1485 3055 1595 3112 Nec
1627 3058 1769 3112 enim
1806 3059 1925 3112 ait:

2648 1781 2806 1834 ΚΕΦ.
2831 1780 2969 1833 ΜΑ⁹.

2094 1876 2203 1929 Καὶ
2232 1872 2613 1929 Μοντανιστῶν
2641 1874 2674 1943 ἡ
2707 1872 2880 1942 πλάνη
2912 1872 2969 1924 ἐν
2992 1869 3202 1932 τούτοις
3220 1885 3237 1900 ·

2093 1967 2171 2020 A’.
2194 1966 2438 2036 Πρῶτον,
2495 1964 2577 2017 δτι
2612 1962 3075 2027 ἀπομαντεύονται
3137 1961 3195 2013 ἓν
3216 1960 3499 2032 πρόσωπον
3522 1954 3582 2012 εἷ-

2025 2072 2114 2109 ναι
2147 2055 2255 2109 τῶν
2299 2055 2467 2127 τριῶν
2525 2054 2685 2107 θείων
2733 2052 3114 2106 ὑποστάσεων·
3145 2052 3424 2115 Μοντανὸς
3471 2055 3579 2124 γὲρ,

2027 2147 2211 2217 φησὶν,
2252 2142 2402 2199 εἶπεν
2425 2164 2439 2177 ο
2478 2164 2497 2197 «
2522 2144 2661 2210 Ἐγώ
2686 2147 2800 2216 είμι
2827 2147 2855 2198 6
2876 2143 3089 2215 Πατὴρ,
3141 2146 3236 2197 καὶ
3258 2147 3286 2196 ὁ
3316 2144 3463 2207 Υἱὸς,
3506 2145 3582 2196 καὶ

2026 2238 2055 2290 6
2086 2238 2458 2309 Παράκλητος.
2491 2256 2510 2288 ι
2575 2237 2683 2290 Κα)⁵
2743 2236 2878 2307 πρὸς
2902 2235 3160 2289 σύστασιν
3215 2236 3377 2305 δῆθεν
3417 2234 3581 2287 τούτου

2027 2330 2407 2402 προφέρουσιν,
2457 2327 2634 2398 πάσης
2702 2326 2965 2389 ἰδιωτείας
3027 2325 3287 2379 ἐπέκεινα
3339 2328 3581 2387 νοοῦντες,

2027 2425 2164 2496 ὅπερ
2200 2422 2517 2493 θαυμασίως
2570 2416 2720 2473 εἶπεν
2743 2423 2770 2474 6
2806 2420 2931 2484 Υἱός
2950 2437 2963 2450 ·
3005 2439 3022 2471 «
3044 2418 3185 2487 Ἐγὼ
3214 2421 3272 2471 ἐν
3300 2418 3376 2489 τῷ
3411 2420 3582 2489 Πατρὶ,

2028 2516 2124 2570 καὶ
2150 2517 2177 2567 6
2205 2514 2396 2584 Πατὴρ
2426 2513 2484 2566 ἐν
2515 2512 2673 2583 ἐμοί·
2704 2531 2724 2564 ι
2783 2510 2897 2574 καὶ,
2938 2529 2955 2562 «
2980 2510 3342 2581 Ἐλευσόμεθα
3376 2511 3481 2579 ἐγὼ
3506 2514 3584 2565 καὶ

2027 2609 2057 2660 6
2084 2608 2274 2677 Πατήρ
2315 2622 2439 2676 μου,
2495 2604 2589 2657 καὶ
2650 2604 2814 2674 μονὴν
2850 2604 2980 2674 παρ’
3024 2601 3172 2673 αύτῷ
3229 2604 3581 2673 ποιήσομεν»

2028 2698 2143 2762 καὶ,
2180 2716 2197 2748 ι
2222 2695 2362 2764 Ἐγὼ
2390 2696 2485 2749 καὶ
2508 2698 2535 2748 6
2561 2695 2746 2766 Πατὴρ
2767 2694 2827 2745 ἐν
2861 2695 3024 2764 ἐσμεν
3049 2711 3063 2724 ·
3096 2712 3113 2744 ι
3152 2694 3269 2759 καὶ,
3306 2714 3323 2745 «
3348 2696 3403 2746 '0
3432 2696 3585 2763 ἑωρα-

2028 2788 2140 2852 κὼς
2188 2787 2287 2859 ἐμὲ
2316 2786 2558 2855 ἑώρακεν
2588 2786 2677 2839 τὸν
2711 2784 2927 2855 Πατέρα
2949 2804 2961 2816 ο
2986 2804 3002 2834 ι
3032 2784 3145 2846 καὶ,
3182 2804 3199 2835 «
3225 2785 3280 2838 '0
3316 2785 3585 2853 Παρὰκλη-

2027 2898 2139 2946 τος,
2162 2880 2220 2933 ὃν
2250 2879 2453 2950 πέμψει
2486 2880 2514 2932 6
2534 2878 2724 2949 Πατὴρ
2769 2880 2826 2931 ἐν
2858 2877 2935 2948 τῷ
2956 2877 3072 2949 ἐμῷ
3095 2876 3339 2948 ὀνόματι.
3372 2896 3390 2927 ι
3426 2876 3587 2929 Ταῦτα

2029 2971 2085 3025 δὲ
2114 2970 2311 3037 πάντα,
2341 2968 2417 3033 ὡς
2444 2969 2539 3021 καὶ
2585 2966 2841 3037 ἀνωτέρω
2876 2967 3109 3036 εἴρηται,
3138 2964 3195 3016 ἓν
3225 2962 3321 3015 καὶ
3340 2962 3396 3015 ἓν
3422 2962 3509 3015 καὶ
3536 2962 3585 3013 ἓν

2031 3061 2319 3133 πρόσωπον
2374 3059 2749 3120 ἰδιοσυστάτως
2799 3056 2949 3128 δηλοῖ
2998 3059 3054 3109 ἐν
3088 3056 3185 3127 μιᾷ
3240 3054 3454 3127 θεότητι
3508 3054 3586 3105 καὶ

371 3150 482 3219 Ego
528 3158 583 3204 et
636 3149 797 3203 Pater
828 3164 990 3201 unum
1019 3163 1169 3211 sum,
1216 3149 1307 3202 sed
1333 3188 1349 3212 ,
1378 3167 1396 3200 «
1429 3147 1605 3203 Unum
1644 3164 1847 3204 sumus.

2053 3151 2338 3224 ιυμφωνία.
2366 3151 2440 3205 Οὐ
2459 3149 2565 3222 γὰρ
2591 3144 2741 3202 εἶπεν
2761 3165 2774 3178 ο
2812 3146 2953 3217 Ἐγὼ
2983 3148 3074 3200 καὶ
3100 3149 3129 3200 6
3149 3145 3337 3217 Πατὴρ
3369 3146 3427 3198 ἐν
3465 3146 3584 3214 εἰμι,

368 3233 534 3314 ηε
566 3239 662 3296 llis
688 3240 822 3296 satis
855 3253 1040 3297 eorum
1094 3240 1362 3294 dementia
1430 3254 1494 3294 ac
1539 3255 1703 3309 prava
1751 3240 1904 3311 opinil

2053 3246 2195 3309 ὶλλὰ,
2234 3246 2362 3299 «Ἔν
2391 3246 2574 3314 ἐσμεν.
2605 3262 2624 3296 ι
2652 3242 2762 3295 Kal.
2782 3242 3079 3312 κατηγορεῖ
3103 3237 3277 3293 ταῦτα
3291 3238 3390 3309 τῆς
3424 3237 3588 3298 ἀνοίας

373 3333 659 3391 refellitur.

2053 3337 2216 3391 ιύτῶν
2238 3337 2330 3390 καὶ
2361 3333 2696 3400 κακοδοξίας.

443 3424 508 3481 11.
537 3424 783 3480 Secundo
809 3438 929 3479 cum
960 3420 1246 3491 Apostolus
1266 3420 1853 3493 Corinthiisscripserit
1878 3424 1904 3477 in

2108 3427 2182 3484 B'.
2212 3426 2494 3498 Δεύτερον,
2519 3426 2599 3479 ὅτι
2618 3424 2709 3477 τοῦ
2742 3422 3057 3476 Ἀποστὸλου
3084 3420 3583 3492 γράψαντοςΚοριν-

372 3518 543 3586 prima
568 3514 803 3586 Epistola
826 3532 839 3568 :
869 3514 1023 3567 «Sive
1044 3512 1157 3595 (ll)
1179 3512 1474 3581 prophetia:
1500 3514 1904 3568 evacuabuntur

2053 3519 2171 3583 lict;
2192 3521 2249 3572 ἐν
2268 3521 2333 3591 τῇ
2365 3516 2556 3591 πρώτῃ
2594 3514 2875 3586 Ἐπιστολῇ
2896 3530 2912 3547 ν
2953 3532 2970 3564 «
2993 3514 3113 3567 Εἴτε
3131 3513 3449 3585 προφητεῖαι
3476 3526 3587 3561 κατ-

371 3609 487 3663 aive
514 3604 712 3673 lingua:
742 3604 1068 3663 cessabunt,
1099 3601 1213 3655 sive
1235 3601 1459 3655 scientia
1487 3600 1794 3656 destruetur
1820 3619 1833 3656 :
1862 3618 1904 3656 e1

2053 3611 2456 3683 ιργηθήσονται,
2492 3608 2601 3661 εἴτε
2652 3606 2894 3676 γλῶσσαι
2924 3603 3245 3667 παύσονται,
3280 3602 3388 3655 εἴτε
3412 3600 3587 3670 γνῶσις

375 3705 528 3770 parte
560 3695 704 3750 enim
731 3692 1108 3764 cognoscimus
1127 3732 1142 3758 ,
1167 3701 1222 3745 et
1242 3706 1303 3746 ex
1334 3703 1486 3761 parte
1508 3692 1891 3762 pr0phetamus
1915 3711 1929 3748 :

374 3802 495 3842 cum
526 3796 704 3840 autem
733 3784 937 3839 venerit
968 3784 1109 3853 quod
1137 3782 1439 3853 perfectum
1470 3793 1585 3848 est,
1616 3794 1744 3838 tunc
1782 3784 1936 3853 quod

375 3894 438 3934 ex
480 3888 631 3947 parte
657 3886 740 3932 est
764 3916 779 3941 ,
814 3875 1182 3939 evacuabitur,
1215 3893 1233 3925 ι
1256 3874 1358 3942 ipsi
1394 3875 1578 3941 aiunt,
1628 3873 1933 3928 Montanum

375 3972 589 4026 venisse
616 4010 633 4035 ,
673 3981 729 4025 et
769 3968 1063 4039 perfectum
1108 3967 1221 4038 (15)
1255 3967 1272 4037 (
1302 3968 1353 4021 id
1386 3978 1468 4021 est
1510 3965 1935 4036 perfectionem)

374 4066 671 4131 Paracleti,
702 4067 803 4121 hoc
832 4073 913 4119 est
934 4102 950 4128 ,
988 4062 1227 4129 Spiritus
1260 4060 1472 4123 sancti,
1508 4059 1759 4112 habuisse
1789 4077 1801 4113 :
1838 4073 1938 4112 nec

375 4178 438 4215 ea
474 4177 592 4230 qua:
620 4160 909 4223 adduntur,
953 4157 1273 4220 attendunt;
1322 4153 1501 4207 statim
1538 4153 1680 4206 enim
1712 4152 1825 4205 hrec
1852 4167 1939 4207 se-

376 4261 652 4321 quuntur:
688 4269 704 4299 «
740 4250 968 4315 Quando
996 4248 1108 4317 (l6)
1139 4262 1288 4300 eram
1333 4245 1587 4313 parvulus
1614 4282 1630 4308 ,
1679 4243 1939 4312 loquebar

376 4354 436 4403 ut
464 4345 750 4415 parvulus.
779 4344 1079 4413 cogitabam
1110 4348 1167 4395 ut
1200 4339 1453 4411 parvulus
1480 4353 1496 4404 ;
1526 4336 1739 4406 quando
1768 4335 1943 4390 factus

2039 3697 2540 3771 καταργηθήσεται’
2575 3698 2639 3749 ἐκ
2710 3695 2910 3766 μέρους
2963 3694 3074 3764 γὰρ
3126 3691 3479 3763 γινώσκομεν,
3508 3690 3588 3742 xa‘t

2040 3792 2103 3844 ἐκ
2129 3790 2325 3861 μέρους
2362 3787 2771 3861 προφητεύομεν
2795 3804 2808 3817 ’
2843 3787 2968 3840 ὅτιαν
3023 3786 3079 3838 δὲ
3132 3784 3262 3858 ἔλθῃ
3294 3785 3355 3838 τὸ
3384 3784 3582 3844 τέλειον,

2039 3883 2161 3937 τότε
2191 3882 2253 3934 τὸ
2272 3884 2336 3935 ἐκ
2365 3882 2565 3952 μέρους
2596 3879 3072 3950 καταργηθήσεται
3097 3894 3109 3907 ’
3143 3896 3161 3928 ι
3206 3878 3401 3929 ἐκεῖνοι
3432 3875 3588 3943 λέγου-

2044 3989 2126 4026 σιν
2149 3972 2239 4025 τὸν
2280 3970 2555 4026 Μοντανὺν
2582 3968 2917 4041 ἐληλυθέναι,
2967 3967 3062 4021 κα)¹
3120 3965 3410 4037 ἐσχηκέναι
3432 3966 3487 4016 τὸ
3510 3963 3588 4015 τέ-

2045 4058 2186 4113 λειον
2206 4058 2267 4112 τὸ
2292 4057 2384 4111 τοῦ
2418 4057 2795 4129 Παρακλήτου,
2852 4056 2998 4110 τοῦτ’
3043 4056 3188 4108 ἐστιν
3216 4056 3277 4108 τὸ
3331 4053 3423 4108 τοῦ
3452 4054 3587 4122 ἁγίου

2046 4147 2390 4219 Πνεύματος’
2424 4146 2485 4200 οὐ
2513 4145 2865 4217 προσέχοντες
2903 4144 3028 4216 [218
3062 4142 3115 4215 b]
3147 4146 3258 4206 τοῖς
3286 4140 3589 4213 προσκειμέ-

2046 4257 2178 4303 νοις.
2204 4241 2355 4309 Ἔχει
2387 4237 2495 4309 γὰρ
2539 4238 2699 4300 εὐθύς
2721 4253 2734 4267 ·
2771 4254 2790 4288 «
2813 4238 2939 4290 Ὅτε
2968 4235 3115 4305 ήμην
3147 4235 3357 4304 νήπιος,
3391 4231 3589 4284 ἐλάλουν

2046 4330 2122 4395 ὡς
2146 4330 2357 4402 νήπιος,
2386 4328 2705 4400 ἐλογιζόμην
2737 4326 2811 4391 ὡς
2845 4328 3034 4398 νήπιος
3057 4344 3070 4357 ·
3100 4328 3187 4382 ὅτε
3220 4327 3415 4395 γέγονα
3443 4326 3585 4396 ἀνὴρ,

376 4530 703 4587 exposuerat
738 4518 791 4571 in
821 4517 913 4571 lib.
949 4516 1024 4575 De
1052 4516 1146 4584 Sp.
1175 4523 1376 4587 sancto,
1407 4527 1554 4587 num.
1588 4508 1776 4567 36—38.
1816 4507 1933 4563 Pla-
1967 4514 2010 4570 ι)
2038 4506 2151 4587 Non
2206 4508 2354 4587 enim
2401 4520 2447 4587 a_
2479 4504 2769 4574 semetipso
2819 4502 3235 4587 loqttetttr,"sed
3262 4502 3398 4587 sicut
3423 4502 3588 4587 audiet

376 4583 463 4647 cet
493 4589 613 4643 inde
640 4590 753 4644 lure
770 4583 1137 4644 exscribere:-
1160 4603 1177 4635 «
1215 4583 1362 4639 Hauc
1384 4583 1687 4652 opinionem
1714 4595 1935 4652 sequen-

380 4661 451 4713 tia
483 4659 690 4713 Domiui
726 4660 884 4712 verba
918 4658 1234 4711 confirmant
1266 4670 1280 4706 :
1334 4649 1435 4709 Ille
1478 4667 1560 4707 me
1614 4649 1931 4704 clarificabit

382 4728 529 4803 [θοὰ.
569 4724 1169 4803 ιιοειείιν,λθιοι’1)ῑοιιὺὶι],
1196 4724 1251 4803 id
1285 4732 1396 4803 est,
1444 4721 1772 4803 Paracletus,
1805 4720 1929 4803 quia

378 4790 445 4853 «'Ie
473 4812 592 4853 meo
620 4790 1243 4869 accipiet._ltur5tnn'hic
1285 4794 1603 4869 acciperent
1625 4790 1817 4869 divina:
1846 4801 1933 4842 na-

378 4883 511 4925 tura:
550 4859 835 4938 conveniat
870 4865 1014 4938 [cod.
1037 4873 1269 4938 _noster,
1320 4859 1580 4938 convenit]
1624 4859 1930 4938 intelligen-

376 4942 523 5009 «lum.
565 4937 851 5009 Quomodo
872 4929 1009 5009 ergo
1037 4934 1182 5009 [cod.
1217 4929 1398 4988 noster
1430 4929 1628 5009 rectius
1662 4929 1928 5009 fortasse:

385 4999 660 5073 Quomodo
690 5004 853 5078 enim]
889 4999 1058 5078 Filius
1082 5006 1216 5064 dans
1248 5017 1350 5057 nou
1379 5001 1628 5078 privatur
1685 4999 1767 5078 bis
1816 5010 1937 5075 qua:

383 5066 794 5147 twt'ibuit,neque
828 5066 948 5129 cum
974 5076 1182 5147 damno
1228 5088 1325 5147 suo
1377 5066 1635 5147 impertit_
1664 5066 1804 5147 aliis,
1858 5068 1937 5147 sic

380 5157 431 5200 rt
463 5134 838 5213 Spiritus-non
871 5145 1068 5214 accipit
1094 5145 1237 5214 quod
1290 5151 1415 5195 ante
1456 5134 1570 5214 non
1623 5137 1826 5214 habuit.
1880 5134 1937 5190 Si

380 5207 525 5269 enim
561 5216 705 5286 quod
731 5216 879 5283 prius
908 5207 1013 5269 non
1047 5207 1280 5286 habebat
1308 5212 1518 5280 accepit
1548 5207 1689 5282 [cod.
1718 5215 1939 5286 noster,

384 5276 627 5358 accipit],
659 5276 921 5339 translato
952 5287 1003 5338 itt
1028 5284 1203 5358 alium
1235 5276 1457 5358 munere
1478 5276 1688 5358 .va'euus
1717 5276 1944 5343 largitor

382 5348 603 5412 clleCtus
632 5363 737 5420 est,
771 5369 990 5408 cessans
1028 5354 1226 5407 habere
1253 5352 1392 5420 quod
1428 5348 1677 5420 tribuit.)
1784 5379 1806 5395 .

452 5423 531 5495 (5)
596 5417 838 5480 Abuiire.
892 5424 1091 5480 Eadem
1142 5417 1297 5476 docet
1343 5421 1434 5473 lib.
1486 5417 1564 5478 De
1606 5419 1700 5485 Sp.
1751 5425 1952 5481 sancto,

384 5510 535 5633 "aliis
564 5495 740 5619 iam.
768 5562 923 5619 Joan.
955 5578 1008 5622 v,
1154 5558 1430 5633 lnlibLDe
1457 5556 1776 5633 Spisancto,
1801 5571 1947 5633 nit-nt.

388 5624 477 5696 56,
510 5624 623 5690 haec
667 5634 895 5703 legimus
924 5652 937 5687 :
986 5651 1004 5686 «
1039 5630 1115 5686 Ne
1142 5631 1264 5703 quis
1300 5630 1444 5683 illum
1472 5624 1505 5681 a
1533 5628 1707 5703 Patris
1742 5636 1797 5680 et
1825 5624 1948 5678 Filii

389 5705 664 5765 voluntate
697 5699 752 5761 et
784 5706 1046 5763 societate
1102 5702 1456 5768 discerneret,
1501 5699 1764 5771 scriptum
1820 5705 1940 5753 eSt:

2038 4578 2285 4648 loquetur
2314 4574 2518 4648 _[codex
2569 4568 2788 4648 nOster:
2835 4568 3193 4648 sicut_audiet
3228 4582 3275 4648 et
3325 4568 3586 4648 loquvntur}.

2038 4640 2632 4718 Cu'ihetiaui'similede
2659 4660 2717 4699 se
2745 4645 2861 4718 ipso
2918 4644 3167 4718 Salvator
3219 4643 3295 4695 ait
3323 4640 3413 4718 :__«
3446 4640 3588 4718 Sicut

2040 4716 2223 4839 gadio,
2263 4724 2318 4770 et
2350 4716 2369 4786 (
2406 4714 2593 4769 vocula
2648 4724 2697 4768 et
2732 4710 2884 4769 deest
2923 4714 2978 4768 in
3031 4723 3218 4768 nostro
3265 4710 3459 4781 codice)
3494 4710 3588 4776 ju-

2082 4800 2183 4839 ICO.
2220 4804 2239 4837 ι

2082 4800 2183 4842 ICO.
2220 4804 2239 4837 ι

2109 4856 2187 4923 (7)
2217 4854 2341 4918 Qui.
2370 4851 2529 4923 Joan.
2558 4868 2646 4916 ιιι,
2677 4852 2766 4918 33,
2824 4852 2917 4923 '56.

2109 4926 2186 5059 (8)
2216 4924 2404 4977 Omne.
2443 4922 2630 4978 Matth.
2660 4937 2759 4987 ιιι,
2787 4922 2877 4978 31.

2131 4995 2186 5059 9)
2214 4991 2347 5059 Ego.
2378 4990 2533 5047 Joan.
2571 5006 2684 5054 xw,
2720 4994 2806 5047 11.

2131 4990 2186 5060 9)
2214 4991 2347 5060 Ego.
2378 4990 2533 5047 Joan.
2571 5006 2684 5054 xw,
2720 4994 2806 5047 11.

2136 5065 2225 5128 10)
2272 5062 2566 5117 Veniamus.
2604 5062 2738 5116 Ibid.
2770 5062 2862 5117 25.

2139 5134 2224 5201 11)
2258 5131 2391 5201 Ego.
2420 5129 2584 5201 ,loan.
2618 5147 2677 5195 ι,
2711 5131 2801 5186 50.

2143 5199 2230 5326 12)
2258 5199 2383 5323 gl“.
2409 5199 2565 5257 Joan.
2599 5216 2710 5282 xlv,
2742 5201 2795 5255 9.

2142 5274 2208 5326 15
2317 5274 2598 5325 aracletus.
2633 5268 2766 5326 llud.

2149 5339 2232 5412 14)
2263 5339 2454 5412 SiveJ
2488 5340 2768 5412 ϐοῇ-χιιι,
2806 5341 2960 5397 8ο10.

2132 5408 2249 5486 (15)Δ
2277 5410 2596 5486 Perfectum.
2624 5408 2681 5465 In
2715 5410 3253 5486 Prosperi‘Chronico
3286 5424 3411 5468 tom.
3442 5410 3457 5465 Ι
3490 5410 3583 5486 {tn-

2060 5477 2187 5555 tiqq.
2224 5477 2349 5555 lect.
2377 5477 2597 5555 ξι)θηὶδῇ
2654 5494 2778 5555 pag.
2815 5477 2922 5535 282
2972 5484 3083 5537 haec
3134 5485 3412 5555 leguntur:
3445 5477 3581 5555 «Alloc

2056 5549 2230 5630 autem
2261 5549 2555 5630 Perfectum
2580 5551 2632 5604 itt
2654 5549 2984 5617 Montanum,
3025 5565 3079 5607 et
3104 5549 3219 5623 ejus
3249 5551 3580 5625 prophetiam

2055 5624 2266 5679 venisse
2292 5622 2539 5674 delirant.
2572 5638 2591 5671 ι

2125 5692 2236 5766 (16)
2276 5689 2518 5761 Quando.
2554 5689 2726 5749 lCor.
2764 5707 2883 5759 ιιιιι,
2918 5692 2977 5748 11
3008 5703 3057 5749 et
3090 5691 3177 5749 12.

2317 5274 2598 5325 aracletus.
2633 5268 2766 5326 Ibid.
2795 5269 2885 5325 26.
