3738 6354
162 404 239 464 985
1142 400 1229 455 DE
1269 401 1644 458 TRINITATE
1680 402 1884 459 LIBER
1924 402 2245 462 TERTIUS.
3232 404 3344 465 980

158 522 409 591 κατήργηκα
456 512 525 567 τά
578 512 675 567 τοῦ
718 514 940 585 νηπίου.
992 514 1271 587 Βλέπομεν
1314 518 1422 590 γὰρ
1449 518 1572 592 ἄρτι
1596 518 1634 572 δι

1860 536 1887 575 n
1914 521 2018 589 vir,
2044 521 2301 577 evacuavi
2331 514 2451 593 quae
2468 528 2627 576 erant
2647 519 2882 591 parvuli.
2914 518 3172 577 Videmus
3194 521 3336 576 enim

160 614 360 680 ἐσόπτρου
380 607 429 658 ὲν
459 604 739 675 αἰνίγματι
755 623 768 635 ·
791 606 911 659 τότε
932 606 990 659 δὲ
1012 606 1299 676 πρόσωπον
1330 610 1466 681 πρὸς
1495 610 1635 682 πρόσ

1863 627 1912 666 ιο
1941 626 2035 681 per
2061 612 2338 681 speculum
2372 612 2428 668 iu
2455 611 2771 679 aenigmate,
2807 621 2935 666 tunc
2980 620 3162 665 autem
3200 610 3339 667 facie

156 718 280 757 ωπον,
314 696 445 763 Ἀρτι
495 692 837 764 γινώσκομεν
896 697 959 749 ὲκ
1007 696 1234 766 μέρους·
1265 696 1385 749 τότε
1439 696 1496 750 δὲ
1544 698 1632 750 ἐπι

1869 703 2063 769 faciem
2095 719 2109 756 :
2149 718 2294 758 nunc
2334 702 2711 773 cognoscimus
2740 718 2805 757 ex
2842 710 3032 771 parte,
3069 711 3197 756 tunc
3243 716 3338 754 au-

159 785 423 862 γνωσόμεοα,
462 783 644 848 καθὼς
663 787 756 839 κα).
781 785 1099 858 ἐπεγνώσθη
1108 803 1228 858 μεν.
1262 806 1279 839 ι
1301 787 1457 841 Τοῦτ’
1475 787 1622 841 ἔστιν

1858 812 1875 848 ι
1913 810 2305 865 cognoscemus
2338 794 2480 849 sicut
2513 803 2569 849 et
2595 792 2799 862 cogniti
2831 807 3041 847 sumus.
3079 810 3097 844 ι
3127 792 3179 845 Id
3210 803 3292 845 est
3320 809 3334 847 :

162 884 291 950 Ἀπερ
316 876 394 930 νῦν
447 874 735 939 ἀκούοντες
765 876 870 927 ὑπὸ
908 875 1017 929 τῶν
1050 876 1088 927 Γ
1093 876 1282 948 ραφῶν
1336 876 1638 948 πιστεύομει

1863 900 1899 939 Β
1942 901 2084 940 nunc
2121 900 2153 941 e
2203 883 2502 955 Scripturis
2549 884 2832 939 audientes
2860 897 2983 936 vera
3011 898 3130 937 esse
3161 884 3339 937 credi-

157 972 276 1037 εἷναι,
316 969 434 1042 μετά
484 969 582 1041 τὴν
622 969 918 1024 ἀνάστασιν
951 972 1015 1042 τῇ
1045 971 1164 1040 ὄψει
1205 970 1531 1042 θεασόμεθα,
1568 989 1633 1024 κα

1862 990 1921 1039 s,
1954 990 2017 1030 ea
2050 985 2169 1045 post
2201 976 2656 1030 resurrectionem
2683 973 2856 1029 oculis
2887 973 3090 1028 nostris
3128 972 3338 1027 videbi-

157 1069 214 1136 τῷ
236 1064 474 1135 πράγματι
502 1061 848 1133 γνωσόμεθα,
871 1062 968 1131 τῆς
997 1063 1229 1133 μερικῆς
1256 1062 1508 1131 γνώσεως
1526 1079 1633 1115 παυ

1863 1081 1888 1121 s
1907 1105 1922 1130 ,
1951 1076 2007 1120 et
2036 1082 2094 1121 re
2124 1066 2235 1136 ipsa
2270 1079 2692 1133 cognoscemus,
2717 1073 2968 1119 cessante
2998 1073 3125 1116 tunc
3152 1061 3339 1132 cogni-

157 1158 370 1229 σαμένης·
402 1156 431 1225 ή
477 1154 583 1225 γὰρ
598 1156 820 1223 γνῶσις,
857 1156 890 1225 ή
938 1154 996 1221 ἐξ
1025 1156 1213 1224 ἀκοῆς,
1246 1154 1346 1224 τῆς
1394 1154 1629 1208 αύτόπτο

1862 1171 1914 1209 ιθ
1944 1155 2032 1208 illa
2052 1194 2069 1218 ,
2099 1170 2218 1225 quae
2242 1171 2309 1209 ex
2338 1165 2491 1225 parte
2512 1164 2597 1208 est
2625 1168 2642 1218 ;
2676 1168 2798 1207 nam
2828 1152 3100 1222 cognitio,
3127 1167 3247 1221 qua:
3271 1167 3338 1205 cx

156 1251 353 1323 γνώσεως
376 1248 460 1300 καὶ
496 1247 598 1316 τῆς
628 1247 824 1317 πείρας
865 1247 1027 1318 μέρος
1054 1247 1217 1299 ἐστίν.
1244 1243 1367 1299 Οἷον
1386 1246 1481 1300 νῦν
1505 1246 1632 1300 ἀκού

1858 1248 1948 1302 Iitu
1993 1248 2314 1317 acquiritur,
2367 1262 2493 1318 pars
2527 1256 2611 1302 est
2659 1245 2986 1316 cognitionis
3011 1235 3233 1314 ,‘quam
3270 1260 3334 1299 ex

152 1360 265 1406 οντες
291 1338 594 1409 πιστεύομεν
628 1339 754 1409 περὶ
788 1338 887 1407 τῆς
931 1338 1189 1410 δευτέρας
1238 1338 1537 1409 παρουσίας
1571 1356 1628 1392 το

1858 1354 1883 1393 a
1919 1340 1993 1394 rei
2041 1339 2245 1395 visione
2295 1349 2351 1393 et
2398 1338 2734 1408 experientia
2783 1352 3186 1407 comparamus.
3256 1335 3334 1390 Ita

153 1432 383 1493 Asmirae,
412 1429 502 1482 καὶ
528 1429 655 1500 περὶ
687 1429 779 1482 τοῦ
806 1428 1046 1499 βήματος
1070 1428 1366 1494 αὐτοῦ,κα).
1394 1430 1491 1501 τῆς
1518 1448 1629 1502 τρι(

1862 1445 1911 1483 te
1943 1430 2221 1484 audientes
2256 1429 2528 1484 credimus
2570 1444 2692 1499 quae
2733 1429 2800 1483 de
2845 1429 3082 1482 secundo
3128 1426 3338 1481 foomini

152 1525 372 1598 μακαρίας
419 1522 630 1593 φωνῆς’
688 1542 705 1574 ι
734 1522 920 1589 Δεῦτε,
968 1525 1017 1576 οἱ
1042 1522 1395 1593 εὐλογημένοι
1434 1522 1526 1576 τοῦ
1555 1524 1628 1576 Πο

1864 1533 1999 1578 'entu
2047 1524 2302 1594 prtedicta
2348 1534 2512 1590 sunt,
2561 1532 2616 1577 et
2662 1524 2730 1578 de
2783 1522 2900 1593 eius
2951 1522 3239 1587 tribunali,
3278 1537 3340 1576 ac

150 1619 243 1690 1.06;
272 1633 385 1686 μου,
439 1614 883 1686 κληρονομήσατε
930 1614 1030 1685 τὴν
1084 1614 1487 1685 ἡτοιμασμένην
1538 1614 1626 1682 ύμῖ

1874 1616 2078 1671 tissima
2116 1615 2206 1669 illa
2234 1630 2366 1671 voce
2386 1655 2402 1679 ,
2430 1614 2653 1670 «Venite
2684 1614 2834 1685 (17),
2866 1614 3132 1670 benedicti
3161 1614 3341 1670 Patris

149 1708 393 1781 βασιλείαν·
414 1727 430 1758 ι
466 1706 588 1759 τότε
608 1709 674 1777 τῇ
708 1706 806 1777 θέᾳ
833 1705 928 1760 καὶ
978 1708 1045 1777 τῇ
1081 1706 1245 1777 ’πείρᾳ⁵
1287 1704 1625 1775 μαθησόμεθα

1860 1710 1903 1774 i,
1934 1710 2201 1778 possidete
2229 1716 2288 1763 ut
2314 1709 2557 1764 haeredes
2587 1717 2831 1778 paratum
2863 1707 3015 1762 vobis
3044 1722 3265 1778 regnum
3286 1724 3334 1773 ς»

147 1800 233 1854 Νῦν
277 1794 543 1858 ἀκούοντες
593 1794 920 1864 πιστεύομεν
971 1794 1103 1865 περὶ
1157 1794 1265 1847 τῶν
1300 1793 1469 1862 ἁγίων
1502 1794 1623 1861 ἀγγε

1864 1815 1901 1855 ιο
1936 1816 2061 1856 vero
2093 1816 2191 1870 per
2246 1786 2508 1856 visionem
2559 1808 2616 1856 et
2666 1800 3057 1871 experientiam
3109 1800 3213 1854 ista
3254 1799 3340 1854 di-

145 1888 251 1940 λων”
291 1885 397 1938 τότε
446 1882 585 1936 κατά
643 1884 933 1954 πρόσωπον
982 1882 1429 1954 λειτουργοῦντας
1476 1883 1621 1936 αὑτοξ

1869 1907 1988 1947 mus
2016 1910 2030 1947 :
2065 1908 2214 1948 nunc
2244 1893 2526 1949 audientes
2555 1870 2829 1948 credimus
2863 1908 2984 1960 quae
3029 1891 3096 1947 de
3138 1895 3340 1947 sanctis

144 1977 356 2049 ellipsin.
386 1976 494 2029 Νῦν
542 1974 828 2039 ἀκούοντες
862 1974 1207 2047 πιστεύομεν,
1252 1997 1268 2027 ι
1295 1977 1362 2028 Ἀ
1388 1975 1620 2046 ὀφθαλμέ

1867 1982 1977 2049 ςεΙίε
2011 1985 2211 2053 scripta
2238 1995 2366 2040 sunt
2395 2002 2410 2051 ;
2452 1995 2579 2039 tunc
2610 1985 2873 2055 ipsosmet
2900 1985 3010 2041 Deo
3044 1983 3343 2040 servientes

140 2073 215 2126 οὐκ
238 2071 345 2132 ίδεν,
394 2069 483 2121 καὶ
514 2062 603 2131 οὖς
630 2067 730 2121 ούκ
765 2068 1016 2139 ἤκουσεν,
1052 2070 1146 2122 καὶ
1194 2068 1285 2121 ἐπὶ
1317 2067 1543 2138 καρδίαν
1568 2070 1616 2121 ἀι

1866 2091 1950 2130 am
1985 2076 2289 2132 videbimus
2316 2094 2332 2132 :
2368 2091 2515 2131 nunc
2544 2076 2823 2131 audientes
2856 2075 3130 2130 credimus
3164 2092 3183 2125 ι
3213 2075 3342 2141 Qum

141 2164 314 2237 θρώπου
355 2162 448 2214 οὐκ
475 2161 666 2232 ἀνέϐη,
715 2162 814 2213 ὅσα
838 2159 1131 2231 ἡτοίμασεν
1176 2162 1203 2213 ό
1232 2160 1363 2222 Θεὸς
1389 2161 1502 2223 τοῖς
1531 2160 1617 2229 ἀγ(

1868 2171 1880 2237 )
1913 2169 2103 2225 oculus
2136 2185 2243 2224 non
2283 2169 2450 2237 vidit,
2490 2183 2590 2225 nec
2621 2168 2768 2223 auris
2800 2165 3044 2231 audivit,
3074 2176 3130 2221 et
3162 2166 3215 2219 in
3248 2180 3344 2221 cor

138 2255 277 2309 πὼσιν
302 2251 450 2306 αὐτόν
468 2267 485 2284 ο
513 2271 533 2303 ›
573 2251 693 2305 τότε
723 2251 823 2304 οὐκ
862 2250 1082 2320 ὄψονται
1119 2250 1298 2322 μόνον,
1333 2249 1469 2303 ἀλλὰ
1492 2250 1586 2303 καὶ
1610 2254 1614 2300 i

1867 2262 2001 2318 uinis
2048 2277 2152 2316 non
2206 2262 2572 2317 ascenderunt
2616 2274 2949 2330 quacunque
3022 2257 3343 2328 praeparavit

138 2342 385 2399 ἀπολαύσει
402 2340 580 2394 αὐτῶν
606 2342 656 2394 οί
684 2340 823 2405 ἄξιοι
846 2340 1133 2410 γένωνται.
1159 2341 1202 2393 Τ
1206 2340 1241 2393 ἀ
1262 2340 1369 2413 γὰρ
1393 2340 1488 2395 νῦν
1515 2341 1614 2394 κάτ

1863 2371 1912 2409 IS
1948 2354 2294 2425 diligentibus
2331 2354 2547 2422 ipsum;
2581 2370 2601 2405 ι
2650 2361 2780 2406 tunc
2828 2351 2920 2420 qui
2968 2350 3115 2419 digni
3146 2358 3339 2413 erunt,

136 2438 212 2506 τῆς
229 2437 387 2506 ψυχῆς
402 2434 554 2505 ήμῶν
586 2434 796 2505 ὄμματι
818 2433 927 2486 τῶν
943 2433 1278 2504 ἐπουρανίων
1306 2433 1490 2503 ἀφανῆ
1517 2433 1612 2486 καθ

1862 2463 1875 2501 ι
1912 2447 2083 2501 solmn
2118 2461 2181 2501 ea
2212 2445 2507 2509 videbunt,
2540 2444 2640 2499 sed
2682 2452 2738 2498 et
2791 2443 2858 2498 iis
2909 2442 3156 2496 fruentur
3183 2439 3294 2511 (19)
3324 2457 3338 2496 ι

138 2529 296 2593 στῶτα,
313 2531 338 2581 ὁ
364 2527 567 2599 μέλλων
591 2526 705 2598 βίος
736 2527 947 2599 φανερὰ
963 2529 1198 2598 ποιήσει.
1228 2527 1364 2580 Ἀλλ’
1378 2524 1549 2592 εἶπεν,
1569 2545 1614 2597 φ·

1868 2553 1895 2591 ιι
1944 2537 2223 2603 caelestia,
2285 2549 2406 2606 qua:
2457 2534 2509 2588 in
2561 2544 2705 2589 terra
2745 2547 2889 2587 nunc
2922 2530 3112 2584 anima:
3146 2539 3344 2584 nostra:

138 2623 216 2685 σὶν,
245 2622 269 2674 ὁ
296 2619 414 2692 [219
432 2618 487 2690 a]
514 2618 777 2690 Χριστός·
803 2638 821 2670 ι
845 2621 965 2672 Ἔτι
986 2620 1157 2673 πολλὰ
1179 2619 1287 2691 ἔχω
1315 2620 1494 2687 λέγειν
1517 2619 1614 2688 ὑμί

1875 2629 1924 2683 lo
1955 2628 2268 2689 abscondita
2318 2638 2486 2695 sunt,
2528 2627 2583 2681 in
2628 2626 2807 2680 futura
2855 2625 2965 2677 vita
3012 2623 3141 2676 ﬂent
3189 2621 3343 2676 nobis

136 2715 222 2767 ἀλλ’
244 2715 294 2767 ού
315 2712 536 2766 δύνασθε
566 2711 854 2782 βαστάζειν
890 2711 1047 2783 ἄρτι·
1078 2714 1203 2765 ὅταν
1254 2712 1310 2763 δὲ
1353 2711 1479 2785 ἔλθῃ
1532 2714 1612 2764 ὲκε

1868 2716 2077 2773 nifesta.
2138 2718 2206 2772 At
2257 2717 2427 2780 dixit,
2490 2715 2784 2785 inquiunt,
2839 2713 3135 2769 Christus:
3178 2729 3197 2762 ι
3236 2711 3344 2764 Ade

135 2823 218 2869 νος,
236 2807 287 2859 τὸ
307 2806 522 2877 Πνεῦμα
545 2805 647 2875 τῆς
664 2804 941 2874 ἀληθείας,
959 2805 1213 2875 ὁδηγήσει
1230 2805 1372 2875 ὑμᾶς
1391 2806 1471 2867 είς
1492 2806 1611 2857 πᾶσι

1867 2829 1876 2862 :
1911 2810 2025 2881 (ἳο)
2059 2811 2230 2864 multa
2264 2810 2439 2863 habeo
2464 2809 2644 2863 dicere
2680 2807 2867 2872 vobis,
2916 2805 3009 2860 sed
3046 2822 3151 2860 non
3190 2813 3343 2875 pote-

131 2900 207 2968 τήν
225 2898 461 2969 ἀλήθειαν
482 2916 494 2928 ο
517 2916 537 2949 s
599 2897 715 2959 καὶ,
751 2915 769 2947 ι
793 2897 909 2965 Ἀφ’
945 2896 1136 2949 ἑαυτοῦ
1165 2898 1226 2949 οὐ
1263 2897 1502 2968 λαλήσει,
1556 2897 1607 2951 ἀ)

1868 2937 1872 2953 .
1900 2912 2118 2972 portare
2152 2903 2311 2956 modo
2344 2919 2359 2967 ;
2392 2917 2514 2956 cum
2550 2908 2733 2954 autem
2766 2898 2971 2952 venerit
3018 2897 3136 2961 ille,
3170 2894 3344 2964 Spirio

135 2993 181 3042 ὲκ
197 2989 275 3043 τοῦ
294 2989 421 3060 ἐμοῦ
442 2988 699 3059 λήψεται,
745 2989 839 3041 κα).
862 2989 1153 3058 ἀναγγελεῖ
1182 2991 1309 3060 ὑμῖν
1327 3002 1341 3019 ⁶
1368 3010 1386 3041 ι
1408 2986 1525 3055 καί,
1556 3007 1575 3041 t
1595 2990 1610 3011 ’

1890 2993 2171 3059 veritatis,
2202 2993 2434 3047 deducet
2463 3008 2557 3046 vos
2607 2993 2661 3045 lu
2704 3005 2918 3044 omnem
2959 2989 3282 3052 veritatem;
3318 3004 3340 3039 ι

131 3083 271 3143 κεῖνος
292 3081 385 3149 ἐμὲ
409 3078 661 3143 δοξάσει’
693 3097 712 3130 ι
747 3078 841 3131 καὶ
892 3078 1052 3132 πάλιν
1076 3095 1091 3110 ’
1121 3098 1139 3129 ι
1168 3080 1281 3132 Οὐκ
1312 3080 1509 3151 ἀφήσω
1530 3080 1605 3151 ύμ

1898 3104 1917 3136 ι
1949 3086 1989 3139 A
2022 3085 2316 3154 semetipso
2346 3082 2462 3155 (EH)
2506 3098 2612 3138 non
2660 3082 2933 3153 loquetur,
2969 3080 3063 3136 scd
3116 3079 3182 3133 de
3226 3093 3345 3132 meo

133 3171 379 3241 ὀρφανούς·
415 3170 652 3241 ἔρχομαι
685 3169 821 3239 πρὸς
849 3170 1011 3239 ὑμᾶς.
1051 3189 1070 3220 ι
1104 3165 1309 3223 τΗλθεν
1351 3167 1443 3224 οῦν
1481 3171 1607 3243 δῆθε

1871 3174 2032 3244 ipiet,
2091 3182 2146 3229 et
2185 3172 2529 3227 annuntiabit
2582 3172 2779 3238 vobis;
2815 3190 2833 3224 ι
2881 3180 2935 3225 et
2978 3188 2993 3224 :
3043 3186 3063 3221 ι
3104 3167 3198 3222 Ille
3231 3167 3343 3238 (22)

129 3265 225 3318 ὅταν
261 3262 550 3326 Μοντανός.
592 3260 707 3331 Οὐχ
758 3260 931 3324 οὓτως
980 3261 1073 3314 δέ’
1116 3263 1191 3333 μὴ
1240 3263 1483 3331 γένοιτοί
1541 3265 1605 3317 ἐτι

1888 3265 2222 3335 gloriﬁcabit.
2252 3283 2272 3317 ι
2306 3264 2371 3317 Et
2418 3278 2641 3319 rursus:
2671 3280 2691 3314 ι
2745 3261 2859 3316 Non
2883 3261 2998 3332 (23)
3040 3260 3344 3330 relinquam

132 3354 237 3423 πρὸς
253 3353 428 3407 τοῦτον
454 3353 549 3406 τὸν
575 3353 896 3423 ἀδιανόητον
929 3352 1108 3406 αὐτῶν
1136 3352 1291 3422 λόγον
1322 3354 1605 3425 εὑρίσκοντ

1918 3355 2225 3423 orphanos,
2277 3355 2437 3409 venio
2489 3357 2558 3409 ad
2615 3369 2734 3409 vos.
2766 3346 2785 3404 ὁ
2822 3351 2976 3407 Tunc
3032 3366 3161 3421 ergo
3213 3363 3348 3404 sane

129 3446 209 3514 πρὸ
231 3444 497 3498 Μοντανοῦ
548 3444 605 3497 οἵ
633 3460 693 3497 τε
722 3443 814 3496 τὸν
868 3443 1104 3514 Χριστὸν
1137 3445 1436 3515 ἐσχηκότες
1456 3486 1471 3509 ,
1507 3444 1561 3498 οἴ

1873 3446 2104 3518 ἰι,447
2129 3448 2343 3516 quando
2360 3446 2643 3501 Montanus
2665 3448 2830 3502 venit.
2860 3446 2926 3500 At
2943 3459 3046 3499 non
3070 3442 3142 3498 ita
3168 3456 3228 3498 se
3255 3457 3344 3497 res

130 3537 368 3591 ἀπόστολοι
417 3538 467 3590 οἱ
508 3538 615 3608 τὴν
660 3536 814 3600 τάξιν
863 3534 1144 3605 δεξάμενοι
1194 3536 1345 3607 παρά
1386 3534 1480 3590 τοῦ
1510 3536 1606 3590 Θεο

1870 3549 1931 3592 νει
1965 3556 1977 3593 :
2016 3539 2187 3593 absit!
2232 3538 2468 3606 alioquin
2505 3538 2636 3593 illud
2664 3545 3062 3606 consequetur,
3105 3534 3152 3590 si
3182 3533 3346 3589 stulta

126 3628 199 3681 καὶ
224 3631 275 3683 ἐν
302 3631 515 3693 ἑαυτοῖς
550 3628 853 3699 ἐσχηκότες
890 3625 1153 3680 λαλοῦντα
1177 3627 1268 3679 τὸν
1293 3626 1546 3699 Χριστὸν,
1576 3646 1602 3680 κ

1871 3645 1954 3685 um
2010 3630 2348 3685 ratiocinatio
2398 3629 2741 3693 attendatur,
2814 3638 2875 3682 ut
2922 3626 3225 3691 Christum,
3281 3638 3347 3679 ac

129 3720 272 3773 οἰκοῦν
296 3721 353 3774 τὸ
382 3721 617 3791 Πνεῦμα
656 3718 750 3773 τοῦ
781 3718 937 3784 Θεοῦ,
973 3719 1068 3771 καὶ
1096 3719 1183 3772 διὰ
1228 3719 1327 3789 τῆς
1372 3718 1605 3772 ὲπιθέσει

1873 3723 2034 3776 ritum
2087 3729 2331 3776 sanetum
2381 3730 2505 3774 ante
2547 3719 2861 3773 Montanum
2908 3732 3013 3772 non
3060 3714 3349 3772 habuerint

127 3814 207 3865 τῶν
231 3813 415 3885 χειρῶν
465 3813 568 3865 καὶ
617 3810 799 3883 ἄλλοις
839 3810 1171 3881 παρέχοντες
1211 3808 1344 3863 αὐτὸ
1386 3807 1529 3861 κατά
1572 3825 1602 3860 τ

1870 3831 1949 3887 lue
1980 3816 2014 3868 ii
2038 3815 2130 3884 qui
2173 3814 2451 3870 Christum
2488 3815 2793 3869 habuerunt
2819 3851 2834 3876 ,
2866 3826 2967 3866 nec
2992 3808 3222 3881 apostoli
3254 3807 3346 3877 qui

128 3908 256 3961 αὑτοῦ
304 3908 584 3979 βούλησιν,
631 3906 728 3960 καὶ
769 3904 907 3976 μετὰ
950 3903 1263 3975 παρρησίας
1300 3902 1604 3955 διδάσκοντε

1874 3925 1923 3964 m
1956 3912 2193 3981 ipsorum
2234 3908 2549 3977 dignitatem
2604 3921 2634 3959 a
2670 3904 2782 3960 Deo
2817 3911 3143 3969 acceperunt
3174 3906 3231 3953 et
3264 3899 3344 3953 lo-

127 4002 196 4053 καὶ
229 4002 363 4072 παρά
392 4003 567 4054 πᾶσιν
610 3998 991 4068 πιστευόμενοι
1038 3996 1134 4048 καὶ
1177 3994 1251 4065 μὴ
1276 3994 1350 4057 ὡς
1392 3995 1603 4046 Μονταν

1869 4012 2024 4055 :ntem
2089 4000 2141 4054 in
2206 3999 2397 4067 seipsis
2435 3997 2733 4063 Christum,
2790 4004 2953 4065 atque
3009 3992 3345 4048 habitantem

128 4092 477 4162 ἀπιστούμενος
494 4108 508 4120 ·
538 4090 598 4144 οἵ
623 4106 685 4143 τε
711 4089 1071 4150 ἀκούσαντεςο
1110 4108 1126 4138 ι
1161 4086 1316 4139 Ὅσοι
1340 4085 1419 4147 εἰς
1438 4086 1604 4154 Χριστ

1874 4093 2032 4146 ritum
2066 4091 2158 4146 Dei
2186 4090 2441 4154 habuere,
2497 4099 2553 4144 et
2596 4103 2690 4158 per
2735 4100 2990 4142 manuum
3049 4082 3348 4153 impositio-

126 4180 469 4250 ἐϐαπτίσθητε,
504 4178 752 4251 Χριστὸν
785 4174 1142 4230 ἐνεδύσασθε.⁹
1194 4194 1211 4225 ι
1262 4175 1337 4245 μὴ
1381 4173 1602 4244 ἐσχηκόπι

1870 4203 1899 4239 ιι
1964 4185 2085 4239 aliis
2122 4197 2338 4255 quoque
2382 4183 2554 4253 ipsum
2604 4181 2759 4251 juxta
2812 4179 2957 4233 illius
3018 4176 3346 4231 voluntatem

128 4273 194 4325 τὸν
223 4274 441 4344 Χριστὸν
469 4272 572 4326 καὶ
598 4269 664 4324 τὸ
694 4269 848 4337 ἆγιον
876 4267 1014 4322 Πνεῦ
1025 4285 1119 4339 μα.
1163 4265 1323 4319 Ἀλλά
1351 4265 1419 4321 τά
1451 4282 1604 4334 προκε

1870 4279 2164 4344 ebuerunt,
2201 4287 2255 4332 et
2305 4275 2477 4331 libere
2530 4281 2691 4343 atque
2740 4273 2982 4327 animose
3029 4271 3346 4334 docuerunt,

130 4382 233 4432 μενα
258 4366 468 4436 ῥήματα
499 4362 604 4416 τοῦ
668 4360 920 4431 Σωτῆρος
968 4360 1068 4430 τὴν
1112 4358 1404 4428 ἰσοτιμίαν,
1446 4357 1541 4410 καὶ
1576 4374 1605 4408 τ

1885 4381 1942 4425 ιιι
1971 4369 2106 4423 ﬁdes
2133 4369 2214 4424 eis
2247 4367 2315 4422 ab
2343 4366 2595 4421 omnibus
2617 4365 2799 4420 habita
2835 4364 2942 4428 sit,
2977 4378 3081 4417 non
3100 4375 3226 4417 vero
3256 4360 3350 4415 de.

133 4458 412 4527 σονᾲδουσαν
440 4455 602 4527 αὐτῷ
637 4452 983 4507 διδασκαλίαν
1028 4451 1121 4504 τοῦ
1157 4452 1312 4519 ἁγίου
1358 4450 1609 4521 Πνεύματ

1872 4470 1971 4530 gata
2023 4460 2164 4531 (24),
2205 4468 2265 4514 ut
2310 4458 2595 4523 Montano;
2628 4471 2729 4511 nec
2780 4456 2818 4509 ii
2846 4458 3084 4517 detnum,
3149 4452 3348 4521 quibus

131 4552 342 4622 παριστᾷ.
370 4550 437 4604 Τί
458 4550 518 4603 δὲ
540 4547 805 4619 σημαίνει
828 4545 909 4610 τὸ,
939 4565 957 4597 ι
994 4546 1265 4617 Ἔρχομαι
1294 4544 1430 4615 πρὸς
1452 4545 1607 4614 ὑμᾶς,

1873 4565 1983 4606 tum
2043 4550 2145 4605 fuit
2176 4569 2190 4606 :
2252 4568 2271 4602 ι
2307 4550 2578 4619 Quotquot
2628 4547 2741 4619 (25)
2780 4548 2834 4601 in
2863 4546 3139 4601 Christum
3173 4542 3349 4609 bapti-

129 4644 299 4715 είρηται
341 4643 650 4715 ἀνωτέρω·
696 4640 916 4711 εἴχομεν
966 4638 1075 4710 γὰρ
1114 4640 1181 4707 (εί
1224 4637 1317 4690 καὶ
1360 4637 1573 4708 ἔχουσιν

1870 4648 1877 4699 ι
1912 4644 2062 4711 estis,
2119 4643 2392 4698 Christum
2424 4640 2698 4695 induistis.
2728 4658 2748 4691 ι
2776 4637 2882 4693 Sed
2920 4636 3056 4691 Filio
3084 4634 3346 4703 aequalem

126 4734 230 4800 ἄξιοι
247 4737 491 4806 τελείως)
520 4735 625 4789 τόν
650 4750 710 4787 τε
743 4731 977 4805 Χριστὸν
1008 4730 1101 4783 τὸν
1125 4728 1349 4782 εἰπόντα
1370 4742 1384 4758 ⁸
1414 4747 1433 4780 t
1476 4729 1602 4799 Ἔρχ

1872 4754 1890 4792 3
1926 4735 2210 4806 Spiritum,
2271 4744 2326 4788 et
2360 4735 2520 4804 hujus
2555 4731 2856 4787 doctrinam
2893 4728 3150 4782 doctrime
3200 4724 3348 4779 illius

130 4845 202 4894 μαι
236 4829 359 4898 πρὸς
403 4828 596 4898 ὑμᾶς’
656 4844 676 4877 ι
732 4822 794 4875 τό
847 4839 906 4875 τε
956 4821 1110 4889 ἅγιον
1157 4818 1405 4904 Πνεῦμα,
1452 4818 1578 4888 περὶ

1875 4842 2072 4883 πεοιιοιη
2120 4840 2242 4881 esse
2291 4824 2452 4879 allata
2507 4823 2805 4878 Salvatoris
2847 4819 3012 4873 verba
3066 4817 3351 4870 denotant.

128 4913 260 4972 εἶπεν·
295 4939 313 4973 ι
348 4921 521 4975 Ὅταν
569 4915 711 4989 ἔλθῃ
748 4916 974 4976 ἐκεῖνος.
1024 4932 1043 4965 ι
1090 4911 1223 4966 Οὐδὲ
1255 4911 1363 4982 γὰρ
1407 4909 1593 4972 ἀτελές

1872 4919 1920 4973 id
1961 4932 2093 4973 vero
2119 4916 2386 4987 signiﬁcet
2430 4915 2581 4980 illud,
2618 4932 2637 4965 ε
2673 4912 2843 4968 Venio
2873 4910 2942 4965 ad
2970 4923 3087 4973 vos,
3138 4926 3158 4959 ι
3187 4920 3348 4975 supe-

129 5012 261 5064 ὲποίει
287 5014 313 5065 ὁ
338 5012 653 5080 Δεσπότης,
686 5006 947 5077 ἐμφυσῶν
975 5004 1113 5076 μετὰ
1136 5003 1235 5074 τὴν
1275 5002 1568 5057 ἀνάστασιν
1598 5022 1605 5054 ι

1877 5025 1896 5064 s
1925 5009 2127 5064 dictum
2157 5015 2263 5065 est.
2319 5005 2615 5060 Habuimus
2656 5003 2797 5057 enim
2846 5002 3178 5069 (quanquam
3229 5011 3353 5066 per-

130 5104 345 5174 πςάσωπα
368 5105 481 5160 τῶν
524 5100 874 5163 ἀποστόλων,
904 5099 999 5153 καὶ
1040 5098 1213 5167 λέγων
1246 5097 1371 5169 [219
1399 5097 1473 5169 bj°
1512 5114 1531 5147 ι
1567 5098 1606 5150 Λ

1876 5112 1925 5157 te
1976 5116 2081 5155 non
2110 5101 2311 5155 habent
2346 5099 2446 5151 nisi
2482 5098 2571 5167 qui
2610 5094 2753 5165 digni
2783 5092 2930 5161 sunt)
2965 5101 3012 5145 et
3072 5089 3352 5174 Christuut

131 5164 223 5248 ϐετε
246 5198 459 5268 Πνεῦμα
486 5198 660 5265 ἅγιον
685 5210 699 5223 ·
738 5210 758 5244 ›
787 5191 893 5244 οὐδ’
922 5164 1192 5260 ἐψεύδετο,
1218 5164 1265 5259 ἢ.
1284 5164 1449 5253 αὐτὸς
1465 5187 1607 5257 λέγω

1898 5194 2053 5261 dixit,
2091 5211 2109 5245 ι
2149 5192 2317 5248 Venio
2347 5192 2411 5245 ad
2434 5164 2564 5253 vos,
2602 5207 2621 5242 ι
2673 5197 2727 5241 et
2764 5184 3024 5256 Spiritum
3078 5164 3351 5249 sanctum:

133 5304 148 5338 ι
177 5288 415 5361 Ὀτιπαρ’
438 5289 575 5360 ὑμῖν
612 5284 794 5358 μένει,
823 5284 917 5338 καὶ
944 5284 1003 5337 ὲν
1032 5283 1159 5354 ὑμῖν
1188 5284 1334 5339 ἐστιν
1356 5298 1370 5314 ⁸
1398 5303 1417 5337 ι
1443 5282 1476 5353 ἢ
1516 5283 1609 5337 Ἀπ

1878 5300 1980 5355 quo
2009 5285 2056 5341 is
2087 5284 2265 5339 dixit:
2302 5303 2322 5337 ι
2353 5284 2489 5339 Cum
2522 5281 2732 5338 venerit
2760 5278 2849 5334 ille
2893 5320 2907 5334 .
2949 5295 2967 5330 ι
3006 5273 3143 5332 Nam
3181 5291 3354 5349 neque

203 5501 276 5573 17)
314 5503 512 5561 Venite.
552 5504 764 5560 Matth.
788 5520 917 5569 xxv,
946 5503 1037 5559 δι.

946 5503 1037 5559 at.
1856 5505 1970 5573 (es)
2002 5504 2120 5561 Ille.
2148 5504 2282 5559 Ibid.
2318 5504 2401 5559 ιι.

209 5574 278 5645 lii)
317 5576 463 5645 Quae.
498 5577 517 5631 l
548 5576 694 5645 Cor,
732 5589 789 5639 ll,
826 5576 878 5645 9,
1118 5644 1121 5645 ν
1455 5642 1471 5645 _

1118 5644 1121 5645 ν
1455 5642 1471 5645 _
1853 5577 1965 5645 (25)
2002 5577 2142 5630 Non.
2173 5574 2330 5629 Joau.
2364 5590 2474 5639 xw,
2507 5574 2594 5630 18.

186 5642 277 5718 (19)
310 5644 604 5718 Fruentur.
640 5644 789 5718 _Pr0-
812 5643 1059 5718 Téyovzat
1114 5644 1395 5716 legendqu
1449 5642 1662 5701 forlaSSt

1876 5647 1960 5716 24)
1999 5646 2285 5718 Denegata,
2326 5646 2531 5710 Codex,
2581 5645 2998 5718 ἀπιστούμενος.
3040 5643 3352 5716 Legendum

134 5716 405 5789 γενήσονται
439 5713 910 5789 [νει-γένωνται]ἒ
932 5782 952 5789 _
1032 5785 1088 5789 __
1171 5713 1190 5716 ⁷

1032 5785 1045 5789 _
1059 5785 1088 5789 _
1171 5713 1190 5716 ⁷
1779 5713 2039 5789 fortasse,
2060 5713 2468 5789 ἀπιστούμενοι.

188 5782 503 5858 (ξωᾴάήιὶσ.
536 5782 714 5840 ιιόιιη.
740 5782 977 5858 _xvt,'l_‘2_.
1025 5785 1110 5839 15.

1851 5786 1965 5857 (25)
2000 5782 2497 5858 Ωιιυιᾳιιοι.’(ὶιιιιιι.
2530 5802 2612 5854 ιιι,
2645 5786 2735 5845 27.

192 5854 283 5926 121)
314 5856 355 5911 Α
388 5859 707 5926 semetipso.
740 5854 871 5911 Ibid.
911 5852 994 5912 l5.
