3758 6338
378 379 483 436 987

1640 384 1875 439 DlDYMl
1917 383 2378 438 ALEXANDRINI

3502 382 3597 434 988

379 494 754 567 Imperfectum
786 497 913 565 quid
945 496 1174 554 faciebat
1201 498 1492 563 Dominus,
1547 513 1669 553 cum
1708 498 1950 553 insuma-

2065 500 2238 562 ττολος
2272 498 2529 569 γράφων·
2574 514 2595 548 t
2626 497 2739 551 Οὐκ
2766 496 2941 549 οἴδατε
2963 537 2979 561 ,
3009 496 3090 548 ὃτι
3123 495 3249 558 ναὸς
3280 492 3419 547 Θεοῦ
3458 496 3601 559 ἐστε,

380 590 475 642 bat
504 595 621 656 post
671 588 1125 642 resurrectionem
1178 589 1230 642 in
1271 589 1435 643 facies
1468 586 1833 657 apostolorum
1868 588 1950 643 di-

381 691 510 734 cens
543 699 556 733 :
598 674 867 750 «Accipite
892 679 1005 751 (96)
1031 678 1291 749 Spiritum
1315 688 1603 745 sanctum;
1644 693 1773 733 inec
1796 692 1951 733 men-

386 771 619 825 tiebatur
641 783 732 825 aut
756 774 891 841 ipse,
926 787 1046 825 cum
1077 774 1253 826 aiebat
1286 785 1301 823 :
1341 790 1359 822 ι
1394 772 1546 841 Apud
1570 769 1684 841 (27)
1708 785 1802 826 vos
1840 785 1952 824 ma-

388 874 493 923 net,
521 874 574 917 et
599 864 649 917 in
670 864 818 917 vobis
834 877 951 931 est;
993 882 1011 914 ι
1041 875 1131 917 aut
1152 862 1457 931 Apostolus,
1489 876 1611 915 cum
1635 861 1901 916 scribebat
1934 878 1948 914 :

392 972 410 1003 ι
444 956 519 1005 Au
557 955 780 1009 neStzilis
821 955 930 1025 (28)
990 956 1110 1022 quia
1140 954 1391 1021 templmn
1429 953 1520 1006 Dei
1560 953 1710 1015 estis,
1744 960 1797 1007 et
1830 950 1951 1019 Spi-

393 1047 524 1097 ritus
556 1045 644 1097 Dei
676 1046 879 1098 habitat
911 1046 962 1099 in
994 1044 1171 1099 vobis?
1204 1064 1222 1096 s
1260 1055 1349 1097 ant
1378 1043 1811 1113 Sapientia.cum
1841 1044 1948 1097 ait:

395 1154 415 1186 ι
456 1136 688 1203 Spiritus
737 1136 852 1205 (“29)
892 1136 1101 1189 Domini
1149 1136 1374 1203 replevit
1417 1138 1601 1190 orbem
1664 1146 1948 1198 terrarum,

390 1237 439 1278 et
482 1224 622 1292 quod
653 1227 894 1279 continet
933 1226 1147 1289 omnia,
1188 1224 1475 1278 scientiam
1507 1224 1669 1277 habet
1718 1224 1881 1277 vocis.
1925 1242 1945 1274 ι

395 1315 503 1368 Nec
551 1326 810 1383 praetcrea
864 1314 1114 1368 Montano
1175 1310 1604 1383 intperlectiores
1632 1322 1787 1367 erant
1822 1327 1951 1382 apo-

390 1407 513 1460 stoli
543 1448 557 1472 ,
592 1421 690 1460 nec
725 1406 924 1470 sancti,
960 1406 1049 1474 qui
1083 1414 1206 1459 ante
1239 1403 1507 1472 apostolos
1546 1404 1823 1458 exstitere.
1875 1401 1951 1457 lbi

390 1506 568 1550 autem
626 1496 679 1550 in
734 1496 1049 1550 Pentecoste
1116 1493 1514 1564 apparuit,ubi
1554 1493 1663 1561 jam
1709 1502 1845 1559 erat,
1905 1493 1951 1547 is

389 1587 479 1655 qui
509 1586 693 1639 omnia
732 1585 972 1639 continet
1020 1582 1249 1652 Spiritus
1294 1590 1548 1648 sanctus,
1576 1592 1630 1635 et
1665 1590 1950 1652 susceptus

388 1687 494 1742 est,
539 1687 597 1730 ut
627 1686 893 1730 testantur
914 1675 1046 1729 Acta
1069 1674 1152 1728 his
1176 1674 1355 1728 verbis
1394 1691 1409 1729 :
1448 1690 1468 1724 ι
1504 1672 1798 1727 Audientes
1833 1671 1947 1741 (30)

389 1778 570 1824 autem
605 1769 695 1839 qui
726 1772 777 1822 in
804 1767 1158 1837 Jerosolymis
1187 1772 1342 1821 erant
1397 1763 1644 1833 apostoli,
1679 1762 1823 1834 quod
1856 1777 1945 1818 re-

2053 591 2238 646 καὶτὸ
2275 588 2499 660 Πνεῦμα
2546 588 2638 642 τοῦ
2681 588 2816 641 Θεοῦ
2865 590 3005 641 οἰκεῖ
3033 589 3091 639 ἐν
3127 586 3289 656 ὐμῖν;
3353 603 3371 636 ι
3410 584 3530 638 οὔτε
3572 588 3603 656 ὴ

2052 682 2216 751 Σοφία
2247 681 2481 750 λέγουσα
2502 696 2514 709 ’
2557 699 2577 732 ι
2615 680 2837 751 Πνεῦμα
2872 678 3084 750 Κυρίου
3117 677 3477 747 πεπλήρωκεν
3516 678 3606 747 τὴν

2050 772 2371 843 οἰκουμένην
2391 789 2403 800 ·
2454 772 2546 825 καὶ
2572 771 2633 823 τὸ
2670 770 2890 840 συνέχον
2920 770 2989 822 τὰ
3015 770 3191 822 πάντα
3211 811 3225 834 ,
3266 769 3474 837 γνῶσιν
3507 768 3607 837 εχει

2053 863 2252 932 φωνῆς.
2295 882 2314 915 ι
2365 861 2499 915 Οὔτε
2551 861 2656 932 μὴν
2691 861 3029 932 ἀτελέστεροι
3073 860 3355 914 Μοντανοῦ
3403 861 3454 912 oi
3485 861 3608 912 ἀπό-

2052 955 2225 1008 στολοι
2251 955 2343 1008 καὶ
2372 955 2419 1006 oi
2443 953 2547 1025 πρὸ
2571 952 2749 1007 αὐτῶν
2805 953 2949 1020 ἆγιοι
2971 951 3262 1022 ἐτύγχανον
3287 952 3465 1015 ὄντες.
3500 953 3611 1004 Ἐπ-

2058 1045 2226 1115 εφάνη
2261 1044 2317 1096 δὲ
2349 1046 2414 1114 τῇ
2449 1045 2814 1115 Πεντηκοστῇ,
2847 1043 2972 1097 ἔνθα
2994 1046 3089 1096 καὶ
3128 1042 3227 1114 ἤδη
3260 1038 3334 1111 ἦν
3361 1042 3427 1095 τὸ
3446 1044 3609 1097 πᾶν-τα

2052 1134 2273 1204 συνέχον
2308 1134 2463 1201 ἅγιον
2490 1133 2735 1202 Πνεῦμα,
2771 1134 2864 1187 κα)⁸
2912 1132 3099 1203 ἐδέχθη
3124 1173 3139 1194 ,
3173 1132 3250 1196 ὡς
3304 1132 3520 1202 ἔχουσιν
3557 1134 3609 1185 αἱ

2050 1224 2280 1294 Πράξεις
2299 1223 2469 1286 οὕτως
2489 1240 2502 1255 ο
2538 1240 2557 1274 ι
2599 1224 2954 1286 Ἀκούσαντες
2973 1224 3028 1276 δὲ
3051 1224 3099 1275 οἱ
3127 1225 3185 1275 ἐν
3223 1221 3611 1293 Ἰεροσολύμοις

2048 1315 2353 1375 ἀπόστολοι,
2385 1316 2465 1368 ὅτι
2505 1314 2747 1369 δέδεκται
2784 1314 3127 1385 ἡΣαμάρεια
3173 1313 3264 1366 τὸν
3321 1313 3481 1381 λόγον
3525 1313 3610 1365 τοῦ

2048 1406 2205 1471 Θεοῦ,
2234 1405 2557 1459 ἀπέστειλαν
2577 1406 2711 1477 πρὸς
2731 1406 2926 1469 αὐτοὺς
2954 1406 3043 1458 τὸν
3068 1405 3273 1476 Πέτρον
3300 1406 3404 1458 καὶ
3444 1404 3614 1457 Ἰωάν-

2049 1517 2177 1570 νην·
2212 1500 2405 1562 οἵτινες
2444 1496 2811 1561 καταϐάντες,
2847 1496 3219 1568 προσηύξαντο
3256 1498 3391 1566 περὶ
3421 1496 3609 1558 αὐτῶν,

2053 1589 2200 1650 ὅπως
2240 1586 2476 1640 λάϐωσιν
2518 1584 2741 1655 Πνεῦμα
2786 1586 2972 1653 ἅγιον·
3017 1584 3228 1637 οὐδέπω
3268 1584 3385 1653 γὰρ
3421 1579 3491 1653 ἦν
3534 1583 3610 1636 ἐπ’

2047 1679 2220 1731 οὐδενὶ
2244 1679 2423 1731 αὐτῶν
2456 1678 2837 1739 ἐπιπεπτωκός
2856 1695 2868 1707 θ
2910 1676 3068 1747 μόνον
3097 1676 3151 1728 δὲ
3190 1674 3609 1745 βεϐαπτισμένοι

2051 1771 2291 1842 ὑπῆρχον
2316 1772 2394 1833 είς
2428 1770 2491 1823 τὸ
2514 1769 2685 1839 ὄνομα
2720 1768 2811 1821 τοῦ
2843 1769 3049 1839 Κυρίου
3077 1768 3233 1837 ἡμῶν
3276 1766 3460 1836 Ἰησοῦ
3489 1767 3613 1835 Χρι·

389 1857 618 1923 cepisset
674 1855 916 1909 Samaria
978 1857 1198 1909 verbum
1258 1854 1375 1914 Dei,
1420 1854 1683 1907 miserunt
1736 1853 1800 1907 ad
1854 1866 1947 1907 eos

2065 1861 2198 1916 ττοῦ.
2248 1860 2379 1913 Τότε
2414 1857 2727 1913 ἐπετίθεσαν
2775 1858 2873 1922 τὰς
2914 1860 3099 1929 χεῖρας
3127 1859 3216 1909 ἐπ’
3261 1857 3496 1918 αὐτοὺς,
3526 1854 3609 1907 καὶ

390 1947 608 2001 Petrum
643 1958 696 2001 et
725 1947 1016 2010 Joannem,
1061 1946 1155 2015 qui
1212 1944 1599 1999 descendentes
1656 1953 1951 1997 oraret-unt

390 2052 489 2107 pro
537 2038 706 2107 ipsis,
760 2046 818 2091 ut
849 2036 1152 2106 acciperent
1183 2035 1443 2102 Spiritum
1481 2043 1730 2087 sanctum
1771 2051 1785 2088 :
1817 2048 1954 2088 non-

390 2130 516 2183 dum
567 2128 710 2183 enim
745 2128 798 2181 in
833 2141 1155 2196 quemquam
1191 2126 1404 2180 illorum
1445 2134 1700 2189 venerat;
1730 2124 1821 2203 sed
1859 2126 1950 2178 ba-

389 2221 573 2290 ptixati
602 2229 808 2273 tantum
830 2228 985 2273 erant
1012 2221 1065 2273 in
1096 2219 1315 2273 nomine
1358 2217 1566 2271 Domini
1609 2217 1776 2271 nostri
1825 2216 1950 2273 Jesu

388 2312 611 2365 Christi.
641 2310 791 2365 Tunc
819 2310 1163 2379 imponebant
1192 2324 1384 2363 manus
1416 2324 1579 2375 super
1602 2322 1696 2363 eos
1720 2348 1735 2371 ,
1770 2318 1824 2362 et
1855 2319 1976 2364 ac-‘

389 2400 658 2470 cipiebant
686 2398 945 2469 Spiritum
976 2408 1241 2453 sanctum.
1286 2417 1305 2449 ι
1335 2398 1400 2451 Ει
1437 2397 1576 2451 sicut
1609 2395 1777 2450 Filius
1805 2412 1946 2450 sem-

2055 1950 2355 2021 ἐλάμϐανον
2401 1950 2623 2019 Πνεῦμα
2666 1950 2837 2017 ἆγιον.
2875 1968 2893 2000 ι
2948 1949 3056 2001 Καὶ
3096 1948 3154 2001 ὃν
3196 1947 3403 2017 τρόπον
3433 1948 3462 1998 ὁ
3496 1944 3613 2007 Υἱὸς

2051 2041 2136 2094 ἀεὶ
2166 2041 2261 2110 μὲν
2290 2038 2562 2110 πανταχοῦ
2586 2041 2785 2110 παρῆν,
2811 2040 2959 2109 ὅμως
2976 2040 3031 2092 δὲ
3064 2039 3199 2110 μετά
3218 2038 3320 2109 τὴν
3354 2041 3413 2091 ἐν
3433 2044 3611 2107 κόσμῳ

2052 2130 2343 2201 ἐπιδημίαν
2380 2130 2602 2193 τελείως
2643 2129 2955 2201 ἐπεγνώσθη
2998 2130 3091 2182 καὶ
3136 2128 3436 2196 ἐδοξάσθη’
3482 2128 3613 2179 οὕτω

2052 2219 2144 2272 καὶ
2171 2217 2231 2270 τὸ
2262 2217 2415 2286 ἅγιον
2448 2216 2670 2288 Πνεῦμα
2725 2217 2812 2272 ἀεὶ
2856 2218 2953 2286 μὲν
3018 2217 3195 2270 πάντα
3240 2215 3485 2286 ἐπλήρου
3531 2217 3612 2269 καὶ

2053 2310 2315 2378 συνεῖχεν,
2347 2307 2485 2378 μετά
2513 2308 2567 2359 δέ
2597 2308 2694 2377 τὴν
2723 2309 2779 2359 ἐν
2803 2311 2867 2377 τῇ
2896 2308 3241 2377 Πεντηκοστῇ
3270 2308 3613 2376 ἐπιφοίτησιν

2050 2396 2212 2450 αὑτοῦ
2240 2396 2569 2468 τελειότερον
2593 2396 2907 2469 ἐπεγνώσθη
2944 2399 3036 2450 καὶ
3062 2398 3344 2468 ἐδοξάσθη.

388 2491 919 2561 perquidemubique
944 2500 1080 2556 erat,
1107 2501 1389 2560 postquam
1411 2500 1589 2544 tamen
1651 2491 1702 2544 in
1758 2490 2010 2544 mundutn
2049 2492 2214 2557 venit,
2266 2490 2503 2561 perfecte
2554 2494 2799 2562 cognitus
2848 2492 2947 2546 luit
3007 2504 3061 2547 et
3107 2494 3490 2563 glorilicatus;
3543 2494 3612 2546 sic

386 2585 550 2637 etiam
622 2583 853 2653 Spiritus
931 2593 1152 2638 sanctus
1215 2596 1427 2651 semper
1464 2583 1679 2652 quidem
1748 2583 1927 2637 omnia
1978 2583 2231 2652 implebat
2299 2594 2353 2640 et
2424 2586 2761 2648 continebat,
2809 2587 2900 2638 sed
2951 2597 3071 2654 post
3123 2584 3290 2656 448
3344 2601 3506 2640 suum
3565 2587 3609 2639 in

388 2675 703 2730 Pentecoste
745 2677 1028 2731 adventum
1092 2674 1380 2745 perfectius
1422 2675 1668 2743 cognitus
1714 2672 1816 2728 fuit
1862 2681 1919 2727 et
1956 2675 2308 2744 gloriﬁcatus.

457 2764 521 2819 ΙΙΙ
552 2764 733 2820 Tertio
763 2769 1048 2821 ostendere
1091 2768 1333 2820 nituntur
1357 2778 1412 2820 et
1454 2766 1760 2820 Montanum
1792 2766 1962 2835 perleo

386 2858 622 2912 stionem
652 2857 913 2911 Paracleti
945 2857 1226 2921 habuisse,
1252 2867 1306 2911 et
1349 2855 1643 2910 Priscillam
1678 2872 1741 2910 ac
1789 2856 1954 2910 Maxi-

389 2948 589 3002 millam
656 2949 1021 3018 prophetissas
1077 2947 1379 3017 (3i)........
1436 2949 1770 3018 scripserunt
1813 2948 1961 3003 Mon-

390 3050 535 3093 tano.
564 3037 750 3108 itaque
786 3040 1035 3109 inquiunt
1067 3059 1078 3094 :
1116 3040 1223 3095 Vos
1252 3056 1354 3094 non
1399 3041 1641 3105 creditis,
1683 3049 1803 3108 post
1838 3043 1951 3111 pri-

391 3144 533 3182 mam
592 3128 803 3182 Domini
863 3128 1347 3182 manilestationetn
1408 3129 1544 3183 ullos
1573 3144 1689 3183 esse
1729 3131 1957 3198 prophe-

389 3229 476 3273 tas
500 3218 653 3290 (3‘2):
700 3230 754 3273 at
780 3235 907 3276 vero
936 3218 1204 3282 Salvator,
1238 3220 1506 3287 inquiunt,
1535 3220 1708 3274 dixit:
1745 3238 1765 3271 ι
1815 3221 1951 3276 Ecce

389 3312 509 3383 (33)
563 3325 662 3380 ego
713 3314 867 3366 mitto
902 3312 967 3365 ad
1003 3325 1099 3365 vos
1128 3310 1433 3379 prophetas,
1464 3320 1517 3364 et
1554 3311 1845 3379 sapientes,
1898 3320 1954 3365 et

393 3405 601 3458 scribas
623 3443 638 3467 ,
696 3412 750 3457 et
801 3418 866 3457 ex
899 3404 979 3459 eis
1011 3402 1299 3463 occidetis,
1325 3410 1379 3454 et
1422 3401 1750 3468 eruciligetis
1782 3402 1833 3454 in
1867 3416 1956 3472 sy-

395 3495 616 3565 nagogis
656 3495 868 3549 vestris.
912 3514 931 3547 ι
976 3495 1170 3549 Verum
1218 3509 1323 3547 non
1372 3493 1447 3547 ita
1480 3492 1953 3562 haecintelligenda

390 3595 545 3649 situt,
603 3593 664 3640 ut
715 3584 814 3654 ipsi
871 3592 1063 3654 putant
1095 3603 1108 3637 :
1138 3587 1232 3639 sed
1281 3584 1346 3638 de
1396 3581 1653 3651 apostolis
1716 3583 1957 3650 loquitur

389 3676 660 3742 Christus,
713 3678 804 3746 qui
837 3677 999 3731 multa
1033 3686 1090 3731 et
1114 3676 1182 3730 de
1222 3675 1528 3730 novissimis
1577 3674 1903 3744 temporibus
1931 3715 1945 3740 ,

390 3778 449 3824 et
500 3771 567 3825 de
617 3785 779 3837 regno
822 3769 1081 3825 caelorum
1136 3768 1314 3823 futura
1377 3768 1809 3838 pranuntiarunt
1841 3785 1854 3821 :
1884 3782 1951 3823 ex

390 3875 619 3929 quorum
648 3862 810 3916 etiam
842 3877 1066 3916 numero
1102 3861 1336 3915 nonnulli
1378 3862 1540 3915 occisi
1565 3869 1691 3914 sunt
1718 3869 1776 3914 ut
1818 3858 1941 3914 Ste-

391 3956 600 4022 phanus
644 3966 696 4009 et
739 3952 989 4021 Iacobus,
1053 3954 1289 4008 nonnulli
1337 3955 1579 4009 cruciﬁxi
1629 3965 1685 4008 ut
1736 3953 1945 4019 Petrus,

392 4045 633 4100 nonnulli
673 4045 920 4115 ﬂagellati
952 4054 1012 4099 ut
1039 4044 1256 4101 Paulus.
1275 4045 1527 4100 Fortasse
1559 4046 1669 4115 (54)
1705 4061 1835 4099 vero
1867 4060 1957 4100 sa-

388 4137 630 4206 pientum
682 4136 897 4191 nomine
939 4146 1206 4207 martyres
1233 4145 1286 4191 et
1314 4136 1835 4205 episcopomartyrcs
1873 4137 1961 4191 de-

388 4226 643 4295 signavit.
679 4226 1033 4295 Prophetidas
1062 4235 1244 4281 autem
1296 4226 1444 4281 novit
1514 4225 1792 4295 Scriptura
1828 4242 1961 4296 qua-

393 4327 519 4370 tuor
563 4313 798 4385 Pbiiippi
854 4315 1014 4384 ﬁlias,
1051 4316 1319 4371 Deboram
1349 4356 1365 4379 ,
1426 4314 1650 4369 Mariam
1713 4330 1953 4371 sororem

392 4407 646 4473 Aaronis,
697 4417 752 4462 et
782 4407 1069 4478 Deiparam
1108 4406 1331 4462 Mariam
1368 4404 1483 4477 (35)
1515 4421 1633 4475 quae
1686 4407 1839 4473 dixit,
1904 4416 1962 4462 ut

2125 2768 2199 2821 l".
2250 2768 2442 2838 Τρίτον
2494 2770 2576 2822 ὃτι
2624 2768 3118 2831 κατασκευάζοντες
3171 2767 3376 2833 δεῖξαι,
3422 2768 3517 2820 τόν
3560 2782 3611 2818 τε

2053 2858 2328 2911 Μοντανὸν
2375 2859 2665 2929 ἐσχηκέναι
2716 2860 2776 2913 τὸ
2822 2859 3024 2912 τέλειον
3076 2858 3169 2911 τοῦ
3220 2858 3609 2928 Παρακλήτου,

2053 2949 2152 3019 τήν
2178 2965 2238 3001 τε
2276 2949 2603 3020 Πρισκίλλαν
2635 2950 2727 3002 καὶ
2772 2948 3117 3020 Μαξιμίλλαν
3150 2949 3515 3019 προφήτιδας.
3550 2986 3564 3000 .
3594 2984 3610 2998 .

2058 3078 2072 3093 .
2112 3077 2124 3092 .
2163 3079 2178 3095 .
2219 3076 2235 3094 .
2287 3082 2301 3095 .
2344 3081 2358 3094 .
2404 3078 2419 3094 .
2460 3081 2475 3095 .
2520 3040 2762 3111 ἔγραψαν
2809 3042 3090 3111 Μοντανῷ.
3165 3041 3437 3108 Λέγουσιν
3470 3081 3485 3101 ,
3539 3040 3615 3091 ὅτι.

2058 3132 2212 3202 ὑμεῖς
2240 3132 2368 3204 [220
2418 3133 2472 3204 a]
2511 3134 2571 3185 οὐ
2603 3133 2884 3186 πιστεύετε
2929 3134 3065 3203 μετά
3096 3132 3193 3204 τὴν
3234 3132 3462 3203 πρώτην
3503 3134 3611 3184 ἐπι-

2062 3224 2288 3292 φάνειαν
2348 3224 2442 3277 τοῦ
2476 3226 2744 3278 Δεσπότου
2791 3222 2927 3278 εἶναι
2963 3226 3245 3295 προφήτας
3273 3241 3287 3253 ’
3327 3220 3484 3275 εἶπεν
3526 3224 3609 3285 δὲ,

2056 3315 2239 3384 φησὶν,
2270 3316 2299 3366 ό
2333 3316 2554 3386 Σωτήρ·
2594 3336 2611 3366 ι
2662 3316 2791 3369 Ἰδοὺ
2824 3315 2933 3384 ἐγὼ
2962 3315 3272 3369 ἀποστέλλω
3316 3314 3458 3383 πρὸς
3488 3314 3614 3383 ὑμᾶς

2054 3402 2368 3473 προφήτας,
2396 3405 2488 3455 καὶ
2518 3405 2736 3473 σοφοὺς,
2776 3404 2870 3457 καὶ
2912 3405 3260 3474 γραμματεῖς
3278 3420 3290 3431 ·
3325 3403 3421 3454 καὶ
3446 3402 3506 3465 ἐξ
3531 3402 3614 3455 αὑ·

2055 3494 2161 3547 τῶν
2207 3496 2589 3558 ἀποκτενεῖτε,
2624 3496 2718 3548 καὶ
2761 3493 3099 3565 σταυρώσετε
3124 3534 3138 3557 ,
3188 3495 3285 3546 καὶ
3336 3494 3397 3559 ἐξ
3449 3492 3612 3547 αὐτῶν

2060 3586 2433 3656 μαστιγώσετε
2468 3590 2525 3640 ἐν
2551 3590 2671 3651 ταῖς
2702 3590 3039 3656 συναγωγαῖς
3067 3586 3240 3657 ὑμῶν.
3283 3605 3301 3636 ι
3353 3587 3519 3653 Λέγει
3542 3585 3611 3647 δὲ,

2055 3678 2153 3749 οὐχ
2205 3680 2279 3743 ὡς
2323 3681 2518 3733 ἐκεῖνοι
2562 3680 2894 3751 νομίζουσιν,
2948 3680 3084 3734 ἀλλὰ
3129 3679 3256 3742 τοὺς
3292 3678 3613 3738 ἀποστόλους

2057 3772 2415 3843 προειπόντας
2455 3772 2625 3825 πολλά
2651 3772 2758 3826 τῶν
2793 3772 3091 3843 μελλόντων
3121 3772 3214 3824 καὶ
3240 3771 3354 3823 τῶν
3381 3772 3611 3840 ἐσχάτων

2058 3860 2282 3932 καιρῶν,
2314 3862 2532 3932 καὶτῆς
2568 3863 2623 3914 ἐν
2669 3862 2918 3931 οὐρανοῖς
2951 3860 3226 3930 βασιλείας
3252 3877 3264 3890 ·
3304 3859 3370 3925 ἐξ
3408 3853 3485 3912 ὧν
3529 3858 3611 3911 καὶ

2058 3949 2493 4021 ἀπεκτάνθησαν,
2553 3949 2629 4011 ὡς
2688 3950 2955 4018 Στέφανος
3012 3950 3105 4002 καὶ
3180 3949 3473 4011 Ἰάκωϐος·
3528 3946 3611 3999 καὶ

2059 4038 2501 4110 ἐσταυρώθησαν,
2530 4038 2604 4103 ὡς
2644 4039 2844 4109 Πέτρος
2864 4055 2878 4068 ο
2914 4040 3005 4092 καὶ
3042 4037 3515 4108 ἐμαστιγώθησαν,
3546 4036 3610 4097 ὡς

2059 4131 2292 4195 Παῦλος.
2330 4131 2479 4186 Ἐσθ’
2522 4132 2609 4183 ὅτε
2652 4130 2708 4183 δὲ
2740 4127 2889 4184 εἶπεν
2929 4131 3022 4184 κα)⁸
3057 4131 3181 4194 τοὺς
3220 4130 3502 4200 μάρτυρας
3531 4126 3610 4179 καὶ

2057 4224 2183 4287 τοὺς
2212 4226 2407 4293 σοφοὺς
2433 4223 3003 4295 ἐπισκοπομάρτυρας.
3036 4222 3379 4293 Προφήτιδας
3408 4223 3463 4274 δὲ
3487 4218 3609 4272 οἶδεν

2058 4318 2091 4387 ἡ
2138 4316 2326 4388 Γραφὴ
2368 4315 2466 4379 τὰς
2507 4316 2771 4369 Φιλίππου
2820 4316 3091 4385 τέσσαρας
3143 4313 3472 4383 θυγατέρας,
3524 4312 3609 4381 τὴν

2059 4408 2351 4479 Δεϐόρραν,
2378 4409 2609 4479 Μαριὰμ
2626 4408 2724 4479 τὴν
2749 4408 2979 4477 ἀδελφὴν
3015 4405 3243 4476 Ἀαρὼν,
3262 4408 3359 4459 καὶ
3380 4407 3477 4476 τὴν
3498 4405 3613 4458 Θεο-

394 4499 572 4571 inquit
622 4499 964 4568 Evangelium
999 4518 1013 4554 :
1054 4516 1074 4551 ι
1114 4498 1194 4553 Ex
1247 4500 1352 4555 hoc
1391 4498 1503 4573 (36)
1542 4508 1782 4570 tempore
1832 4501 1950 4554 bea-

2065 4500 2215 4553 τόκον
2250 4500 2479 4570 Μαριάμ
2505 4541 2519 4564 ,
2552 4499 2810 4552 εἰποῦσαν
2831 4540 2845 4562 ,
2876 4499 2951 4561 ὼς
2990 4499 3050 4550 τὸ
3080 4498 3413 4566 Εὑαγγέλιον
3444 4494 3608 4550 εἶπεν·

395 4601 504 4646 tam
544 4606 630 4647 me
663 4592 841 4646 dicent
877 4605 1063 4646 omnes
1090 4591 1344 4647 mulieres
1390 4593 1503 4664 (57)
1545 4603 1600 4648 et
1658 4593 1960 4663 generatio-

395 4695 495 4737 nes
539 4697 554 4735 :
603 4698 623 4733 ι
685 4682 853 4738 libros
882 4697 1011 4738 vero
1048 4682 1118 4737 ab
1150 4682 1218 4737 iis
1249 4684 1619 4751 conscriptos,
1671 4693 1726 4737 et
1775 4698 1960 4739 earum

395 4773 704 4828 nominibus
730 4773 1018 4843 inscriptos
1046 4788 1153 4827 non
1184 4774 1333 4827 novit
1373 4791 1388 4830 :
1427 4774 1552 4841 quin
1588 4774 1749 4828 etiam
1783 4775 1832 4826 id
1869 4788 1958 4826 ve.

397 4862 499 4917 tuit
534 4862 824 4932 Apostolus
886 4863 941 4916 in
999 4862 1173 4932 prima
1218 4862 1285 4915 ad
1327 4862 1668 4917 Timotheum
1728 4861 1959 4929 Epistola

394 4953 635 5008 scribens
663 4971 677 5008 :
718 4971 739 5005 ι
776 4951 1087 5008 Mulieribus
1116 4952 1228 5025 (38)
1253 4952 1447 5009 docere
1479 4968 1582 5007 non
1618 4953 1907 5023 permitto;
1939 4971 1957 5004 ι

366 5122 381 5137 “
466 5131 580 5201 (26)
608 5133 864 5200 Accipite.
891 5134 1046 5191 Joan.
1078 5152 1173 5200 xx,
1202 5134 1293 5190 22.

466 5203 579 5273 (Ξῖ)
617 5204 790 5266 Apud.
818 5205 972 5262 Joan.
1010 5220 1121 5268 xw,
1156 5205 1240 5260 l7.

469 5272 580 5337 ('28)
618 5273 700 5326 An
733 5276 957 5329 nescitis.
991 5274 1012 5329 ι
1043 5276 1165 5329 Cor.
1196 5290 1277 5337 ιιι,
1311 5272 1396 5329 16.

468 5343 581 5409 (‘29)
623 5341 872 5409 Spiritus.
911 5343 1037 5412 Sap.
1073 5360 1112 5407 ι,
1148 5345 1201 5397 7.

468 5412 582 5481 (50)
622 5413 919 5481 ᾼυάὶεηιρε.
952 5415 1071 5468 Act.
1100 5429 1216 5479 vm,
1246 5412 1433 5468 14-17.

470 5478 582 5550 (51)
625 5478 1008 5546 Prophetiuas.
1046 5483 1242 5537 Desunt
1272 5484 1359 5537 hic
1404 5484 1509 5537 duo
1540 5489 1631 5537 aut
1665 5479 1765 5537 tria
1797 5481 1957 5535 verba

398 5553 453 5609 in
491 5551 696 5619 codice,
725 5553 865 5619 quod
905 5552 1097 5606 litterae
1127 5554 1462 5607 evanuerint.

470 5621 600 5691 (32)!
619 5617 754 5691 Esse
771 5622 1068 5689 prophetas.
1099 5619 1386 5691 Legequze
1411 5620 1753 5691 doctissimus
1785 5619 1962 5691 cardi-

400 5689 539 5746 nalis
561 5689 749 5746 Ursius
777 5692 993 5761 scripsit
1020 5691 1086 5745 de
1118 5689 1217 5745 hac
1240 5689 1958 5761 Moutanistar‘um‘doctrina

401 5761 455 5831 in
482 5779 538 5831 Art
579 5757 963 5831 Dissertatio'ne
1011 5761 1340 5831 apologetica
1390 5776 1487 5829 pro
1534 5759 1637 5819 SS.
1682 5757 1959 5828 Perpetua:

403 5828 718 5898 Felicitatis,
749 5840 855 5888 etc.
892 5828 1223 5891 Drthodoxia
1248 5848 1267 5883 ι
1302 5844 1419 5900 cap.
1450 5832 1505 5887 2.

2062 4610 2081 4645 ι
2125 4591 2256 4643 ’Δπδ
2284 4591 2375 4643 τοῦ
2419 4590 2512 4644 νῦν
2556 4590 2914 4661 μακαριοῦσίν
2966 4607 3031 4660 με
3079 4592 3249 4642 πᾶσαι
3279 4590 3335 4642 αἱ
3376 4589 3612 4656 γυναῖκες

2056 4683 2151 4736 καὶ
2173 4683 2229 4736 αἱ
2256 4681 2459 4750 γενεαί·
2499 4702 2518 4734 ι
2565 4682 2779 4752 βίϐλους
2803 4682 2857 4733 δὲ
2889 4680 3241 4748 συνταγείσας
3278 4679 3339 4745 ἐξ
3365 4680 3612 4749 ὀνόματος

2058 4772 2236 4827 αὐτῶν
2263 4773 2363 4825 οὐκ
2395 4768 2533 4825 οἶδεν
2555 4791 2567 4803 ·
2602 4772 2736 4826 ἀλλά
2781 4772 2873 4824 καὶ
2905 4770 3172 4823 ἐκώλυσεν
3201 4771 3229 4820 ὁ
3272 4769 3608 4829 Ἀπόστολος,

2060 4862 2311 4931 Τιμοθέῳ
2354 4862 2412 4914 τὸ
2461 4860 2676 4932 πρῶτον
2722 4861 2970 4932 γράψας’
3017 4878 3035 4910 ι
3078 4859 3327 4923 Γυναιξὶν
3354 4860 3607 4911 διδάσκειν

2060 4954 2160 5006 οὑκ
2204 4952 2501 5024 ἐπιτρέπω·
2545 4972 2562 5005 ι
2617 4953 2710 5005 κα)⁵
2749 4953 2906 5007 πάλιν
2939 4954 2995 5005 ἐν
3029 4953 3094 5023 τῇ
3133 4951 3271 5020 πρὸς
3312 4948 3609 5020 Κορινθίους

2136 5135 2247 5204 (55)
2290 5135 2441 5204 Ecce.
2475 5134 2663 5204 Matth.
2690 5149 2881 5198 χχχιιι,
2904 5134 2989 5188 54.

2138 5198 2248 5275 (54)
2293 5203 2559 5258 Fortasse.
2611 5202 2795 5258 Gracca
2843 5204 2930 5257 hic
2973 5204 3195 5275 obscura
3244 5200 3521 5275 suitt:_Ego
3540 5198 3607 5251 sic

2067 5267 2335 5331 transtuli.
2381 5277 2531 5343 quasi
2581 5276 2837 5343 scriptum
2883 5282 3025 5328 esset
3053 5290 3065 5325 :
3093 5271 3320 5340 Μήποτε
3372 5271 3425 5323 δὲ
3467 5267 3606 5343 εἶπεν

2068 5345 2262 5411 σοφοὺς
2303 5338 2413 5397 καῖ
2443 5346 2568 5408 τοὺς
2609 5338 2887 5415 μάρτυρας
2932 5343 3026 5395 καὶ
3064 5338 3187 5403 τοὺς
3223 5338 3608 5408 ἐπισκοπομὰρυ

2065 5429 2250 5471 τυρας.

2289 5482 2541 5539 Mariam.
2576 5482 3081 5554 Hieronymuspag.
3119 5481 3239 5554 H7,
3272 5490 3399 5534 tom.
3436 5475 3499 5533 IV
3526 5474 3602 5530 ed.

2068 5551 2394 5607 Veronensis
2421 5557 2606 5608 eodem
2642 5551 2794 5622 plane
2818 5553 2986 5622 modo
3014 5553 3269 5621 loquitur.

2139 5622 2249 5689 (36)
2278 5622 2362 5675 Ea:
2391 5623 2505 5677 hoc.
2540 5620 2668 5676 an.
2700 5638 2737 5686 t,
2770 5620 2856 5674 48.

2140 5692 2253 5760 (57)
2289 5692 2553 5752 Mulieres.
2581 5703 2650 5746 et.
2684 5692 2851 5760 Dililia
2896 5706 2998 5745 non
3031 5691 3232 5760 habent
3256 5690 3347 5742 has
3373 5700 3541 5743 voces.

2143 5756 2627 5834 (38)}ltilieribiis.
2663 5761 2706 5834 lu
2749 5759 2889 5834 Tim.
2949 5767 3049 5834 ιι,“ξ
3075 5760 3159 5815 l2.
3208 5759 3390 5816 διξερε
3431 5756 3600 5815 editio.

2070 5830 2308 5904 γυναικί,
2339 5832 2390 5887 id
2420 5843 2501 5889 est
2538 5851 2557 5884 ι
2584 5831 2813 5888 mulieri.
2836 5848 2856 5882 ›
