3758 6306
118 382 209 437 980

1177 377 1263 435 DE
1301 380 1671 437 TRlNlTATE
1706 381 1906 438 LIBER
1947 380 2266 441 TERTIUS.

3236 384 3352 443 996

113 497 296 571 πρώτῃ
338 496 657 566 Ἐπιστολῇ·
705 515 723 547 ι
760 496 920 549 Πᾶσα
959 494 1096 566 γυνὴ
1139 496 1549 568 προσευχομένη
1589 499 1662 551 κά

1788 504 1843 551 et
1866 511 2056 551 rursus
2095 500 2146 552 in
2176 499 2347 567 prima
2375 496 2443 551 ad
2467 496 2815 555 Corinthios:
2848 515 2868 549 ι
2896 496 3082 555 Omnis
3101 495 3352 569 (59)mu-

114 586 528 659 προφητεύουσα
554 584 988 654 ἀκατακαλύπτῳ
1011 587 1079 654 τῇ
1108 585 1340 656 κεφαλῇ,
1378 585 1680 654 καταισχύ-

113 696 184 731 νει
211 678 307 744 τὴν
335 677 587 747 κεφαλήν
606 693 620 707 ο
652 695 671 727 ι
710 676 738 728 ὅ
767 677 933 739 ἐστιν,
964 674 1037 745 μὴ
1061 673 1259 739 ἐξεῖναι
1283 676 1500 743 γυναικὶ
1528 677 1682 728 ἀναί-

114 770 199 839 δην
224 768 281 833 ἐξ
315 768 531 831 οἰκείας
570 766 917 837 προστάξεως
948 764 1165 836 βίϐλους
1208 767 1543 837 συγγράφειν
1583 768 1679 820 καὶ

115 863 138 913 ὲ
185 899 199 912 .
224 898 240 913 .
268 898 284 913 .
324 900 338 913 .
376 901 389 913 .
426 897 442 912 .
480 898 496 913 .
541 900 555 913 .
594 898 610 914 .
644 897 659 913 .
705 859 925 912 δάσκειν
958 859 1051 912 καὶ
1082 859 1256 930 τούτῳ
1304 860 1545 930 ὑϐρίζειν
1579 860 1676 933 τὴν

115 952 229 1025 [320
269 950 321 1024 ἰν]
363 951 617 1022 κεφαλὴν
647 992 662 1017 ,
710 951 854 1005 τοῦτ’
908 951 1054 1005 ἔστιν
1095 951 1186 1005 τὸν
1237 951 1438 1023 ἄνδρα·
1499 970 1518 1003 ι
1564 954 1675 1005 Κε-

114 1045 240 1114 cali;
269 1064 287 1095 ι
333 1045 446 1114 γάρ
484 1063 503 1095 ι
544 1043 820 1113 γυναικός,
848 1047 875 1097 ό
908 1045 1084 1115 ἀνήρ·
1116 1044 1327 1114 κεφαλὴ
1366 1043 1421 1097 δὲ
1461 1045 1672 1115 ἀνδρὸς,

112 1135 348 1205 Χριστός.
388 1154 407 1187 ι
439 1136 555 1188 Καὶ
590 1137 623 1205 ή
657 1135 1094 1202 κατασιγάζουσα
1125 1135 1225 1199 τὰς
1249 1136 1673 1204 γυναῖκαςαίτία

114 1225 380 1296 πρόδηλος·
408 1225 606 1296 ἐπειδὴ
626 1228 658 1297 ή
681 1226 739 1290 ἐξ
763 1225 936 1297 ἀρχῆς
956 1225 1055 1295 τῆς
1078 1226 1331 1295 γυναικὸς
1359 1225 1671 1278 διδασκαλία

114 1314 165 1365 ού
181 1314 351 1377 καλῶς
370 1313 434 1365 τὸ
460 1314 641 1366 κοινὸν
658 1313 850 1367 ἐϐλαϐε
875 1315 1049 1382 γένος.
1085 1332 1103 1365 ι
1142 1315 1197 1366 '0
1227 1333 1245 1364 ι
1272 1314 1379 1384 γὰρ
1408 1333 1426 1366 t
1462 1313 1619 1383 ἀνὴρ,
1646 1332 1664 1364 ι

110 1402 176 1465 ὡς
199 1403 394 1473 γράφει
428 1404 459 1455 ὁ
522 1402 875 1467 Ἀπόστολος,
932 1421 950 1452 ι
1003 1403 1102 1455 οὐκ
1148 1400 1440 1472 ἠπατήθη,
1483 1401 1594 1455 ἀλλ’
1636 1402 1669 1469 ή

110 1493 252 1562 γυνή.
290 1511 309 1543 ι
361 1492 534 1544 Ὥστε
581 1491 732 1562 ποιρά
776 1490 982 1553 πάντας
1024 1489 1299 1553 Μοντανὸς
1344 1489 1466 1542 οὐδὲ
1496 1489 1668 1557 ἔγνω,

111 1583 217 1635 οὐδὲ
261 1582 418 1652 ἔσχεν
468 1584 534 1635 τὸ
573 1584 726 1651 ἅγιον
779 1582 1025 1651 Πνεῦμα,
1071 1580 1230 1635 τοῦτο
1290 1582 1526 1651 οἰηθείςσ
1575 1582 1669 1634 καὶ

108 1670 301 1738 ταῦτα,
369 1673 516 1742 μετὰ
590 1672 691 1744 τὴν
731 1672 1000 1743 ἀνάληψιν
1062 1671 1157 1725 τοῦ
1224 1671 1512 1742 Σωτῆρος,
1574 1671 1668 1723 καὶ

110 1762 198 1834 τὴν
247 1764 593 1833 ὲπιφοίτησιν
660 1763 755 1815 τοῦ
804 1763 956 1829 ἁγίου
1023 1760 1371 1832 Πνεύματος,
1425 1760 1585 1814 πλέον
1631 1761 1665 1825 ἢ

1790 586 1890 642 Iier
1910 602 2091 653 orans,
2122 600 2177 642 ct
2202 588 2529 659 prophetsns
2580 603 2686 643 non
2714 589 2893 643 velato
2917 590 3090 659 capite
3111 627 3129 654 ,
3157 592 3345 645 detur-

1783 685 1874 747 pat
1942 689 2105 748 caput
2136 696 2149 733 :
2187 696 2208 731 ι
2249 679 2395 747 quod
2431 678 2718 748 signiﬁcat,
2756 694 2863 733 non
2916 678 3079 734 licere
3126 680 3343 743 mulieri

1783 782 1850 822 ex
1876 770 2088 836 pr0pria
2111 767 2498 836 compositione
2519 768 2685 823 libros
2711 767 2939 823 ﬁdenter
2966 769 3341 832 conscribere,

1781 870 1836 913 et
1882 861 1934 913 in
1965 859 2202 914 Ecclesia
2235 858 2351 931 (40)
2385 860 2600 924 docere,
2625 871 2786 928 atque
2827 862 2928 914 hac
2966 862 3172 915 ratione
3210 864 3345 927 inju-

1780 950 1914 1005 riam
1946 952 2104 1019 capiti
2136 951 2355 1016 inferre,
2379 952 2430 1005 id
2451 961 2555 1015 est,
2581 953 2696 1006 viro
2721 970 2737 1007 :
2769 970 2789 1003 ι
2814 951 2987 1020 Caput
3016 951 3165 1021 (41)»
3196 953 3339 1007 enim

1784 1058 1806 1092 ‹
1843 1041 2083 1095 mulieris
2109 1052 2192 1096 est
2220 1042 2527 1111 vineaput
2581 1054 2761 1098 autem
2815 1043 2938 1105 viri,
3001 1043 3270 1100 Christus.
3312 1062 3335 1096 ι

1778 1128 1947 1196 Quam
1991 1147 2120 1185 vero
2156 1131 2225 1184 oh
2265 1146 2478 1186 causam
2515 1133 2764 1186 mulieres
2796 1142 2973 1187 tacere
3020 1132 3338 1201 jubeantur.

1780 1223 2120 1279 manifestum
2145 1234 2247 1277 est.
2283 1223 2542 1278 Nimirum
2582 1225 2828 1279 doctrina
2862 1224 3019 1279 initio
3049 1240 3077 1277 a
3115 1225 3338 1278 muliere

1775 1313 2017 1382 profecta
2042 1316 2292 1368 universo
2324 1315 2596 1368 hominum
2643 1316 2825 1383 generi
2878 1317 3060 1369 nocuit
3096 1315 3230 1385 (42).
3266 1311 3338 1369 Ut

1775 1404 1917 1458 enim
1946 1406 2132 1459 scribit
2159 1405 2443 1473 Apostolus
2480 1404 2591 1475 (43)
2621 1445 2637 1470 ,
2677 1421 2780 1460 non
2812 1406 2894 1459 vir
2920 1407 3173 1474 deceptus
3199 1406 3297 1459 fuit
3316 1446 3334 1471 ,

1773 1497 1867 1549 sed
1912 1496 2125 1550 mulier.
2165 1496 2348 1566 Itaque
2380 1495 2636 1565 Spiritum
2683 1505 2928 1551 sanctum
2975 1497 3193 1550 minime
3222 1512 3336 1551 om-

1779 1586 2472 1658 niummcognovisse,
2522 1599 2616 1642 aut
2663 1588 2915 1643 habuisse
2941 1587 3199 1643 dicendus
3253 1599 3336 1643 est

1777 1675 2081 1742 Montanus,
2117 1694 2240 1733 cum
2277 1680 2349 1732 ita
2382 1679 2649 1744 senserit,
2691 1693 2755 1732 ac
2810 1688 3025 1734 centum
3067 1680 3282 1747 quidem
3315 1717 3334 1745 ,

1777 1776 1940 1835 atque
1965 1783 2031 1822 eo
2057 1769 2285 1835 amplius
2311 1769 2468 1824 anuis
2501 1778 2618 1838 post
2658 1769 3029 1823 ascensionem
3091 1767 3334 1823 Salvato-

114 1853 235 1922 μετά
258 1855 455 1907 ἑκατὸν
484 1855 581 1925 ἐτη
608 1855 898 1924 γενόμενος
928 1854 1125 1924 ἰερεὺς,
1157 1853 1375 1923 πρῶτον
1413 1852 1662 1917 εἰδώλου,

1784 1866 1867 1923 ris,
1924 1870 1979 1913 et
2034 1858 2270 1929 Spiritus
2312 1861 2484 1914 sancti
2529 1860 2836 1924 adventum,
2898 1858 3072 1917 factus
3100 1861 3332 1928 primum

114 1946 193 1997 καὶ
214 1945 349 1999 οὕτω
370 1946 474 2018 τὴν
507 1946 716 2017 τυφλὴν
744 1946 945 2016 ταύτην
972 1945 1408 2016 εἰσηγησάμενος
1430 1945 1662 2016 αἵρεσιν.

112 2038 339 2091 Τοσαῦτα
358 2040 500 2111 πρὸς
527 2039 628 2102 τὰς
646 2040 811 2102 ἄλλας
835 2039 1094 2110 αἱρέσεις,
1116 2038 1192 2101 ὡς
1215 2033 1326 2091 οἶόν
1354 2056 1432 2101 τεο
1459 2038 1667 2108 σκυφρῶ

116 2146 209 2191 νως
240 2128 648 2199 διαμαχόμεθα·
682 2129 827 2182 ἔστιν
866 2128 923 2182 δέ
951 2146 1035 2193 τις
1067 2130 1161 2182 καὶ
1190 2129 1323 2199 άλλη
1356 2130 1537 2199 γυμνὴ
1574 2145 1667 2181 κε-

114 2219 237 2290 φαλὴ
272 2223 337 2289 τῇ
372 2220 608 2292 ἀληθείᾳ
636 2220 917 2293 μαχομένη
939 2237 955 2252 ο
979 2219 1100 2273 οὐδὲ
1124 2218 1294 2291 αὐτὴν
1335 2222 1468 2290 ἡμῖν
1494 2236 1666 2273 κατα-

111 2310 337 2365 λειπτεον
370 2312 717 2381 ἀνέλεγκτον.

704 2534 859 2588 ΚΕΦ.
898 2533 1032 2586 ΜΒ’.

174 2627 297 2699 Περί
337 2626 447 2698 γὰρ
499 2624 597 2679 τοῦ
641 2625 955 2696 Μανιχαίων
1003 2623 1344 2695 ψυχοφθόρου
1400 2622 1668 2693 δόγματος

118 2718 311 2787 ἄμεινον
346 2720 443 2788 μὲν
483 2714 553 2789 ἦν
581 2719 813 2789 σιωπᾷν,
846 2717 878 2788 ἢ
908 2716 1134 2785 λέγοντα
1160 2714 1432 2768 δεικνύναι
1464 2714 1666 2784 πηλίκα

116 2812 183 2872 εἰς
207 2810 260 2865 τὸ
286 2812 420 2864 θεῖον
444 2810 702 2864 ἔπταισεν
729 2809 1014 2882 ἀνθρώπου
1044 2809 1203 2877 φύσις
1228 2849 1242 2873 ,
1274 2798 1367 2860 καί
1396 2808 1473 2870 εἰς
1498 2806 1666 2869 ἀκοάς

119 2903 298 2971 φέρειν,
348 2901 384 2955 ἆ
420 2902 535 2955 εἴθε
580 2901 711 2972 μηδὲ
759 2904 954 2954 ἐκεῖνοι
999 2900 1075 2970 τῷ
1124 2899 1268 2969 ἔργῳ
1313 2899 1662 2970 μετήρχοντο,

121 2993 233 3061 μηδὲ
273 2995 349 3054 εἰς
386 2996 559 3064 ἡμᾶς,
588 2993 655 3046 τὰ
682 2993 778 3061 μὲν
820 2992 1019 3063 πείρᾳ,
1053 2990 1122 3043 τά
1149 2991 1191 3043 δ’
1223 2992 1358 3061 ἀκοῇ
1395 2989 1660 3060 ἐληλύθει.

118 3081 297 3154 Γράφει
323 3084 428 3155 γάρ
450 3101 464 3114 ·
508 3104 526 3134 ‹
559 3082 644 3154 Μὴ
666 3082 957 3154 ἀποκρίνου
986 3081 1174 3152 ἄφρονι
1203 3081 1343 3134 κατὰ
1373 3080 1468 3151 τήν
1497 3081 1665 3152 ἀφρο-

1764 1946 1871 2000 doli
1894 1945 2295 2016 sacerdosiud),
2329 1958 2436 2001 tum
2478 1961 2633 2002 caeca:
2659 1947 3115 2016 hujushtereseos
3143 1958 3335 2017 auctor

1763 2046 1821 2090 et
1859 2038 2066 2091 doctor.
2118 2038 2193 2091 Ita
2223 2039 2482 2095 adversus
2505 2038 2639 2092 alias
2686 2036 2919 2092 haereses
2976 2040 3333 2093 modesteac

1764 2129 2058 2196 sapienter,
2103 2141 2160 2183 ut
2188 2145 2502 2197 possumus,
2561 2144 2877 2198 pugnamus.
2909 2129 3111 2184 Verum
3157 2139 3239 2183 est
3277 2139 3333 2199 et

1765 2218 1909 2272 aliud
1956 2220 2221 2289 quoddam
2260 2220 2460 2275 nudum
2494 2228 2684 2287 caput,
2711 2220 2853 2287 quod
2882 2219 3096 2272 veritati
3134 2219 3330 2283 bellum

1766 2320 1986 2375 movet;
2042 2326 2107 2365 ne
2144 2313 2248 2367 hoc
2282 2312 2496 2382 quidem
2549 2311 2982 2380 irreprehensum
3027 2311 3341 2381 relinquen-

1766 2402 1889 2455 dum
1924 2412 2005 2456 est
2034 2402 2167 2474 (45).

2370 2530 2520 2590 CAP.
2555 2532 2713 2589 XLII.

1837 2623 1968 2678 Nam
1994 2623 2061 2679 de
2092 2624 2506 2680 Manichaeorum
2549 2627 2795 2695 dOgmate
2822 2622 3028 2677 animas
3080 2636 3330 2676 corrum-

1766 2731 1924 2790 pcnte
1966 2728 2144 2773 tacere
2192 2720 2403 2786 quidem
2452 2718 2620 2772 satius
2667 2724 2829 2779 esset,
2881 2729 3043 2783 quam
3104 2714 3330 2766 dicendo

1764 2811 2087 2873 ostendere,
2121 2822 2377 2879 quatitum
2417 2810 2467 2862 in
2510 2807 2843 2861 divinitatem
2883 2803 3164 2870 deliquerit
3226 2805 3329 2856 hu-

1766 2916 1920 2953 mana
1976 2909 2183 2963 natura,
2206 2912 2255 2952 et
2286 2899 2371 2951 illa
2397 2897 2461 2951 ad
2496 2896 2770 2951 hominum
2825 2907 2983 2946 aures
3015 2890 3172 2952 ferre,
3210 2886 3331 2959 qua:
3442 2904 3445 2909 '

1767 2994 1968 3045 utinam
2011 3008 2108 3045 nec
2162 2990 2244 3044 isti
2279 3004 2512 3059 unquam
2565 2987 2735 3054 reipsa
2767 2991 3189 3054 perpetrassent,
3228 2997 3325 3036 ne-

1764 3098 1867 3151 que
1900 3083 2090 3150 partim
2127 3079 2457 3147 experientia
2489 3076 2773 3148 (46)uohis
2807 3083 3080 3143 comperta
3113 3074 3326 3136 forent,

122 3175 261 3247 σύνην
285 3177 463 3231 αὑτοῦ.
492 3196 510 3228 ι
542 3179 658 3229 Ἰνα
676 3175 731 3227 δὲ
761 3176 960 3244 μήτις,
984 3174 1018 3243 ἢ
1040 3174 1186 3235 ἄκων
1218 3172 1294 3242 τῷ
1324 3170 1477 3242 κακῷ
1511 3188 1662 3243 περι-

1784 3175 1955 3226 iartim
1999 3187 2065 3224 ex
2099 3173 2283 3224 auditu
2332 3170 2397 3222 ad
2455 3184 2550 3222 nos
2606 3168 2996 3237 pervenissent.
3055 3163 3327 3232 Scriptum

123 3266 267 3339 πέσῃ,
295 3268 597 3340 ἣύπολάεῃ
624 3267 776 3319 οἰστά
800 3261 1026 3318 εἶναιτὰ
1056 3266 1175 3317 κατ’
1203 3265 1419 3327 αὐτοὺς,
1451 3264 1659 3333 ἀνάγκη

123 3356 200 3408 τοῦ
221 3358 471 3429 δόγματος
501 3358 754 3412 τοσοῦτον
784 3357 1093 3427 ἐφάψασθαι
1119 3399 1133 3423 ,
1176 3358 1301 3411 ὅσον
1333 3355 1513 3409 ἱκανόν
1542 3359 1659 3408 ἐστι

124 3448 173 3498 τὸ
194 3448 431 3521 βλαϐερὸν
458 3451 553 3504 τοῦ
583 3452 847 3520 δόγματος
878 3449 1141 3517 γνωρίσαι
1176 3451 1287 3511 τοῖς
1316 3448 1661 3517 ἐντυγχάνειν

128 3536 312 3613 [2210]
377 3543 680 3613 ὀφείλουσι’
723 3541 958 3612 δηλαδὴ,
1002 3543 1066 3594 ὲκ
1105 3540 1212 3592 τῶν
1256 3540 1662 3611 λεχθησομὲνων

128 3633 443 3701 στοχάζεσθαι
531 3634 602 3688 τά
668 3633 1037 3703 σιωπώμενα,
1093 3634 1188 3686 καὶ
1262 3632 1476 3704 μακράν
1537 3633 1663 3700 φεύ-

128 3738 223 3789 γειν
263 3729 408 3799 τήνδε
453 3731 556 3800 τῆς
606 3729 902 3800 θρησκείας
955 3726 1249 3790 ἀπώλειαν,
1292 3728 1385 3779 καὶ
1425 3728 1485 3779 τὺ
1534 3727 1661 3779 ποτὲ

128 3819 505 3882 ωναυλὶξεσθαι
530 3822 792 3885 τοιούτοις
829 3820 1032 3890 ταύτην
1076 3818 1506 3888 ἐπιτηδεύουσιν.
1552 3818 1663 3870 Καὶ

130 3905 318 3973 γὰρκαὶ
344 3911 388 3961 οἱ
434 3912 611 3981 ἰατροὶ
641 3912 738 3982 τὴν
766 3910 868 3962 τῶν
912 3909 1250 3981 δηλητηρίων
1290 3910 1389 3961 οὐκ
1416 3908 1661 3960 ἀναίνον-

131 4008 201 4045 ται
225 3997 426 4066 γνῶσιν,
467 4003 569 4071 οὐχ
615 4001 701 4055 ἵνα
730 4019 811 4065 τις
842 4003 1135 4074 χρήσηται,
1179 4002 1293 4054 ἀλλ’
1322 4001 1470 4064 ὅπως
1507 4000 1663 4065 εἰδὼς

132 4083 244 4136 αὐτὰ
268 4088 420 4162 φύγῃ.
448 4093 623 4145 Τοῦτο
663 4092 840 4148 τοίνυν
881 4094 943 4145 τὸ
976 4094 1152 4163 δόγμα
1197 4093 1388 4163 ἕκροιά
1425 4094 1509 4156 τίς
1545 4095 1662 4147 ἐστι

132 4172 206 4224 τοῦ
232 4176 522 4246 ἐξελθόντος
567 4184 829 4256 βορϐόρου
864 4185 973 4238 άπὸ
1015 4185 1256 4255 Σίμωνος
1276 4226 1290 4249 ,
1323 4185 1420 4238 τοῦ
1465 4186 1528 4239 ἐκ
1562 4187 1664 4240 Σα-

138 4268 330 4335 μαρείας
380 4274 591 4343 Μάγου,
648 4274 742 4327 τοῦ
811 4275 945 4345 μηδὲ
998 4275 1090 4327 τὸν
1141 4276 1343 4345 κόσμον
1388 4275 1479 4328 τοῦ
1527 4276 1661 4331 Θεοῦ

135 4352 245 4411 εἶναι
268 4365 482 4436 ποίημα,
524 4366 638 4418 ἀλλ’
661 4366 929 4435 ἀγγέλων,
970 4365 1093 4436 μηδ’
1121 4366 1417 4421 ἀνάστασιν
1442 4366 1660 4421 ἔσεσθαι

135 4445 417 4521 διδάξαντος,
455 4460 549 4512 καὶ
576 4459 865 4530 ἀδιάφορον
887 4458 1121 4528 ὀφείλειν
1146 4454 1283 4513 εἶναι
1327 4460 1461 4531 πρὸς
1485 4461 1663 4524 πάσας

1768 3279 1849 3325 est
1878 3268 2017 3322 enim
2076 3284 2088 3319 :
2126 3285 2143 3315 ι
2184 3263 2261 3317 Ne
2299 3263 2619 3333 respondeas
2670 3260 2779 3331 (47)
2812 3260 2977 3313 stulto
3016 3258 3164 3325 juxta
3197 3256 3332 3308 stul-

1772 3362 1941 3415 titiam
1983 3360 2115 3430 ejus.
2150 3378 2167 3409 ν
2204 3356 2309 3411 Sed
2339 3372 2405 3410 ne
2432 3356 2552 3425 quis
2590 3363 2680 3406 aut
2712 3352 3022 3420 imprudens
3051 3352 3101 3402 in
3165 3350 3330 3402 hocce

1771 3452 1966 3505 malum
1996 3452 2208 3504 labatur
2230 3489 2243 3512 ,
2274 3457 2367 3501 aut
2394 3446 2693 3500 tolerabilia
2725 3459 2844 3499 esse
2873 3443 3177 3510 suspicetur
3206 3455 3327 3510 qua:

1771 3544 1841 3597 illi
1885 3546 2121 3609 docent,
2175 3556 2392 3595 necesse
2436 3548 2518 3613 cst
2549 3536 2851 3607 hujusmodi
2890 3537 3080 3604 dogma
3117 3543 3325 3588 tantum

1770 3637 2034 3704 attingere
2084 3640 2341 3703 quantum
2397 3631 2528 3686 satis
2556 3640 2660 3694 est,
2699 3639 2756 3682 ut
2817 3628 2906 3697 qui
2971 3629 3085 3680 haec
3138 3624 3328 3680 iecturi

1770 3736 1914 3792 sunt,
1957 3726 2251 3793 intelligere
2307 3719 2554 3787 valeant,
2620 3736 2777 3791 quam
2850 3718 3208 3789 perniciosum
3261 3718 3330 3771 sit

1770 3832 1929 3889 atque
1956 3817 2266 3888 pestiferum
2300 3832 2313 3881 ;
2357 3826 2410 3868 et
2447 3829 2511 3867 ex
2556 3814 2620 3867 iis
2665 3827 2784 3879 qua:
2824 3812 3101 3873 dicemus,
3153 3809 3323 3875 conji-

1771 3926 1891 3966 cere
1947 3925 2065 3980 qua:
2118 3907 2443 3969 tacebimus,
2493 3904 2752 3973 longeque
2802 3902 2871 3957 ab
2919 3904 3020 3955 hac
3071 3900 3333 3969 supersti-

1771 4003 1929 4058 tionis
1963 4000 2260 4071 perditione
2290 3997 2544 4067 eﬂugere,
2576 4012 2639 4050 ac
2668 4009 2938 4063 nunquam
2978 4008 3099 4047 cum
3142 3992 3330 4060 hujus-

1770 4094 1913 4149 modi
1953 4091 2259 4146 hominibus
2303 4101 2408 4142 tam
2463 4088 2602 4141 foeda
2647 4088 2891 4140 instituta
2948 4085 3330 4154 proﬁtentibus

1769 4186 1999 4240 versari.
2031 4183 2162 4237 Nam
2195 4198 2263 4237 ne
2310 4181 2502 4235 medici
2529 4179 2745 4250 quidem
2781 4192 3109 4232 venenorum
3141 4176 3331 4245 cogni-

1771 4279 1967 4332 tionem
2014 4285 2289 4339 recusant,
2351 4288 2458 4329 non
2490 4282 2548 4327 ut
2576 4272 2657 4326 eis
2711 4274 2834 4342 quis
2885 4278 3090 4333 utatur,
3128 4269 3222 4324 sed
3272 4276 3331 4320 nt

1770 4369 1857 4424 illa
1875 4385 2101 4423 noscens
2114 4369 2301 4422 eadem
2331 4366 2525 4435 fugiat.
2554 4364 2663 4419 Hoc
2683 4380 2813 4434 ergo
2838 4364 3030 4431 dogma
3058 4360 3331 4415 emanatio

1768 4466 2010 4533 quaedam
2071 4472 2155 4516 est
2207 4460 2348 4515 illius
2384 4460 2499 4524 luti,
2538 4459 2678 4529 quod
2719 4473 2749 4512 e
2797 4456 3015 4511 Simone
3046 4454 3196 4523 Mago
3228 4451 3329 4506 Sa-

137 4538 214 4602 τὰς
232 4551 470 4612 γυναῖκας
492 4549 592 4619 τὴν
621 4549 763 4619 μίξιν
786 4549 1245 4621 εἰσηγησαμένου,
1275 4551 1367 4604 καὶ
1395 4554 1472 4615 εἰς
1498 4552 1658 4605 τοῦτο

1784 4557 2031 4609 naritano
2056 4556 2353 4608 derivatum
2394 4561 2511 4615 est,
2547 4551 2637 4621 qui
2686 4550 2940 4602 mundum
2973 4563 3075 4600 non
3109 4562 3136 4597 a
3170 4545 3277 4597 Deo
3311 4583 3327 4606 ,

142 4633 297 4697 μανίας
335 4636 640 4704 ἐλάσαντος,
677 4640 817 4694 ὥστε
865 4641 929 4697 τὸ
961 4641 1056 4693 τοῦ
1097 4642 1331 4711 Χριστοῦ
1373 4643 1527 4713 ήμῶν
1566 4645 1659 4696 καὶ

142 4724 336 4787 μεγάλου
364 4731 493 4786 Θεοῦ
530 4734 699 4803 ὄνομα
736 4733 995 4786 ὑποδῦναι
1022 4750 1035 4763 ·
1082 4733 1168 4786 διά
1198 4734 1373 4787 ταῦτά
1406 4752 1464 4787 τε
1488 4754 1661 4805 τιμω-

141 4811 235 4876 Ρῖαν
256 4821 471 4888 αἱωνίως
504 4825 937 4889 ἀποτιννύοντος,
969 4826 1062 4878 καὶ
1093 4827 1172 4888 εἰς
1199 4826 1288 4879 τὸν
1326 4825 1662 4899 πολυθρύλη-

138 4914 209 4951 τον
227 4908 307 4959 καὶ
328 4912 529 4987 ζοφώδη
551 4916 821 4986 τάρταρον
842 4916 1063 4978 ἐνδίκως
1091 4916 1521 4985 κατενεχθέντος.
1551 4918 1659 4971 Καὶ

142 4990 290 5055 μέντοι
322 5006 408 5058 καὶ
443 5008 726 5080 προσθήκη
764 5009 838 5079 τῷ
872 5009 1103 5078 δόγματι
1130 5007 1353 5076 γέγονέν
1383 5026 1511 5063 ποτε
1549 5012 1659 5062 Με-

325 5178 517 5249 Omnis.
554 5185 571 5239 l
606 5184 731 5238 Cor.
766 5200 842 5249 XI,
877 5186 930 5239 5.

144 5302 154 5313 ,
198 5242 290 5315 (40)
328 5248 385 5303 1η
441 5252 697 5307 Ecclesia.
758 5242 996 5307 vacuum
1054 5253 1257 5309 codicis
1316 5252 1655 5311 intervallum

145 5316 301 5395 impleo
330 5321 521 5395 legens,
552 5327 608 5377 ὲν
644 5323 908 5395 ἐκκλησίᾳ
944 5321 1234 5395 διδάσκειν.

331 5384 518 5460 Caput.
542 5395 615 5447 Ex
641 5395 656 5446 Ι
679 5384 811 5447 Cor.
838 5384 913 5456 xi,
944 5392 999 5446 5.

330 5451 533 5533 No'cuit.
575 5463 680 5533 Pro
710 5463 868 5516 ἔλαϐε
899 5451 1016 5533 lego
1054 5461 1271 5518 ἔ6λα6ε.

328 5528 611 5595 Apostolus.
650 5532 669 5585 l
725 5533 865 5586 Tim.
898 5517 1080 5614 11:11.4.

329 5594 593 5653 Sacerdos.
629 5602 936 5653 Montanum
966 5603 1080 5653 Dttlt

219 5589 293 5659 44)
329 5589 593 5673 Sacerdos.
629 5589 1220 5673 Montanum'Didymus
1248 5602 1371 5656 idoli
1404 5602 1658 5673 sacerdo-

149 5655 234 5741 ἓν)
266 5655 425 5741 “cal.
454 5655 961 5741 Hieronymusvero
989 5674 1039 5726 in
1065 5655 1223 5739 Epist.
1256 5655 1367 5733 xi...
1403 5655 1486 5724 add
1513 5671 1660 5724 Mar-

150 5721 299 5809 ffl‘am
346 5721 675 5809 (ε’ὺδοίεειιιιῖ
737 5752 790 5796 et
845 5721 1178 5798 semiviruin.
1212 5763 1228 5794 ι
1276 5721 1494 5797 Videtur
1531 5758 1657 5809 ergo

156 5791 283 5852 luisse
309 5791 547 5866 sacerdos
560 5791 831 5883 Cybeles,
845 5791 1004 5884 ᾜίιζέ
1021 5791 1402 5884 ’νγέίῦῖ
1413 5791 1500 5865 ὧι)
1510 5791 1558 5865 xi
1569 5791 1651 5864 uie

1762 4647 1856 4699 sed
1891 4644 1955 4697 ab
1972 4644 2174 4714 angelis
2195 4642 2392 4697 faetum
2425 4655 2544 4695 esse
2570 4641 2771 4702 docuit,
2803 4636 3320 4691 etresurrectioneui

1756 4735 1992 4789 futuram
2037 4750 2159 4788 esse
2204 4732 2449 4800 negavit,
2489 4741 2544 4784 et
2582 4731 2943 4798 promiscuam
2993 4739 3114 4776 cum
3156 4719 3329 4773 omni-

1757 4828 1857 4882 bus
1906 4827 2217 4881 mulieribus
2251 4824 2556 4878 ntistionem
2588 4835 2707 4874 esse
2749 4818 2944 4871 debere
2975 4810 3285 4882 praedicavit
3308 4850 3325 4873 ,

1756 4928 1915 4986 atque
1941 4929 2004 4969 eo
2029 4913 2224 4967 furoris
2259 4912 2438 4976 venit,
2472 4918 2530 4963 ut
2569 4907 2768 4962 Christi
2802 4902 3010 4968 nostri,
3049 4911 3101 4955 et
3147 4898 3327 4966 magni

1756 5008 1851 5062 Dei
1885 5021 2076 5062 nomen
2110 5004 2448 5072 usurpaverit
2476 5016 2492 5067 ;
2537 5008 2752 5069 propter
2794 5011 2911 5065 quae
2945 4992 3328 5063 sempiternum

1767 5182 2060 5239 colebatur.
2092 5188 2145 5233 et
2172 5178 2435 5247 spadones
2464 5174 2694 5247 habebat
2723 5172 3049 5247 sacerdotes.

1840 5252 1951 5322 (45)
1997 5240 2413 5322 Relinquendum
2440 5256 2533 5300 est.
2566 5246 2768 5309 Codex,
2800 5240 3191 5313 καταληπτέον.
3224 5240 3330 5296 Le-

1766 5318 2290 5395 εοίκατα-λειπτεον..
2396 5387 2490 5395 Μ-
2589 5387 2603 5395 .
2970 5380 3013 5395 η
3128 5381 3161 5395 __

1838 5388 2344 5462 (dﬁiExperienliu.
2396 5387 2603 5462 Didymi
2654 5395 2895 5462 tempore
2950 5380 3327 5462 Egypti_dux

1762 5450 1863 5516 fuit
1895 5450 2246 5514 Sebastianus
2271 5450 2616 5519 Manichieus,
2643 5456 2724 5510 cui
2757 5450 2967 5523 scripta:
2999 5450 3330 5523 suutplures

1759 5532 1969 5585 Libanii
1995 5528 2252 5597 epistolae.
2287 5526 2481 5582 Multos
2512 5520 3329 5597 veroAlexandrimhlaniclnnus

1761 5614 1885 5655 tunc
1937 5588 2102 5653 fuisse
2151 5597 2343 5665 colligo
2388 5612 2453 5650 ex
2509 5594 2816 5665 Hieronymi
2865 5591 3089 5665 epistola
3135 5588 3205 5643 8‘2
3253 5589 3324 5642 ad

1761 5671 2124 5736 Theophilum,
2149 5678 2201 5719 et
2227 5660 2435 5735 ex'cap.
2476 5665 2543 5736 54
2574 5660 2824 5718 Historia:
2857 5660 3159 5736 _Lausiaca'.

1830 5731 1941 5811 (4⁸7)
1984 5738 2064 5793 Νε
2109 5731 2436 5806 respondeas.
2476 5735 2632 5794 Prov.
2669 5749 2816 5800 χχιιι,
2844 5731 2898 5785 4.
