3758 6338
435 381 534 438 991

1146 377 1387 436 ΒΙΒΥΜΙ
1417 377 1881 436 ΑιΕιΑΝῡιιιΝι
1919 378 2011 434 DE

2115 372 2417 431 {INITATE
2454 372 2654 429 LIBER
2694 371 3019 430 TERTIUS.
3574 372 3663 427 992

434 498 510 557 illi
533 489 849 571 supplicium
879 496 1135 554 inuictum
1153 505 1261 563 est,
1284 512 1350 553 ac
1374 498 1565 553 merito
1603 497 1657 552 in
1702 497 2005 553 tenebrico-

2115 495 2334 567 νάνδρου
2373 493 2466 548 καὶ
2497 492 2818 563 Σατορνίλου
2863 491 2972 546 τῶν
3004 488 3139 561 μετὰ
3178 487 3433 560 Σίμωνα,
3465 491 3596 543 κατᾶ
3619 509 3661 546 τι

435 610 555 650 sum
596 590 944 660 omniumque
962 603 1212 645 sermone
1234 587 1575 644 notissimum
1596 596 1864 643 tartarum
1890 588 2005 660 (£8)

435 681 646 739 delatus
675 677 907 735 l’uit.Sed
933 678 1356 733 additamentum
1379 678 1541 733 etiam
1564 677 1801 746 dogmati
1820 687 2006 747 postea

434 771 599 846 550
624 771 822 826 factum
852 778 935 824 est
955 784 1079 825 cum
1109 784 1141 822 a
1172 768 1459 823 Menandro
1492 766 1606 839 (49)
1655 778 1714 825 et
1765 767 2009 824 Saturni-

437 880 511 918 no
532 862 669 935 (50),
688 861 777 932 qui
798 870 918 931 post
934 859 1207 917 Simonem
1233 861 1581 925 exstiterunt,
1605 869 1766 931 atque
1788 862 2009 916 nonnul-

439 957 506 1011 lis
535 955 750 1026 qnidem
776 954 843 1009 ab
871 968 937 1009 eo
965 954 1355 1018 dissenserunt,
1383 954 1478 1010 sed
1506 954 1813 1019 praedictam
1841 955 2010 1026 turpi-

441 1047 683 1102 tudinem
701 1045 1112 1108 conﬁrmarunt,
1136 1056 1189 1100 et
1214 1047 1283 1100 ab
1309 1046 1513 1114 angelis
1530 1046 1785 1101 mundum
1809 1046 2007 1101 factum

440 1153 560 1191 esse
596 1136 843 1191 similiter
868 1135 1114 1189 arbitrati
1146 1144 1289 1199 sunt,
1315 1150 1379 1190 ac
1407 1135 1603 1191 docere
1635 1136 1858 1206 insuper
1890 1135 2007 1189 ausi

442 1236 588 1291 sunt,
619 1226 820 1294 iustum
854 1226 1069 1296 quidem
1121 1241 1241 1282 esse
1281 1227 1447 1279 Deum
1478 1226 1697 1291 Filium,
1744 1226 2006 1294 iniustum

438 1335 595 1385 vero,
621 1328 676 1374 et
703 1333 733 1372 a
762 1318 943 1373 mundi
973 1319 1249 1373 creatione
1295 1334 1356 1373 ac
1408 1318 1742 1388 providentia
1773 1318 2006 1373 alienum

441 1412 611 1477 illum,
677 1425 740 1464 ex
772 1425 879 1479 quo
906 1409 1109 1475 omnia,
1144 1408 1339 1462 bonum
1384 1409 1552 1463 Deum
1589 1408 1806 1463 Patrem
1842 1426 1857 1475 ;
1894 1419 2005 1463 tum

443 1516 474 1556 a
510 1500 775 1567 Basilide,
806 1501 896 1570 qui
926 1502 1028 1556 hoc
1069 1500 1481 1555 dellramentum
1527 1517 1555 1553 a
1589 1501 1845 1572 magistro
1872 1499 2011 1553 didi-

440 1593 546 1656 cit,
572 1600 628 1647 et
668 1593 734 1647 de
778 1606 877 1647 suo
907 1591 1132 1657 addidit,
1168 1606 1370 1646 cccuv
1425 1591 1592 1648 caelos
1641 1606 1764 1648 esse
1795 1591 2010 1661 angelo-

442 1697 560 1735 rnm
605 1681 820 1736 nomina
855 1680 1115 1736 habentes
1150 1696 1166 1745 ;
1202 1694 1371 1749 quare
1418 1691 1663 1736 sanctum
1703 1680 2000 1751 (inquiunt)

444 1788 634 1827 nomen
670 1772 906 1827 Arhasax
933 1772 1047 1843 (5t)
1088 1772 1188 1847 (sic
1220 1773 1364 1827 enim
1396 1772 1609 1843 vocant)
1656 1787 1859 1827 cccuv
1896 1772 2003 1827 cal-

442 1864 688 1917 culorum
760 1878 880 1918 esse
938 1863 1218 1929 invenies,
1275 1862 1320 1917 si
1378 1872 1686 1932 computum
1722 1864 1946 1919 iniveris
1990 1880 2006 1929 ;

443 1965 556 2012 tum
619 1970 648 2008 a
693 1954 1019 2024 Carpocrate
1045 1993 1061 2020 ,
1107 1954 1198 2024 qui
1248 1953 1634 2024 posterioribus
1684 1956 2015 2023 temporibus

457 2048 559 2102 ista
618 2046 999 2110 conﬁrmavit,
1048 2053 1103 2100 et
1150 2044 1377 2099 auctarii
1430 2043 1548 2099 loco
1602 2044 2013 2113 spurcissimam

443 2146 811 2193 commentum
869 2136 1110 2206 protulit,
1146 2135 1288 2205 quod
1337 2135 1438 2190 nisi
1504 2135 1625 2206 quis
1679 2150 1775 2205 per
1827 2134 2013 2205 cujus-

447 2230 534 2286 vis
598 2230 829 2284 instituti
883 2237 1104 2299 peccata
1167 2228 1460 2284 deveniens
1513 2228 1753 2281 omnium
1814 2226 2016 2281 daemo-

449 2335 577 2377 num
606 2318 936 2374 voluntatem
972 2318 1281 2389 perfecerit,
1337 2333 1444 2372 non
1470 2328 1651 2389 potest
1678 2317 2013 2389 principatus

444 2420 500 2465 et
533 2420 827 2481 potestates
854 2410 1218 2481 praetergredi,
1246 2419 1410 2479 atque
1437 2410 1489 2462 in
1528 2424 1840 2479 supremum
1891 2422 2013 2465 cte-

444 2504 553 2558 lutn
586 2504 869 2574 pervenire
898 2522 913 2559 :
950 2512 1062 2556 tum
1114 2512 1374 2572 praeterea
1409 2518 1440 2557 a
1469 2500 1752 2556 Valentino
1776 2539 1793 2566 ,
1827 2501 1916 2569 qui
1961 2508 2015 2555 et

446 2607 901 2651 commemoratos
947 2596 1234 2650 hrereticos
1289 2604 1507 2650 secutus
1575 2602 1679 2657 est,
1714 2604 1770 2649 et
1818 2594 1884 2649 iis
1922 2594 2012 2664 qui

446 2690 605 2745 ﬁdem
653 2692 770 2757 eius
839 2690 1154 2758 imposturis
1201 2690 1583 2753 adhibuerunt,
1644 2686 1917 2741 Christum
1984 2701 2015 2741 θ

447 2781 585 2837 caelo
629 2796 831 2847 corpus
883 2780 1071 2835 tulisse
1124 2780 1438 2849 persuasit,
1493 2787 1653 2846 atque
1710 2775 2012 2831 istiusmodi

446 2873 679 2928 falmlam
699 2872 873 2937 tinxit,
898 2872 1041 2942 quod
1063 2887 1252 2942 nempe
1280 2870 1486 2942 Bylhus
1521 2867 1687 2939 Sigett
1713 2866 2010 2938 generavit;

449 2974 558 3018 tum
622 2982 689 3019 ex
740 2964 841 3019 hac
894 2965 1161 3033 quoddam
1217 2964 1437 3016 verbum
1488 2960 1674 3026 lovis,
1726 2958 1819 3029 qui
1876 2957 2015 3027 apud

445 3053 665 3111 Graecos
708 3056 924 3123 colitur,
978 3056 1092 3125 ipse
1122 3053 1426 3117 fabricavit,
1465 3062 1521 3108 et
1552 3053 1769 3122 triginta
1806 3048 2013 3106 Eones

2111 586 2209 657 μὲν
2257 584 2636 655 διενεχθέντων
2664 584 2799 655 πρὸς
2832 583 2901 636 τὰ
2930 582 3123 653 ἐκείνῳ
3156 580 3408 645 δόξαντα,
3446 581 3658 651 βεϐαιω-

2110 677 2317 731 σάντων
2354 676 2414 730 es
2436 677 2534 748 τὴν
2568 676 2959 748 προλεχθεῖσαν
2994 672 3407 744 αἰσχρουργίαν,
3448 675 3540 726 καὶ
3573 673 3661 726 imi

2107 769 2354 838 ἀγγέλων
2391 769 2483 822 τὸν
2521 769 2727 841 κόσμον
2763 767 3089 839 γεγενῆσθαι
3111 765 3313 837 ὁμοίως
3352 764 3661 835 ὲκθεμέκυν,

2107 863 2203 917 καὶ
2234 861 2621 934 τολμησάντων
2662 860 3007 932 δογματίσαι,
3034 858 3243 911 δίκαιον
3281 858 3380 927 μὲν
3419 858 3661 929 ὑπάρχειν

2107 955 2199 1009 τὸν
2243 953 2375 1008 Θεὸν
2426 954 2575 1017 Υἰὸν,
2631 953 2814 1007 ἄδικον
2865 952 2923 1005 δὲ
2971 951 3066 1005 καὶ
3123 949 3401 1020 ἀλλότριον
3446 950 3544 1018 τῆς
3583 948 3661 1001 τοῦ

2108 1051 2313 1120 κόσμου
2352 1046 2713 1119 δημιουργίας
2751 1063 2812 1099 τε
2850 1045 2948 1100 καὶ
2994 1043 3252 1116 προνοίας
3279 1043 3370 1095 τὸν
3413 1041 3473 1107 ἐξ
3510 1036 3567 1095 οὐ
3607 1042 3665 1093 τὰ

2108 1140 2284 1194 πάντα
2335 1138 2539 1208 ἀγαθὸν
2597 1138 2729 1191 Θεὸν
2788 1136 3030 1208 Πατέρα·
3076 1136 3171 1189 καὶ
3218 1134 3324 1188 inab
3374 1134 3663 1188 Βασιλείδου

2106 1230 2309 1300 ταύτην
2334 1228 2820 1300 μεμαθητευμένου
2862 1226 2958 1297 τὴν
3006 1226 3400 1299 φρενερημίαν,
3427 1226 3519 1278 καὶ
3550 1243 3667 1297 προσ

2111 1322 2347 1386 σθέντος,
2375 1321 2450 1384 ὡς
2474 1320 2579 1384 τξε⁸
2609 1320 2830 1392 οὐρανοὶ
2859 1317 2982 1391 [ﬁt
3015 1318 3069 1391 ὁ]
3131 1318 3479 1382 καθεστᾶσιν,
3517 1318 3665 1386 ἀπέ-

2109 1410 2216 1465 λων
2243 1412 2457 1482 ἔχοντες
2491 1412 2750 1482 ὀνόματα·
2774 1409 2917 1477 ὅθεν,
2942 1411 3130 1481 φησὶν,
3151 1408 3214 1461 τὺ
3231 1392 3373 1461 οὕτω
3393 1408 3665 1479 λεγόμενον

2110 1502 2263 1572 ἅγιον
2291 1503 2462 1574 ὄνομα
2493 1503 2763 1574 ’Δρὸασὰξ
2784 1502 2889 1567 τξε⁹
2911 1503 3107 1573 ψήφων
3133 1500 3446 1571 εὑρίσκεται
3478 1501 3667 1568 λογιζό-

2114 1613 2272 1669 μενον
2290 1613 2305 1626 ο
2340 1596 2438 1649 καὶ
2459 1595 2564 1649 ὐπδ
2588 1594 3046 1666 Καρποκράτους,
3073 1592 3166 1646 τοῦ
3188 1592 3285 1646 καὶ
3305 1591 3533 1663 ὕστερον
3552 1594 3663 1663 χρό-

2110 1705 2221 1752 νοις
2272 1686 2639 1759 κρατύναντος
2678 1685 2880 1753 ταῦτα,
2925 1685 3020 1739 καὶ
3071 1685 3130 1737 ὲν
3170 1683 3494 1755 προσθήκης
3529 1684 3664 1755 μέρει

2116 1780 2341 1851 μιαρίας
2383 1778 2847 1846 ἀπαγγείλαντος,
2887 1778 2964 1841 ὡς
3006 1779 3056 1830 εἰ
3097 1778 3170 1847 μή
3224 1791 3310 1840 τις
3352 1777 3445 1829 διὸ.
3489 1778 3666 1837 παντὸς

2114 1870 2547 1942 ἐπιτηδεύματος
2572 1870 2848 1943 ἁμαρτίας
2883 1868 3075 1931 ἐλθὼν,
3105 1870 3215 1921 τῶν
3248 1870 3520 1939 δαιμόνων
3549 1869 3666 1921 ὅλων

2112 1960 2174 2014 τὸ
2204 1960 2415 2033 θέλημα
2448 1961 2726 2033 ἐκτελέσῃ,
2764 1961 2823 2014 οὐ
2864 1960 3090 2014 δύναται
3128 1959 3424 2031 παρελθεῖν
3462 1960 3557 2023 τὰς
3590 1960 3669 2029 αρ-

2113 2052 2216 2123 κάς
2269 2053 2365 2106 καὶ
2405 2053 2679 2117 ἐ-ξθυσίας.
2711 2054 2806 2107 καὶ
2842 2054 2921 2116 εἰς
2948 2053 3042 2105 τὸν
3060 2050 3338 2106 ἀνώτατον
3362 2052 3565 2119 φθάσαι
3596 2052 3671 2103 οὐ·

2116 2142 2303 2214 ρανόν·
2332 2142 2413 2196 ἔτι
2455 2143 2561 2214 μὴν
2599 2143 2693 2197 καὶ
2732 2142 3119 2207 Οὐαλεντίνου,
3156 2142 3252 2197 τοῦ
3278 2144 3377 2196 καὶ
3412 2146 3527 2206 τοῖς
3558 2158 3671 2212 μνηο

2117 2232 2457 2303 μονευθετσιν
2524 2232 2992 2304 ἀκολουθήσαντος
3020 2274 3035 2297 ,
3084 2234 3180 2287 καί⁵
3229 2234 3669 2302 ὲκφενακίσαντος

2112 2325 2241 2388 τοὺς
2283 2323 2434 2395 αὐτῷ
2463 2324 2840 2395 πειθομένους,
2881 2324 2956 2389 ὡς
2996 2327 3023 2378 ὁ
3062 2326 3298 2397 Χριστὸς
3331 2326 3432 2379 ἀπ’
3463 2323 3667 2397 οὐρανοῦ

2112 2413 2175 2467 τὸ
2226 2413 2384 2484 σῶμα
2428 2415 2717 2484 ἐνήνοχεν,
2766 2413 2861 2467 καὶ
2916 2414 3086 2485 μῦθον
3137 2415 3195 2468 δὲ
3238 2416 3668 2485 ἀνα-πλασαμένη

2113 2502 2426 2567 τοιόνδε,ὅτι
2451 2504 2479 2555 ὁ
2508 2503 2675 2565 Βυθδς
2704 2502 2993 2572 ἐγέννησεν
3019 2503 3119 2575 τὴν
3163 2505 3364 2575 Σιγήν’
3399 2507 3466 2557 ὲκ
3487 2506 3543 2558 δὲ
3571 2506 3670 2558 ratio

2113 2611 2213 2665 της
2252 2593 2778 2664 τεχνοποιησαμένου
2807 2593 2965 2662 λόγον
2993 2593 3120 2646 τινὰ
3161 2594 3259 2647 τοῦ
3290 2597 3425 2667 παρ’
3471 2596 3669 2664 Ἕλλησι

2114 2685 2254 2751 Διὸς,
2284 2686 2376 2738 καλ⁸
2398 2685 2442 2738 λ’
2470 2685 2703 2749 Αἰῶνας,
2750 2684 2843 2749 οὒς
2874 2686 3131 2741 ἐκάλεσεν
3157 2686 3336 2751 θεοὺς.
3371 2689 3669 2756 εἰσαγαγόνο

2116 2793 2240 2841 τος⁸
2272 2777 2479 2849 ἐπειδὴ,
2514 2776 2698 2847 φησὶν,
2730 2778 3075 2849 γέγραπται,
3104 2780 3187 2832 ὅτι
3228 2780 3437 2852 Ἰησοῦς
3471 2780 3667 2833 ἐϐαπτί-

2117 2871 2216 2943 σθη
2240 2889 2258 2922 t
2286 2869 2361 2923 ὢν
2393 2869 2468 2933 ὡς
2490 2870 2623 2924 ἑτῶν
2656 2870 2699 2923 λ’
2721 2887 2764 2922 ἰ
2787 2872 2923 2944 ὅπερ
2950 2872 3205 2943 οὐδαμῶς
3250 2874 3564 2943 συνίστησιν
3589 2874 3666 2942 τήν

2113 2960 2343 3017 ἀτοπίαν
2370 2961 2535 3015 αὐτοῦ
2555 2979 2570 2993 °
2602 2963 2696 3015 καὶ
2736 2964 3172 3033 ἀπαγγείλαντος
3204 2964 3572 3036 ἀρσενόθηλυν
3596 2964 3670 3016 τὸν

2114 3055 2340 3125 ἔσχατον
2368 3053 2549 3108 Αἰῶνα
2579 3054 2688 3107 τῶν
2725 3055 2791 3108 λ’*
2828 3057 2922 3109 καὶ
2954 3057 3036 3109 ὅτι
3071 3049 3223 3119 αὐτός
3255 3059 3406 3111 ἐστιν
3440 3060 3475 3127 ἡ
3516 3057 3669 3124 σοφία,

448 3147 765 3212 introduxit,
817 3162 951 3215 quos
990 3146 1203 3201 vocavit
1253 3146 1381 3199 deos
1419 3144 1741 3215 :quoniam,
1797 3141 2009 3211 inquit,

2115 3147 2235 3217 ἥτις
2265 3146 2355 3199 τὸν
2383 3147 2596 3219 πρῶτον
2628 3147 2761 3200 Θεὸν
2811 3148 2938 3201 ἰδεῖν
2974 3149 3292 3219 ἐθελήσασα,
3326 3152 3421 3203 καὶ
3457 3152 3559 3204 ὐπὸ
3585 3148 3673 3203 τῶν

447 3236 710 3307 scriptum
734 3246 812 3292 est
828 3237 942 3308 (52)
963 3236 1146 3292 .lesum
1165 3236 1494 3306 baptizatum
1529 3235 1716 3298 fuisse,
1742 3252 1760 3286 ι
1786 3250 1906 3289 cum
1928 3248 2015 3288 es-

449 3339 531 3383 set
585 3330 739 3398 quasi
784 3344 1047 3384 annorum
1073 3329 1289 3400 triginta
1330 3346 1346 3396 ;
1381 3348 1400 3382 ι
1434 3328 1574 3398 quod
1637 3335 1816 3380 tamen
1871 3326 2015 3381 nullo

452 3418 613 3473 modo
663 3416 951 3474 absurdam
997 3418 1117 3487 ejus
1162 3419 1468 3490 Opinionem
1503 3419 1741 3487 probat:
1792 3418 2009 3487 insuper

450 3525 581 3566 vero
609 3512 980 3582 androgynum
1019 3524 1143 3566 esse
1184 3509 1527 3565 aitultimum
1571 3525 1634 3562 ex
1670 3524 1779 3562 xxx
1820 3506 2013 3563 xEoni-

448 3601 573 3665 bus,
602 3604 850 3671 hancque
883 3601 1204 3670 sapientiam
1222 3600 1379 3664 ‘esse,
1410 3614 1529 3668 qua:
1570 3599 1801 3668 primum
1842 3595 2010 3651 Deum

447 3710 569 3748 rtttu
612 3694 797 3750 videre
850 3694 1099 3758 voluerit,
1130 3702 1183 3748 et
1236 3708 1265 3747 a
1313 3691 1690 3761 splendoribus
1729 3688 1845 3757 ejus
1891 3702 2012 3757 per-

446 3785 596 3841 culsa
632 3786 724 3852 sit,
757 3802 789 3842 e
819 3789 974 3842 cmlis
1003 3786 1225 3851 excidit,
1260 3794 1313 3839 et
1361 3800 1427 3840 ex
1477 3784 1754 3853 trigesimo
1818 3796 2041 3836 numero

2123 3236 2501 3309 μαρμαρυγῶν
2526 3233 2689 3291 αὐτοῦ
2715 3236 2992 3308 βληθεῖσα,
3016 3240 3124 3291 τῶν
3150 3240 3398 3310 οὐρανῶν
3419 3240 3669 3305 ἐξέπεσεν.

2120 3327 2213 3380 καί⁸
2245 3326 2527 3398 ἀπεϐλήθη
2576 3326 2670 3380 τοῦ
2709 3328 3032 3400 τριακοστοῦ
3071 3329 3342 3401 ἀριθμοῦ,
3378 3334 3476 3385 καὶ
3528 3330 3669 3401 οἰμώ-

2119 3416 2309 3483 ζουσα,
2346 3420 2409 3471 ὲκ
2434 3419 2533 3488 τῆς
2563 3419 2771 3482 οἰκείας
2801 3421 3046 3492 οἰμωγῆς
3077 3422 3259 3477 ἔτεκεν
3295 3424 3392 3477 τὸν
3418 3425 3669 3478 διάΰολον·

2116 3506 2210 3560 καί
2266 3508 2348 3575 ὅτι
2400 3506 2720 3578 δακρύσασα
2768 3508 2868 3579 τὴν
2895 3509 3232 3576 ἀπόπτωσιν,
3265 3514 3370 3585 τὴν
3430 3514 3672 3567 θάλατταν

2116 3596 2476 3668 ὑπεστήσατο·
2509 3598 2603 3651 καὶ
2633 3598 2721 3652 ἵνα
2746 3599 2908 3669 δῆθεν
2928 3600 2956 3652 ό
2984 3602 3301 3671 τριακοστὸς
3319 3605 3666 3675 ἀναπληρωθῇ

2116 3688 2368 3759 ἀριθμὸς,
2404 3690 2453 3742 οἱ
2484 3689 2786 3760 κηἈίῶνες
2817 3707 3146 3761 συνεισενεγ.
3222 3735 3237 3748 .
3296 3734 3311 3748 .
3395 3731 3412 3747 .
3494 3735 3509 3749 .
3580 3734 3593 3746 .
3655 3731 3667 3745 .

2114 3781 2288 3851 ejecta
2332 3793 2435 3847 est,
2464 3798 2527 3837 ac
2562 3782 2778 3853 plorans
2806 3787 2989 3855 genuit
3036 3801 3102 3840 ex
3157 3788 3381 3857 praprio
3414 3787 3538 3842 ﬂetu
3572 3788 3669 3840 dia-

446 3879 650 3943 bolum,
702 3889 755 3934 et
776 3894 931 3933 suum
954 3893 1140 3934 casum
1166 3878 1370 3932 deﬂens
1397 3876 1539 3947 (5'5),
1571 3875 1705 3928 mari
1740 3872 2012 3942 supposita
2055 3872 2191 3939 fuit;
2269 3884 2435 3944 utque
2509 3876 2816 3945 trigesitnns
2869 3876 3180 3946 impleretur
3238 3894 3537 3946 numerus,
3569 3889 3669 3931 oclo

444 3968 995 4041 etvigintiIEoues.
1080 4009 1097 4026 .
1182 4008 1200 4026 .
1285 4009 1303 4025 .
1375 4007 1392 4023 .
1465 4008 1481 4025 .
1554 4006 1570 4022 .
1642 4002 1660 4022 .
1729 4005 1748 4022 .
1820 4004 1835 4019 .
1910 4004 1926 4019 .
2000 4002 2016 4018 .

2104 4002 2119 4016 ο
2192 4006 2206 4021 ο
2295 4007 2310 4023 ο
2404 4008 2419 4023 ο
2490 4007 2506 4022 ο
2579 4008 2594 4024 ο
2675 4008 2689 4022 ο
2765 4006 2781 4021 ο
2851 4009 2865 4023 ο
2938 4007 2954 4021 ο
3034 4010 3048 4022 ι
3124 4010 3139 4024 ο
3217 4007 3235 4025 ο
3312 4010 3328 4023 ο
3408 4012 3424 4025 ο
3499 4012 3515 4027 ο
3579 4008 3593 4021 ο
3654 4007 3665 4019 ⁸

1747 4121 1961 4190 Reliqua
2001 4122 2386 4179 desiderantur.

520 4287 633 4357 (48)
676 4285 1139 4357 Tenebricostttrt...
1162 4293 1467 4357 ktarlarum.
1512 4283 1586 4357 Ex
1617 4283 1639 4357 ἰ
1677 4284 1824 4357 Petr.
1852 4300 1915 4357 ιι,
1955 4284 2014 4338 4.

520 4354 633 4425 (49)
672 4356 986 4411 Menandro.
1038 4354 1093 4408 In
1148 4354 1335 4426 Cra-co
1381 4355 1495 4421 lege
1538 4354 1642 4408 ὑπὸ
1689 4354 2019 4426 Μενάνδρου.

678 4427 992 4482 Saturnino.
1026 4425 1380 4499 #Epiphanius
1414 4440 1649 4495 quoque,
1678 4442 1741 4480 ac
1773 4424 2021 4480 Theodo-

452 4493 602 4554 ret'us
618 4493 777 4552 'bttnc
807 4507 997 4551 vocant
1022 4493 1361 4567 Σατορνῖλον.

2120 4285 2339 4358 dorettts
2390 4299 2446 4343 et
2495 4288 2851 4358 Epiphanius,
2898 4290 3157 4346 Abrasax.
3212 4290 3287 4347 De
3326 4290 3435 4345 hoc
3482 4290 3666 4345 nomine

2120 4355 2437 4429 Chiilletius,
2477 4355 2751 4414 Pa'sserius
2788 4362 2987 4429 aliique
3021 4364 3379 4429 scripserunt.

2192 4427 2305 4495 (ΒΞ)
2348 4426 2614 4495 Scriptum
2643 4441 2739 4484 est.
2780 4426 2912 4486 Luc.
2948 4446 3030 4494 ιιι,
3065 4426 3155 4485 25⁷.

2192 4490 2307 4570 (55)
2347 4490 2563 4553 Casum.
2623 4499 2804 4557 Codex
2867 4490 3171 4557 ὰπόπωσιν.
3236 4500 3387 4573 Lego
3438 4499 3661 4554 ἀπόπτω-

523 4568 636 4641 (51)
673 4567 936 4623 Ανύασαετ.
954 4566 1056 4622 Alii
1084 4563 1434 4639 pronuntiant
1460 4583 1479 4618 t
1501 4563 1781 4622 Abram:
1802 4582 1821 4617 ι
1847 4563 2011 4622 Theo-

2122 4582 2229 4623 σιν.
