3738 6306
117 300 3306 339 W

758 450 1114 524 451-453
1144 451 1242 512 DE
1282 451 1533 512 OPERE
1574 451 1885 524 ANTIQUI
1922 450 2303 511 THEOLOGI
2344 450 2652 512 INEDITO

263 628 817 722 EPISTOLA
896 632 1008 719 D.
1085 627 1599 722 JOANNIS
1673 626 2264 720 LUDOVICI
2341 627 3090 719 MINGARELLI

783 840 1073 886 CANONICI
1114 840 1470 886 REGULARIS
1511 840 1566 884 S.
1611 841 1991 886 SALVATORIS
2032 841 2107 885 ET
2148 841 2569 887 CONSULTORIS

1147 943 1358 987 SACRE
1386 941 1925 988 CONGREGATIONIS
1966 941 2192 986 INDICIS

930 1091 1044 1153 AD
1084 1092 1280 1154 BEV.
1326 1094 1404 1153 D.
1447 1090 1864 1155 ,ΙΟΑΝΝΕΜ
1896 1091 2418 1157 ARCHINTUM

1120 1249 1364 1290 moneam:
1394 1249 1588 1290 usam
1625 1249 1778 1290 vices
1807 1250 2091 1292 censuram
2119 1235 2216 1308 (a).

159 1526 220 1581 Ne
244 1523 457 1584 mireris,
488 1521 531 1575 si
576 1520 714 1574 forte
745 1518 902 1588 paulo
949 1518 1163 1588 longior
1208 1518 1304 1573 tibi
1352 1519 1468 1574 haec
1506 1519 1623 1587 epi-
1651 1524 1699 1583 Α
1727 1519 2001 1577 haereticis
2053 1522 2222 1578 factas
2262 1530 2452 1576 contra
2492 1520 2608 1579 haec
2656 1525 2759 1580 duo
2800 1533 2997 1580 nostra:
3036 1523 3156 1581 fidei
3203 1529 3304 1582 do-

108 1599 211 1650 smla
254 1600 350 1649 visa
382 1592 559 1646 fuerit.
592 1593 631 1643 A
677 1603 768 1644 tuo
801 1592 940 1642 enim
990 1590 1349 1657 proﬁciscitur
1393 1591 1615 1651 famulo,

107 1671 192 1733 qui,
213 1683 314 1717 cuin
348 1665 537 1715 multos
578 1677 770 1723 annos,
805 1659 1366 1733 Itomailiononizrque
1394 1676 1527 1733 usus
1552 1659 1621 1714 sit

110 1730 176 1788 tua
197 1737 488 1792 urbanitate,
524 1743 723 1800 tuaque
755 1730 1084 1800 nobilissima
1112 1730 1496 1783 etsuavissitna
1533 1746 1621 1783 so-

108 1810 276 1866 rielale,
308 1814 357 1856 et
393 1804 560 1870 magis
588 1799 651 1854 ac
687 1801 854 1869 magis
903 1799 1235 1870 admiratus.
1281 1807 1392 1852 tum
1436 1800 1618 1868 inclyti

109 1878 260 1944 ittgrttil
296 1869 773 1944 perspir’acitatetu,
814 1879 922 1922 tum
966 1869 1193 1944 eximias
1233 1870 1384 1944 dotes
1426 1870 1622 1944 quibus

107 1939 630 2012 rniicas,'singularem
657 1942 917 2012 virtutem
945 1954 1049 2007 qua
1101 1939 1404 2002 adornaris,
1433 1939 1620 2012 simul-

107 2032 184 2081 que
212 2009 426 2068 omnium
456 2028 582 2080 erga
604 2021 656 2065 te
683 2009 1084 2081 venerationem
1118 2018 1170 2062 et
1200 2023 1457 2081 amorem,
1477 2010 1618 2062 nulla

109 2078 214 2136 nunc
249 2083 421 2152 majori
465 2078 821 2152 delectatione
858 2078 960 2152 l'rtti
993 2089 1194 2152 potest,
1227 2078 1418 2152 nisi_iu
1467 2094 1618 2152 suam

108 2162 293 2206 tuentem
323 2147 623 2205 revocando
653 2151 769 2204 illas
790 2149 1127 2202 dulcissimas
1155 2151 1316 2202 lioras
1339 2147 1392 2202 iii
1422 2158 1508 2202 tua
1537 2150 1618 2201 fa-

108 2226 360 2276 miliaritate
397 2231 760 2288 ronsttmptas.
811 2218 1054 2286 Ignoscat
1114 2227 1290 2272 autem
1353 2219 1480 2272 niilii
1531 2227 1618 2273 tua

109 2294 375 2359 lu-iiignitas,
405 2293 446 2344 si
491 2300 708 2360 propter
737 2289 1337 2360 locorumidistantiam,
1373 2298 1464 2360 tuo
1505 2298 1614 2342 tam

108 2357 256 2414 blando
291 2379 347 2414 ac
391 2357 546 2415 docto
595 2357 845 2429 privatus
894 2358 1184 2426 colloquio,
1229 2357 1345 2429 haec
1396 2359 1613 2429 damna,

107 2450 174 2498 per
216 2435 395 2487 litteras
436 2426 647 2493 saltem,
701 2429 966 2483 resarcire
1039 2444 1226 2481 conor.
1277 2426 1443 2481 Paulo
1494 2439 1620 2482 ante

109 2518 241 2554 ineunt
283 2521 307 2554 a
359 2501 590 2554 Bononia
641 2500 958 2560 discessum,
1005 2499 1096 2551 tibi
1141 2513 1241 2567 ego
1290 2498 1532 2567 promisi,
1573 2499 1617 2552 si

105 2575 263 2639 optimo
293 2573 576 2640 placuisset
613 2570 743 2640 Deo,
785 2583 868 2622 me
901 2568 953 2620 iit
989 2568 1158 2620 lucem
1191 2567 1458 2640 editnr_um
1501 2583 1619 2640 esse

106 2637 318 2708 quoddam
359 2642 564 2710 antiqui
609 2639 838 2707 theologi
889 2653 1042 2710 opus,
1077 2639 1217 2710 quod
1262 2653 1292 2692 e
1339 2637 1526 2691 Greco
1566 2639 1617 2691 itt

108 2706 304 2764 Latinum
341 2706 641 2765 sermonem
675 2706 1075 2763 transtuleram.
1111 2706 1281 2770 Tunc,
1314 2709 1453 2761 sicut
1491 2723 1619 2762 eru-

107 2783 346 2834 ditissimus
372 2781 600 2851 quisque
629 2796 689 2832 ac
713 2779 951 2832 scientia:
990 2777 1418 2851 studiosissimus
1443 2777 1621 2832 facere

107 2847 756 2914 ciitmtevit,scirevoluisti,
785 2863 815 2904 e
831 2862 938 2916 quo
961 2847 1145 2902 codice
1164 2847 1289 2900 illud
1308 2849 1618 2915 desumpse-

108 2924 198 2984 rim,
231 2925 335 2989 quis
391 2921 548 2974 fuerit
599 2921 740 2974 illitis
776 2930 983 2981 auctor,
1012 2932 1119 2986 quo
1149 2917 1345 2989 vixerit
1395 2919 1614 2980 sarculo,

107 2993 225 3055 quale
246 2987 392 3044 luerit
422 2991 564 3045 illius
590 2996 963 3059 argumentum
990 3000 1042 3042 et
1076 3003 1182 3055 quo
1205 2987 1437 3055 denique
1465 2989 1622 3042 modo

107 3059 202 3112 illud
226 3062 536 3116 tractaverit.
568 3059 719 3113 Tunc
774 3069 952 3111 autem
997 3073 1101 3127 non
1142 3059 1387 3127 permisit
1419 3066 1622 3127 tempo-

108 3131 160 3183 ris
181 3131 381 3186 brevitas
414 3142 469 3185 ut
505 3131 763 3184 omnibus
799 3129 882 3182 liis
911 3126 1279 3182 satisfacerem
1307 3126 1621 3196 quaistioui-

109 3201 196 3263 bus,
233 3203 353 3254 sicut
389 3201 699 3255 voluissem.
740 3199 890 3252 Nunc
944 3213 1072 3252 vero
1125 3198 1254 3250 milii
1306 3197 1432 3250 licet
1478 3196 1620 3266 quod

110 3281 226 3322 antea
252 3274 451 3338 aggredi
496 3272 719 3324 tuinime
762 3281 1036 3337 poteram;
1080 3277 1131 3322 te
1178 3282 1390 3337 precor,
1422 3280 1478 3321 ut
1526 3283 1622 3338 pro

109 3347 174 3390 tua
199 3337 426 3395 consueta
468 3341 731 3401 bonitate,
754 3340 928 3400 dicas,
962 3339 1087 3406 quid
1131 3338 1262 3406 ipse,
1294 3350 1454 3404 atque
1475 3337 1617 3391 docti

109 3411 198 3485 viri,
226 3411 302 3477 qui
343 3423 432 3485 tuo
461 3411 757 3465 auxiliante
783 3408 965 3463 favore
996 3408 1121 3462 illud
1153 3410 1345 3478 legent,
1365 3409 1432 3462 de
1457 3420 1622 3476 Opere

111 3483 185 3532 isto
205 3483 462 3535 censeatis.

159 3549 303 3603 Codex
325 3567 470 3620 equo
496 3550 626 3605 illud
653 3550 896 3620 excerpsi
923 3549 975 3602 in
996 3547 1401 3620 membranacea
1431 3547 1618 3601 charta

112 3631 311 3691 accurate
342 3619 576 3691 scriptus
616 3631 718 3686 est,
741 3619 1043 3691 XtSa'culo,
1081 3619 1163 3671 vel
1204 3619 1440 3691 C_irci_lel'i
1462 3627 1619 3691 ΡΙζουι

113 3689 206 3741 mihi
247 3686 463 3746 videtur.
500 3695 757 3758 Quadam
799 3690 922 3744 folia
984 3693 1178 3742 desunt
1226 3687 1276 3740 in
1317 3686 1446 3758 line,
1469 3686 1620 3758 sicut

111 3760 306 3813 etiamin
351 3756 556 3825 medio',
595 3762 688 3816 sed
740 3759 1024 3814 admodum
1084 3771 1250 3826 pauca
1311 3758 1362 3810 in
1410 3756 1562 3826 initio
1599 3773 1614 3810 :

112 3832 380 3895 summatim,
424 3833 534 3885 fere
583 3836 768 3885 decem
797 3841 852 3886 et
891 3840 1035 3883 octo.
1063 3825 1233 3884 Media
1266 3837 1444 3880 autern
1491 3825 1614 3880 l'olia

112 3909 321 3956 vetustate
363 3917 521 3957 exesa
580 3912 706 3956 sunt
746 3910 802 3954 et
851 3900 1002 3954 valde
1060 3899 1476 3963 ittcouciunata,
1543 3896 1614 3950 ita

113 3980 152 4018 ut
177 3970 216 4021 in
236 3972 302 4024 eis
330 3973 528 4041 aliquot
561 3981 766 4025 tantum
803 3970 1008 4041 periodi
1046 3970 1144 4041 legi
1177 3969 1404 4041 possint.

163 4041 392 4102 Quantum
417 4038 506 4096 'ad
539 4059 675 4110 opus
726 4038 918 4108 ipsum,
962 4038 1283 4110 uiliil1aliud
1332 4045 1414 4110 est
1455 4052 1613 4110 quam

114 4105 253 4176 longus
276 4123 522 4166 tractatus
549 4105 624 4165 De
666 4105 941 4171 Trinitate,
972 4125 1064 4163 seu
1095 4109 1168 4162 De
1194 4105 1614 4160 consubstantia-

115 4178 220 4250 litate
248 4183 529 4235 divinarum
561 4197 923 4250 personarum,
963 4182 1014 4232 itt
1053 4189 1160 4233 tres
1190 4179 1355 4232 libros
1388 4179 1610 4231 divisus.

116 4247 160 4298 lat
182 4256 392 4316 quamvis
427 4247 665 4323 ignorem
697 4252 907 4304 titulum
951 4251 1076 4323 lmic
1109 4250 1257 4318 operi
1292 4263 1321 4300 a
1369 4261 1467 4300 suo
1514 4263 1611 4323 au:

115 4330 222 4371 dore
251 4318 480 4386 intlitum',
513 4334 774 4383 attamett,
810 4323 854 4374 si
893 4319 1205 4374 attendatur
1243 4318 1614 4372 consuetudini

116 4392 392 4456 antiquorum
444 4393 666 4446 Patrum
717 4405 880 4460 atque
935 4390 1252 4460 Graecoruut
1291 4388 1614 4460 scriptorum

116 4472 192 4521 qui.
225 4465 343 4514 sicut
383 4465 627 4532 apprime
659 4456 878 4524 scis,'et
910 4462 959 4514 iit
993 4471 1180 4532 sancto
1217 4457 1477 4532 Gregorio
1505 4456 1618 4532 _Na-

117 4540 316 4584 tauzeno
363 4529 544 4588 videre
583 4544 688 4594 est,
721 4534 1004 4600 multisque
1044 4531 1184 4594 aliis,
1234 4530 1398 4600 istaut
1443 4529 1619 4580 scien-

119 4609 208 4649 uani
249 4617 352 4669 qua:
409 4622 552 4657 nunc
601 4602 878 4670 Tlteologia
920 4598 1115 4654 uocari
1157 4601 1330 4670 solet,
1368 4598 1441 4670 _itt
1488 4600 1619 4650 duas

118 4667 593 4730 Partes—diviserunt
653 4667 821 4725 libros
873 4687 1022 4733 suos,
1071 4686 1191 4724 cum
1249 4669 1314 4721 de
1365 4667 1618 4720 lncarna-

119 4739 221 4791 tione
237 4750 527 4815 tractaient,
566 4744 701 4815 Hegi.
722 4741 1062 4811 Οἰκονομίας,
1094 4742 1142 4794 id
1160 4749 1260 4815 est,
1297 4736 1626 4815 Dedicatio-

117 4821 209 4873 anu,
243 4811 599 4878 iutitulaulcs;
649 4810 800 4867 'cum
869 4810 995 4866 vero
1047 4815 1114 4864 de
1171 4810 1437 4863 Triuitate
1501 4823 1626 4878 age-

120 4881 354 4954 ttrul,llsp‘t
413 4877 723 4953 Θεολογίας.
750 4884 800 4936 id
840 4893 939 4945 est,
978 4881 1050 4934 De
1085 4879 1363 4946 'I'Iteologia
1427 4877 1625 4954 inscri-

120 4945 482 5022 ln-ntesftacile
513 4945 789 5009 crederem
821 4969 953 5022 opus
979 4945 1291 5022 praedictum
1337 4948 1632 5022 rectissime

121 5013 328 5092 lioctttulo
350 5029 651 5078 donandum
685 5026 800 5077 t'ore
825 5013 1017 5092 ξ’[Ιερὶ
1049 5017 1338 5086 Θεολογίας
1362 5013 1628 5087 βιϐλίαγ¹,

121 5087 252 5161 idest,
285 5093 348 5147 De
379 5095 634 5148 Trinitate
658 5094 776 5146 libri
809 5106 930 5146 tres.
951 5087 1006 5145 l'u
1033 5096 1206 5161 primo
1235 5099 1422 5161 auctor
1449 5101 1589 5161 ttostt
1609 5103 1634 5138 r

1653 2889 1694 2944 B

1643 4228 1683 4284 C

120 5155 383 5217 deuictistrat
399 5166 730 5218 divinitatem
751 5174 805 5219 et
825 5155 1432 5218 cousubStantialitatetu
1449 5155 1628 5220 Verbi;
1697 5183 1700 5188 -

122 5223 445 5303 l!'_sequetiti,
495 5235 830 5289 divinitatem
896 5243 951 5286 et
1022 5228 1629 5303 consulistanttalitatetti

123 5296 304 5362 SPiritus
349 5296 556 5373 sancti;
615 5307 668 5358 in
713 5306 891 5371 tertio,
932 5304 1123 5372 selegit
1181 5302 1512 5370 objecdoues
1565 5299 1632 5350 ab

1727 1601 1932 1660 gmata.

1798 1662 1862 1714 Et
1903 1663 1988 1717 hic
2029 1663 2254 1716 libenter
2313 1662 2687 1730 prolegomena
2738 1665 3082 1728 confici-rein,
3115 1667 3159 1721 εἰ
3207 1668 3302 1724 tibi

1729 1729 1840 1802 haec
1872 1734 2059 1802 agendi
2088 1733 2225 1786 ratio
2254 1729 2536 1797 ar’riderét,
2575 1750 2641 1788 ne
2668 1735 2828 1790 nimis
2876 1733 3177 1790 dillicilibus
3202 1739 3304 1790 itu-

1727 1801 1974 1870 pingerer
2010 1802 2517 1871 disquisitionibus;
2548 1805 2640 1857 sed
2668 1806 2767 1858 lioc
2795 1821 2896 1857 non
2927 1805 3158 1873 placeret
3206 1809 3301 1863 tibi

1727 1873 1954 1926 scrutari
1999 1883 2212 1927 assueto
2257 1887 2342 1925 res
2370 1873 2452 1927 vel
2489 1873 2940 1938 obscurissimas;
2982 1875 3121 1930 scire
3158 1879 3303 1932 enim

1729 1939 1898 2002 voles,
1925 1958 2031 2008 quo
2082 1954 2321 2008 tempore
2345 1944 2697 2012 compositum
2743 1945 2903 1998 fuerit
2930 1944 3030 1999 hoc
3056 1962 3212 2010 opus,
3247 1957 3303 2001 et

1727 2024 1755 2062 a
1787 2027 1893 2078 quo
1923 2022 2162 2066 auctore.
2195 2013 2299 2067 Sed
2332 2010 2444 2065 Iloc
2471 2010 2619 2078 opus,
2640 2013 2725 2066 hic
2757 2014 2908 2067 labor
2927 2025 3022 2070 est.
3049 2015 3306 2080 Quamvis

1727 2081 1893 2155 enim,
1934 2097 2001 2134 xv
2041 2083 2539 2155 smct_ilo,__quidam_
2580 2086 2848 2138 exstiterit
2900 2085 3152 2152 scriptor,
3209 2086 3303 2155 qui

1730 2149 1856 2222 illud
1895 2163 2085 2207 sancto
2135 2149 2333 2222 Cyrillo
2381 2153 2758 2208 ascribendom
2816 2170 2936 2208 esse
2975 2149 3309 2218 duxeritfet

1729 2219 1870 2284 ideo,
1892 2223 2111 2276 inillius
2143 2219 2314 2292 prima
2357 2223 2553 2284 fronte,
2588 2223 2740 2277 istam
2769 2225 3171 2279 annotationem
3202 2240 3307 2292 ap-

1727 2293 1966 2362 posuerit
2009 2311 2020 2345 :
2068 2291 2172 2344 Τοῦ
2209 2292 2352 2345 θείου
2403 2293 2694 2362 Κυρίλλου,
2743 2310 2847 2348 non
2911 2305 3088 2347 tamen
3136 2291 3308 2348 mani-

1729 2359 1865 2431 [este
1892 2375 2132 2429 apparet,
2165 2379 2266 2431 qua
2294 2359 2503 2417 ratione
2533 2363 2782 2419 inductus
2833 2363 2997 2417 fuerit
3033 2364 3121 2419 hic
3150 2365 3303 2419 nobis

1729 2429 1943 2502 ignotus
1975 2429 2274 2496 auctor,‘ad
2308 2433 2445 2485 hanc
2477 2434 2784 2502 opinionem
2821 2434 3175 2502 sequendum,
3196 2434 3298 2488 nisi

1729 2501 1868 2556 forte
1894 2502 2147 2570 deceptus
2175 2502 2334 2556 fuerit
2362 2503 2709 2557 similitudine
2732 2501 3034 2572 argumenti
3059 2522 3087 2557 a
3113 2515 3304 2558 sancto

1727 2572 1925 2640 Cyrillo
1962 2572 2322 2642 Alexandrino
2376 2574 2425 2626 itt
2467 2589 2656 2626 novem
2701 2575 2933 2642 Uialogis
2965 2583 3018 2626 et
3057 2573 3109 2626 iu
3165 2573 3304 2628 Tlte-

1726 2658 1885 2695 σατινο
1925 2645 2158 2696 tractati.
2200 2641 2310 2707 Ego
2343 2658 2486 2702 vero,
2530 2643 2757 2696 candide
2785 2641 2976 2706 fateor,
3005 2643 3204 2697 nullum
3233 2646 3309 2698 de

1728 2713 1950 2780 przel‘ata
1985 2711 2282 2781 quazstioue
2324 2713 2584 2782 judicium
2621 2713 2760 2766 ferre
2782 2729 3018 2780 possum,
3043 2713 3304 2768 aliorum-

1727 2796 1832 2849 que
1881 2798 1943 2834 ac
2009 2794 2155 2834 tuum
2217 2783 2514 2850 praesertim
2565 2796 2879 2851 exspectare
2920 2785 3080 2836 malo.
3110 2785 3189 2838 Ad
3225 2785 3308 2837 vi-

1730 2851 1944 2904 tandam
1973 2867 2184 2906 omnem
2216 2853 2607 2914 confusionem,
2629 2856 2694 2905 ad
2725 2863 2957 2921 quatuor
2991 2854 3166 2912 capita
3213 2870 3304 2908 re-

1725 2923 1915 2994 ducam
1943 2923 2120 2974 omnia
2145 2938 2174 2974 a
2200 2938 2282 2974 me
2310 2925 2646 2994 exponenda,
2670 2924 2875 2977 scilicet
2893 2944 2902 2974 :
2923 2922 3088 2994 454
3102 2922 3308 2988 Primo,

1724 2989 1970 3062 dogmata
2016 3008 2135 3059 qua:
2181 2989 2406 3045 testatur
2454 2992 2756 3062 Theologtts
2788 2989 3015 3056 noster;
3045 2989 3304 3060 Secundo,

1725 3061 1874 3115 locos
1899 3062 2092 3116 dubios
2122 3075 2174 3115 et
2221 3064 2309 3130 qui
2352 3063 2564 3115 erronei
2595 3061 2763 3116 videri
2804 3075 3066 3131 possunt;
3123 3065 3309 3128 tertio,

1725 3147 1812 3185 res
1859 3134 2091 3186 maxime
2147 3134 2407 3186 nctaudas
2469 3147 2587 3201 quae
2633 3133 2684 3184 in
2747 3148 2912 3202 opere
2967 3145 3303 3199 occurrunt;

1723 3213 1936 3274 quarto,
1984 3203 2135 3272 signa
2189 3205 2431 3272 quietiam
2491 3219 2520 3255 e
2572 3203 2768 3272 quibus
2822 3204 3065 3272 dignosci
3113 3213 3314 3274 poterit

1723 3273 1844 3338 quis
1873 3273 2036 3345 inerit
2081 3285 2263 3328 noster
2309 3274 2612 3341 TlieoIOgus
2652 3285 2703 3345 et
2749 3290 2816 3328 an
2861 3279 3078 3330 ineunte
3116 3273 3312 3345 quinto

1723 3343 1919 3396 saeculo
1949 3342 2159 3406 vixerit,
2193 3356 2250 3398 ut
2275 3344 2406 3398 milii
2441 3344 2730 3399 verisimile
2767 3346 2997 3399 Videtur.

2221 3476 2449 3534 CAPUT
2503 3475 2799 3533 PRIMUM.

2074 3569 2334 3640 Dogmata
2364 3586 2484 3639 qua:
2516 3581 2738 3623 testatur
2762 3581 2968 3624 auctor.

1790 3663 1856 3718 Et
1892 3672 1950 3716 ut
1998 3663 2065 3716 ab
2115 3663 2266 3718 initio
2308 3679 2394 3717 res
2437 3663 2730 3725 ordiamur,
2764 3665 2884 3731 quis
2923 3670 3114 3727 nescit,
3167 3662 3312 3718 inter

1721 3736 1887 3787 multa
1956 3733 2056 3786 alia
2123 3737 2402 3787 commoda
2468 3735 2518 3786 itt
2593 3731 2891 3786 Ecclesium
2963 3733 3200 3802 profecta
3272 3751 3302 3788 ει

1720 3804 1820 3858 SS.
1885 3805 2104 3860 l’atrmn
2166 3806 2458 3871 Operibus,
2533 3802 2658 3856 illud
2727 3803 2951 3857 forsitan
3011 3803 3308 3857 maximum

1719 3891 1865 3939 esse,
1897 3875 2122 3936 scilicet,
2147 3873 2354 3926 illorum
2386 3872 2706 3926 testimoniis
2736 3885 2788 3926 et
2821 3875 3145 3927 auctoritate
3171 3889 3304 3926 con-

1720 3945 1919 4000 ﬁrmari
1971 3945 2224 3997 Ecclesia:
2273 3944 2549 3996 catholicae
2585 3943 2832 4011 dogmata
2869 3953 2923 3995 et
2969 3943 3298 4012 apostolicus

1717 4030 1781 4070 ac
1810 4015 2202 4070 ecclesiasticas
2234 4012 2583 4066 traditiones?
2620 4013 2752 4066 Cum
2804 4027 2935 4080 ergo
3000 4013 3129 4065 milii
3181 4028 3306 4080 pm-

1718 4090 2007 4152 posueritu,
2064 4094 2319 4151 quantum
2380 4083 2432 4135 itt
2474 4098 2556 4136 tne
2598 4095 2698 4146 εει,
2759 4095 3122 4152 quantumque
3155 4097 3312 4136 uicus

1721 4151 1942 4223 requirit
1975 4169 2188 4222 sc0pns,
2246 4153 2454 4222 plenam
2522 4155 2614 4207 tibi
2653 4151 2788 4208 dare,
2831 4154 3000 4206 nostri
3048 4151 3306 4222 Tlicologi

1719 4226 1960 4278 notitiam
1993 4264 2008 4288 ,
2071 4225 2445 4292 przetertnissis
2491 4226 2695 4277 duabus
2764 4225 2922 4277 rebus
2972 4223 3083 4292 jatu
3140 4239 3303 4291 supra

1720 4297 2030 4348 memoratis
2063 4297 2129 4346 de
2177 4295 2371 4362 quibus
2424 4294 2532 4357 ille,
2583 4310 2774 4362 magna
2812 4310 2933 4349 cum
2999 4293 3307 4362 eloquentia

1721 4376 1775 4418 et
1844 4367 1996 4434 quasi
2061 4379 2123 4416 ex
2188 4365 2453 4431 professo,
2506 4369 2554 4417 lll
2616 4368 2779 4419 totius
2840 4364 3020 4434 operis
3071 4371 3303 4418 decursu

1724 4445 2149 4503 argumentatur,
2213 4445 2417 4487 tantum
2465 4449 2728 4501 exponam
2763 4452 2823 4488 ea
2857 4450 2973 4503 qua:
3027 4435 3201 4487 obiter
3250 4441 3308 4487 et

1725 4508 1871 4558 velut
1925 4514 2269 4558 transeunter
2310 4506 2586 4569 enuntiat;
2661 4517 2712 4558 et
2769 4520 2890 4556 cum
2943 4505 3075 4558 satis
3138 4504 3308 4557 multa

1724 4577 1863 4639 sint,
1929 4592 2025 4638 ea,
2061 4577 2125 4627 ad
2182 4587 2387 4643 septem
2429 4576 2627 4628 classes
2654 4573 2805 4641 jn'xta
2835 4585 3148 4642 sequentem
3210 4589 3303 4626 or-

1725 4646 1903 4698 dinem
1940 4645 2258 4713 dispositas,
2289 4647 2538 4697 reducam
2575 4664 2586 4698 :
2626 4645 2831 4705 l'rimo,
2862 4647 2925 4695 de
2956 4659 3111 4696 sacra
3151 4643 3303 4696 Scri-

1734 4726 1926 4783 plura;
1969 4717 2222 4775 secundo,
2275 4717 2339 4767 de
2390 4714 2633 4767 Romano
2683 4713 2962 4782 pontillce;
3006 4715 3184 4777 tertio,
3238 4713 3312 4766 de

1733 4785 2119 4847 sacramentis;
2163 4795 2377 4852 quarto,
2410 4785 2475 4837 de
2506 4783 2614 4838 Deo
2640 4798 2746 4836 uno
2776 4795 2829 4837 et
2853 4783 2992 4835 trino
3021 4792 3074 4835 t-t
3093 4786 3156 4836 de
3186 4783 3312 4850 ejus

1731 4856 2034 4917 attributis;
2076 4854 2282 4922 quinto,
2306 4855 2369 4905 de
2393 4853 2796 4918 litcarnatioue;
2824 4861 2996 4914 sexto,
3015 4854 3081 4906 de
3102 4852 3311 4921 angelis

1730 4937 1784 4977 et
1811 4927 1875 4977 de
1904 4925 2076 4993 pritno
2109 4926 2357 4989 homine;
2399 4925 2648 4992 septimo,
2685 4923 2751 4977 de
2795 4923 3091 4991 apostolica
3134 4922 3300 4977 disci-

1767 4994 1893 5047 lina.

1729 5009 1893 5062 plina.

2221 5060 2297 5115 De
2324 5078 2475 5114 sacra
2500 5060 2800 5129 Scriptura.

1798 5155 1837 5211 l.
1862 5155 2075 5225 Optime
2109 5155 2216 5208 scis
2245 5155 2516 5222 propheta:
2553 5153 2767 5208 Baruch
2810 5155 3003 5209 librum
3034 5164 3306 5210 resectum

1731 5227 1894 5280 fuisse
1955 5231 2097 5279 velut
2152 5225 2517 5293 apocrypliutn
2565 5242 2592 5276 a
2648 5227 3041 5280 recentioribus
3093 5227 3306 5279 hetero-

1729 5299 1884 5353 doxis
1920 5307 2080 5365 atque
2127 5309 2158 5350 e
2195 5311 2469 5349 sacrarum
2507 5295 2908 5364 Scripturarum
2937 5311 3144 5352 canone
3179 5296 3306 5349 sub-

141 5507 147 5512 _
175 5440 384 5514 («illanc
417 5444 722 5514 epistolam,
753 5454 894 5498 tomo
921 5441 989 5496 IX
1011 5440 1174 5514 Noua;
1198 5437 1527 5514 Collectionis
1551 5433 2180 5514 Calogeranw,_\’enetiis
2199 5450 2341 5514 anno
2369 5434 2820 5514 i765_ve_r_nacule
2851 5432 3157 5514 editam,_in
3181 5449 3305 5501 gra-

125 5505 497 5577 ti.niil.ectoruiit
546 5505 787 5571 Latinam
833 5515 1081 5568 fecimus.
1116 5511 1260 5564 Illam
1314 5512 1607 5577 scripserat
1655 5507 2002 5577 Mingarellus
2036 5507 2087 5558 in
2144 5510 2361 5559 modum
2399 5506 2639 5576 praeludii
2695 5505 2762 5558 ad
2810 5519 2963 5577 suam
3012 5505 3302 5577 editionem

123 5574 324 5634 librorum
352 5584 422 5639 De
450 5583 727 5641 Trinitate.
763 5585 927 5640 Multa
959 5584 1143 5639 insunt
1177 5590 1364 5637 uotatu
1397 5572 1579 5649 digna,
1613 5572 1882 5649 praecipue
1918 5575 2008 5632 ubi
2051 5572 2414 5633 recensentur
2445 5587 2693 5634 auctores
2731 5591 2764 5630 a
2810 5572 3302 5649 Qidyrno_lautlati.

2827 5642 2984 5702 Eutr.
3024 5642 3192 5698 Pun.
