3758 6302
120 321 248 377 i009

1077 320 1410 378 liPlS'l'OlA
1449 324 1538 378 AD
1575 323 1982 380 ARCHINTUM
2022 323 2436 383 PRESULEM.

3235 332 3380 390 ιοιο.

125 465 144 499 ι
168 446 436 500 Creatura
467 445 614 515 Δ01.ξο
660 452 848 498 creato
898 446 1235 515 sanctiticato
1277 447 1496 513 ungitur
1524 447 1576 500 in
1616 449 1708 502 ha-
1737 455 1785 510 Α
1813 467 1917 505 non
1950 448 2302 514 subjunxerit,
2334 447 2386 498 id
2414 453 2516 507 est,
2560 459 2671 499 rem
2707 443 2777 498 ita
2814 459 2934 499 esse
2965 447 3088 515 quia
3139 447 3372 514 Spiritus

123 518 336 585 ptismo.
380 512 663 578 Salvator,
695 525 878 581 utpote
915 513 1080 579 Deus,
1117 527 1312 569 unctus
1343 527 1425 568 est
1457 532 1576 577 suo,
1608 533 1706 570 nn-

129 590 411 653 dequaque
444 593 639 637 sancto
669 596 722 636 et
776 585 1042 653 incrento,
1093 594 1149 637 nt
1188 588 1303 646 ipse
1334 595 1436 647 est,
1477 585 1705 653 Spiritu,

126 652 228 716 prre
251 656 628 711 consortibus.
671 654 835 724 nobis
863 652 1089 724 scilicet.
1127 653 1288 724 462
1328 673 1345 705 ι
1379 653 1442 706 Et
1469 652 1705 724 dentom,

128 726 213 776 lib.
246 739 330 794 tu.
366 739 495 794 eap.
537 723 730 786 ιεϊῐὺς
765 722 934 794 Λᾴγος
963 723 1054 774 τοῦ
1083 722 1219 794 ego;
1245 722 1286 777 6V
1316 723 1542 794 μηδενὸς
1577 724 1709 794 μηδὲ

131 793 296 866 αὐτῶν
328 792 445 866 τῶν
483 792 966 866 καταφρρνούντων
990 793 1152 866 αὑτοῦ
1182 792 1614 866 καταφρφνῶνίῤ

127 865 285 932 ψυχῇ,
305 865 387 932 εἰς
416 863 491 932 ῆν
519 863 609 915 διὰ
633 862 725 916 τοῦ
756 863 1072 931 φυσήματος
1092 864 1156 916 τδ
1176 862 1346 932 ἅγιον
1362 862 1524 916 αὐτοῦ
1544 862 1712 916 Πνεῦξ

135 930 204 999 μ
229 930 575 1004 κατῴκισεν,
600 933 690 984 τὸν
714 930 876 1004 λόγον
892 930 1012 1004 τῶν
1033 930 1247 1004 παντων
1290 935 1351 1004 τὸ
1387 932 1711 1004 τιμιώτατον

132 1001 534 1071 κατασπείρας.
561 1001 613 1054 ld
645 1013 726 1056 est
751 1021 762 1055 :
790 1021 808 1052 ι
845 1002 1013 1056 Filius
1047 1002 1276 1058 Verbum
1305 1003 1418 1067 Dei,
1443 1001 1529 1070 qui
1549 1006 1713 1056 uetui-

134 1087 267 1130 nem.
302 1085 370 1123 ne
405 1086 472 1124 ex
515 1072 583 1123 iis
612 1073 827 1141 quidem
859 1073 946 1140 qui
991 1087 1113 1124 eum
1165 1082 1535 1134 contemnunt,
1575 1089 1708 1128 con-

140 1142 352 1212 temnit;
385 1142 482 1212 qui
513 1143 727 1212 animae,
777 1141 829 1193 in
861 1156 965 1212 qua
998 1157 1096 1212 per
1127 1143 1536 1212 inspirationem
1582 1158 1709 1195 san-

134 1220 269 1262 ctmn
299 1210 420 1274 ejus
454 1210 720 1278 Spiritum
752 1211 991 1265 habitare
1011 1211 1157 1278 fecit,
1184 1210 1444 1265 rationem
1485 1212 1714 1266 inseruit

135 1295 235 1348 pne
265 1281 536 1332 omnibus
567 1283 727 1333 rebus
768 1281 985 1333 maximi
1020 1281 1337 1335 faciendam.
1371 1299 1389 1332 ι

202 1347 330 1401 Item
365 1348 592 1402 fatebor
612 1349 939 1419 'l‘hcologum
995 1361 1235 1404 nostrum
1262 1351 1331 1403 ita
1356 1350 1585 1405 obscure
1612 1350 1707 1406 lib.

139 1433 191 1479 Il,
215 1433 333 1485 cap.
374 1419 435 1482 9.,
471 1420 544 1471 de
579 1419 780 1486 Spiritu
801 1430 989 1473 sancto
1025 1420 1187 1473 fuisse
1219 1419 1481 1481 locutum,
1511 1431 1569 1473 ut
1600 1422 1709 1474 nisi

136 1487 249 1553 quis
277 1489 463 1555 potius
519 1489 776 1542 Auctoris
806 1491 969 1542 menti
1032 1505 1192 1556 quam
1237 1490 1414 1542 verbis
1448 1491 1707 1552 attendat,

139 1557 280 1609 illum
305 1557 468 1611 facile
492 1559 683 1612 credat
711 1573 739 1609 a
775 1558 878 1611 [ide
915 1561 1204 1613 recessisse
1236 1558 1526 1620 catholica.
1565 1576 1711 1612 eum-

138 1640 234 1694 que
291 1627 542 1698 opinioni
593 1626 788 1681 favisse
835 1643 994 1696 quam
1054 1639 1236 1698 postea
1297 1629 1519 1682 Pbotius
1571 1629 1712 1683 velut

141 1699 324 1764 dogma
355 1697 610 1751 stabilire
641 1713 924 1766 aggressus
966 1697 1066 1752 est.
1110 1699 1431 1767 Sequentem
1477 1698 1706 1764 titulum,

141 1771 226 1817 σευ
252 1767 431 1832 potius
465 1779 842 1852 arggmentum
876 1783 1105 1852 sequens
1142 1768 1407 1852 inﬁfro‘ttte
1442 1770 1584 1852 gerit
1623 1767 1705 1847 di:
1740 1797 1781 1852 Β

142 1844 276 1906 etum
321 1846 525 1906 caput:
563 1837 698 1905 Περὶ
735 1835 850 1895 τοῦ.
898 1834 964 1890 τδ
1002 1838 1154 1906 ἆγιον
1193 1836 1412 1906 Πνεῦμα
1446 1834 1582 1890 sive:
1610 1837 1703 1890 τοῦ

141 1903 286 1977 θεοῦ,
326 1905 421 1957 καὶ
455 1906 590 1976 περὶ
615 1903 894 1977 αἶρετικῆς
921 1903 1261 1972 ἁντιϐεσέως.
1298 1903 1352 1960 Id
1380 1917 1464 1962 est
1493 1926 1506 1961 :
1537 1927 1554 1957 ι
1591 1908 1707 1975 Spi-

145 1974 297 2046 ritum
326 1974 581 2046 sanctum
626 1974 745 2030 esse
768 1992 808 2046 a7
830 1974 956 2041 Deo,
990 1989 1041 2031 et
1067 1980 1134 2031 de
1155 1982 1312 2032 rebus
1352 1993 1472 2046 quae
1503 1978 1569 2030 ab
1594 1974 1704 2031 hat-

147 2043 320 2117 [elicis
338 2045 700 2112 objiciuntur.
747 2065 765 2100 ι
796 2045 986 2110 Porro,
1029 2049 1081 2100 in
1113 2048 1288 2117 capite
1335 2043 1437 2102 isto
1475 2048 1637 2100 multa
1673 2062 1704 2102 e

148 2110 423 2184 Scriptura
469 2131 627 2169 sacra
677 2118 954 2184 desumpta
1018 2110 1320 2170 lCSlllllOltla
1382 2118 1598 2184 promit,
1651 2117 1704 2170 in

147 2183 354 2256 quibus_
377 2195 621 2256 vocatur
657 2183 1141 2256 Spiritussanctus
1176 2204 1194 2237 ι
1241 2183 1471 2256 Spiritus
1499 2187 1628 2256 Dei,
1681 2206 1700 2239 ι

147 2259 229 2304 aut
265 2270 283 2304 t
327 2254 570 2320 Spiritus
602 2255 792 2310 Patris.
836 2274 854 2307 ι
893 2255 1092 2310 Deinde
1142 2257 1241 2310 tria
1284 2254 1399 2309 alia
1453 2255 1606 2309 ail‘ert
1653 2257 1704 2310 in

149 2323 328 2391 quibus
355 2325 671 2378 nominatur
695 2327 775 2378 vel
795 2345 812 2377 ι
839 2324 1071 2390 Spiritus
1087 2326 1306 2383 Christi.
1331 2344 1348 2375 ι
1373 2325 1504 2378 utin
1537 2326 1703 2391 Epist.

149 2389 294 2466 itum.
338 2409 486 2466 cap._
517 2410 635 2456 vnt,
671 2394 806 2462 v.9;
838 2389 920 2449 vel
972 2414 990 2446 ι
1023 2396 1254 2466 Spiritus
1297 2394 1438 2466 Filii,
1482 2413 1500 2445 ι
1552 2389 1609 2466 ut
1655 2396 1709 2449 in

150 2461 306 2533 Epist.
333 2461 420 2516 ad,
448 2463 573 2518 Gal.
619 2480 737 2533 cap.
772 2461 844 2530 tv,
891 2480 942 2518 v.
994 2461 1185 2530 6;'vel
1237 2484 1256 2517 ι
1297 2465 1530 2530 Spiritus
1581 2463 1707 2518 Jesu

152 2531 362 2604 Christi,
401 2552 418 2604 ι
451 2543 512 2587 ιιι
550 2535 602 2587 in
629 2531 798 2603 Epist.
829 2535 892 2587 ad
918 2535 1145 2604 Philipp.
1174 2551 1292 2604 cap.
1326 2552 1365 2594 t,
1399 2549 1448 2586 ν.
1479 2535 1565 2604 l9.
1585 2534 1711 2604 Post

154 2600 274 2674 haec:
306 2602 607 2674 subiungit,
643 2600 738 2671 per
774 2605 926 2659 istius
969 2600 1109 2658 modi
1141 2600 1318 2666 voces,
1359 2603 1579 2674 Πνεῦμα
1615 2603 1708 2657 τοῦ

153 2669 292 2731 Tia-3,
321 2691 338 2722 ι
377 2669 616 2739 Spiritus
644 2669 794 2738 Filii,
839 2693 857 2725 ι
887 2676 1242 2729 demonstrari
1279 2669 1538 2741 Spiritum
1589 2691 1710 2728 san-

157 2750 286 2792 ctmu
309 2741 441 2796 Filio
478 2744 994 2797 consubstantialem
1019 2759 1159 2809 esse,
1203 2754 1567 2812 praetereaque
1599 2753 1709 2796 tum

157 2812 451 2882 seeuudam.
478 2821 598 2865 tum
614 2814 823 2866 tertiam
842 2813 1133 2868 Personam
1158 2815 1352 2869 ducere
1373 2814 1629 2882 originem
1646 2815 1711 2866 ὲκ

155 2877 236 2953 σξρῦ
266 2881 378 2953 ἐνὸς
405 2882 646 2953 Πατρός,
679 2884 729 2936 id
753 2893 856 2946 est,
883 2901 900 2933 ι
927 2886 994 2936 ab
1022 2899 1125 2936 uno
1164 2877 1663 2950 emleinque'Palre.
1686 2903 1705 2936 ι

163 2947 262 3022 Non
311 2952 470 3019 igitur
509 2947 746 3018 Spiritus
796 2965 1014 3008 sanctus
1047 2953 1166 3006 Filii
1207 2947 1441 3022 Spiritus
1490 2955 1710 3016 dicitur,

161 3019 268 3093 quia
298 3030 348 3093 et
373 3023 438 3074 ab
473 3024 602 3093 ipso
631 3025 906 3090 procedat,
929 3032 983 3075 ut
1015 3023 1206 3091 aliquis
1238 3019 1462 3077 forsitan
1495 3024 1714 3093 objiciet

162 3087 294 3166 inter
313 3089 481 3166 Photi_i
503 3087 835 3166 discipulos,
862 3096 954 3146 sed
992 3087 1118 3166 quia
1142 3094 1300 3166 ambo
1323 3087 1614 3166 procedant
1643 3094 1708 3166 ex

163 3159 389 3231 tri-Stat;
429 3159 674 3231 Πατρός,
698 3163 747 3215 id
775 3171 875 3225 est,
917 3180 935 3212 ι
979 3159 1135 3218 unico
1167 3159 1340 3226 Patre,
1373 3181 1390 3212 ι
1431 3173 1485 3217 ει
1510 3165 1590 3226 εἰς
1616 3165 1707 3218 τὸν

163 3228 304 3304 αὐτὸν
339 3231 430 3283 ἕνα
445 3228 756 3304 ἁνᾰιῆὀνται,
793 3233 842 3285 id
873 3241 984 3304 est,
1017 3249 1037 3281 ι
1078 3234 1143 3304 ad
1169 3249 1328 3285 unum
1357 3233 1602 3304 eumdem
1625 3251 1708 3291 re-

171 3297 427 3355 ducuntur.
450 3297 607 3368 )Qtio
637 3313 812 3354 autem
839 3302 1034 3355 clarius
1058 3303 1282 3356 nitescat
1314 3317 1424 3364 res,
1446 3303 1530 3356 hic
1563 3297 1706 3370 ipsa-

168 3381 260 3442 luet
293 3373 464 3442 nostri
491 3374 656 3424 verba
696 3371 950 3442 Theologi
997 3373 1415 3442 transcripturus
1436 3387 1572 3426 sum.
1598 3376 1708 3430 Καὶ

164 3436 214 3487 τὸ
242 3441 540 3511 γεγράφθαι
573 3442 698 3494 δέ...
733 3442 785 3494 id
809 3436 933 3496 estV:
987 3441 1192 3511 (_Qll0tl
1228 3436 1403 3494 autem
1448 3447 1704 3511 scriptum

167 3515 253 3570 est,
291 3509 455 3578 ipsum
509 3527 634 3566 esse
691 3512 949 3578 Spiritum
991 3509 1139 3576 Filii,
1179 3511 1415 3564 ostendit
1457 3509 1707 3568 similiter

167 3583 575 3651 communionem
607 3593 830 3645 naturai,
862 3583 993 3635 adeo
1023 3590 1083 3634 ut
1111 3582 1286 3651 putari
1316 3591 1546 3648 nequeat
1580 3584 1705 3651 Spi-

170 3645 309 3721 ritum
334 3665 449 3705 esse
483 3651 629 3706 illius
651 3660 990 3706 creaturam:
1026 3645 1291 3720 quomodo
1317 3645 1457 3703 enim
1492 3645 1707 3721 proprio

170 3711 314 3790 Patri,
341 3727 487 3786 quasi
548 3721 692 3775 illum
741 3733 895 3775 antea
957 3711 1059 3774 non
1113 3721 1328 3773 habenti
1364 3735 1428 3772 ex
1477 3711 1533 3774 se
1569 3711 1703 3790 ipso,

171 3787 471 3858 condidisset
505 3790 676 3843 Filius
719 3791 888 3855 illum,
917 3792 1003 3858 qui
1031 3800 1084 3844 et
1107 3800 1190 3844 est
1217 3799 1270 3842 et
1313 3790 1487 3844 dictus
1520 3787 1621 3844 fuit
1655 3793 1707 3846 in

172 3854 433 3930 scripturis
464 3861 698 3930 Spiritus
735 3854 948 3912 Dei?”
989 3861 1202 3930 quidem
1241 3873 1342 3930 non
1385 3860 1540 3913 modo
1563 3861 1706 3915 blas-

175 3923 396 3997 phetizum
426 3923 529 3994 est,
592 3934 682 3984 sed
712 3931 873 3984 etiam
898 3923 1138 3983 stultum.
1175 3926 1505 3997 lntelligatur
1527 3943 1705 3984 autem

175 3989 372 4071 Spiritus
393 3989 606 4063 Christi,
650 4002 802 4053 idest
836 4001 1004 4071 virtus
1026 3998 1251 4071 Christi,
1292 3989 1566 4071 eo'modo
1597 4015 1707 4069 qua

177 4064 348 4141 dietum
385 4081 466 4124 est
523 4071 792 4125 Christum
826 4084 944 4123 esse
973 4070 1062 4123 Dei
1096 4069 1350 4141 virtutem
1383 4076 1436 4120 et
1480 4070 1572 4123 Dei
1614 4064 1708 4124 sa-

181 4137 401 4196 pietttiam
432 4158 443 4191 :
475 4143 730 4210 qttOniant
762 4141 906 4192 enim
938 4154 1000 4192 ex
1034 4154 1139 4192 uno
1171 4137 1327 4210 Patre
1357 4145 1571 4210 natura,
1601 4155 1706 4194 non

181 4214 284 4255 vero
319 4207 572 4264 creatrice
620 4211 857 4278 euergia,
898 4218 1281 4280 processerunt
1307 4209 1388 4260 ha:
1417 4207 1587 4264 beata:
1620 4211 1709 4280 hy-

179 4282 404 4338 postases.
434 4284 484 4334 in
510 4282 756 4332 eumdem
792 4295 953 4331 unum
989 4279 1314 4332 referuntur.
1355 4295 1372 4327 ι

237 4347 347 4420 Sed,
374 4350 423 4402 ni
456 4366 555 4420 ego
586 4349 759 4415 fallor,
781 4349 978 4420 nullam
1025 4349 1206 4420 omnia
1238 4350 1334 4420 ista
1357 4346 1464 4401 vim
1488 4348 1706 4406 habent.

181 4407 356 4468 Etenim
382 4407 574 4485 prin-io,
600 4420 720 4472 aliis
746 4407 802 4473 in
832 4418 965 4472 locis
991 4433 1019 4470 a
1050 4432 1134 4471 me
1163 4417 1364 4479 citatis,
1394 4432 1529 4485 quos
1551 4433 1581 4472 e
1606 4435 1697 4474 n0-

181 4485 683 4557 shtrodesumpserant
711 4487 1004 4557 Theologo,
1036 4487 1270 4556 Spiritus
1302 4497 1520 4540 sanctus
1555 4504 1698 4544 nunc

182 4545 344 4627 Patris,
371 4545 506 4613 nunc
539 4558 657 4614 Filii
681 4545 1138 4627 Spiritusvpassi'm
1166 4567 1521 4625 nuncupatur,
1555 4560 1695 4625 quod

182 4619 295 4695 idem
351 4638 498 4682 sonat
555 4646 618 4683 ac
679 4619 736 4683 si.
779 4619 1050 4682 diceretur
1089 4619 1360 4695 Spiritunf
1385 4619 1627 4681 sanctum
1665 4645 1695 4682 a

184 4684 312 4770 lintre
339 4695 569 4767 Filioque
603 4699 762 4753 simul
798 4684 1410 4770 procedegeisecundo,
1446 4713 1549 4770 non
1578 4699 1697 4770 ideo

183 4757 265 4810 dici
293 4775 454 4828 putest
476 4757 735 4836 Spiritum
763 4757 1006 4822 sanctum
1029 4757 1146 4820 Filii
1178 4782 1299 4836 esse
1320 4757 1600 4833 Spiritum,
1628 4768 1698 4822 ob

183 4838 279 4880 eaut
309 4835 630 4893 solummodo
672 4840 953 4898 rationem,
987 4838 1111 4905 quia
1153 4835 1318 4890 Filius
1355 4846 1408 4888 et
1463 4836 1698 4900 Spiritus

186 4909 368 4972 sanctus
406 4910 880 4963 consubstantiales
927 4908 1064 4972 sint;
1100 4924 1244 4970 nam,
1278 4907 1320 4958 si
1349 4905 1471 4958 illud
1503 4907 1696 4958 admit-

187 4971 374 5046 tinetur,
413 4979 611 5045 pariter
642 4981 742 5032 dici
774 4980 1176 5046 possetl’atrcm
1217 4986 1269 5029 et
1298 4973 1488 5046 Filium
1516 4995 1542 5046 ξι
1576 4975 1697 5044 Spi-

187 5043 270 5086 ritu
296 5043 462 5101 sancio
516 5065 533 5098 ι
573 5063 710 5112 esse,
754 5043 786 5098 ι⁷
819 5051 1071 5113 quoniam
1105 5047 1262 5098 ambo
1309 5044 1529 5112 Spiritui
1574 5043 1696 5098 san-

187 5113 256 5183 ¢|0
304 5119 766 5172 consubstantiales
823 5119 931 5172 sint
971 5135 984 5169 :
1037 5115 1176 5183 quod
1233 5124 1508 5183 repugnat.
1548 5114 1697 5170 Unde

187 5182 304 5233 Palcl
359 5187 604 5250 Spiritum
657 5200 901 5241 sanetum
956 5182 1064 5239 dici
1104 5184 1365 5253 Spiritum
1409 5182 1550 5249 Filii,
1602 5199 1695 5237 seu

193 5256 222 5326 fr
245 5257 481 5326 proprium
525 5257 638 5311 Filii
679 5258 960 5326 Spiritum,
1013 5275 1032 5307 ι
1067 5273 1168 5307 non
1205 5254 1376 5306 solmn
1415 5255 1538 5320 quia
1569 5270 1699 5307 con-

190 5313 519 5394 substantiales
563 5336 690 5380 sunt
720 5313 910 5380 'lt‘ilius
947 5313 1003 5380 et
1044 5326 1279 5394 Spiritus
1313 5313 1550 5394 sanctus,
1604 5326 1697 5376 sed

190 5386 320 5464 ξῑίέιξι
369 5397 480 5462 quia
530 5397 762 5464 Spiritus
809 5412 838 5449 a
892 5395 1046 5459 Ftlio,
1086 5386 1199 5449 non
1245 5405 1422 5447 autem
1457 5391 1622 5464 Filius
1667 5408 1698 5445 a

193 5447 692 5530 ,sPil'iluxprocedat.
718 5447 869 5520 {inde
893 5447 1274 5529 Citiei-timpnon
1307 5471 1490 5516 noster
1540 5462 1697 5516 Iidem

194 5528 421 5604 [il'l’lignai
441 5535 749 5590 catholicam
774 5535 1096 5604 Theologus,
1112 5528 1244 5588 licet
1263 5533 1549 5604 contendat
1567 5533 1699 5604 ideo

193 5592 404 5674 ξρπίίμιη
432 5618 664 5660 sanctum
705 5605 822 5659 Filii
843 5592 1111 5674 Spiritum
1155 5603 1358 5674 vocari,
1382 5603 1508 5671 quia
1564 5601 1699 5655 Filio

195 5665 612 5744 falilsubstantialis
645 5677 718 5730 sit
747 5665 978 5744 Spiriius
1010 5693 1022 5728 :
1049 5677 1187 5741 quod
1219 5665 1527 5741 plettissittie
1558 5674 1697 5725 veri-

197 5729 269 5780 tati
291 5729 676 5802 consentaneum
713 5729 812 5803 cst'.
842 5747 993 5814 Quod
1026 5729 1147 5800 silet
1188 5729 1408 5799 alteram
1438 5744 1696 5798 rationem

1735 3126 1780 3188 C

1735 4457 1778 4513 D

1810 531 2027 574 sanctus
2053 519 2215 574 etiam
2248 534 2275 569 a
2307 515 2442 590 Filio
2466 515 2730 590 procedit,
2756 515 2880 568 illud
2912 518 3125 590 Quidem
3154 529 3372 590 propter

1809 591 1986 656 operis
2013 603 2232 656 scopum
2257 586 2460 648 omisit,
2501 587 2593 638 sed
2633 587 3160 656 nunquamiuegavit.

1881 655 2132 714 Nostrum
2163 665 2340 708 autem
2372 655 2657 726 Auctorem
2698 655 2766 707 ob
2815 655 3075 726 rationem
3123 657 3371 726 superius

1811 729 2025 784 allatam
2088 727 2155 780 de
2219 727 2385 778 sancti
2448 724 2705 794 Spiritus
2741 738 2770 774 a
2837 723 2969 777 Filio
3031 723 3372 794 processione

1811 797 2079 855 constabit
2129 795 2360 855 siluisse,
2424 795 2468 846 si
2530 793 2836 846 attendntur
2894 793 3208 848 ettm'unice
3264 798 3368 850 sibi

1811 882 2031 937 sc0pum
2061 865 2400 937 proposuisse
2429 862 2502 933 (in
2539 864 2638 916 hoc
2669 863 2876 928 integro
2903 863 2937 915 2
2961 866 3134 937 capite
3165 865 3282 937 libri
3307 865 3367 936 ιι)

1812 933 2204 999 demonstrare,
2241 934 2500 1000 Spiritum
2546 941 2786 986 sanctum
2826 941 3027 986 :eterno
3061 933 3204 986 Patri
3239 933 3368 990 con;-

1812 1005 2219 1063 substantialem
2264 999 2401 1056 esse.
2442 999 2596 1073 Unde
2642 1002 2700 1073 lit
2736 1010 2792 1052 ut
2827 1017 3037 1073 semper
3067 1003 3173 1066 ille,
3225 1013 3371 1073 post-

1811 1093 1968 1143 quam
2004 1084 2080 1129 tot
2108 1084 2162 1127 et
2187 1081 2330 1125 tanta
2378 1071 2553 1123 attulit
2584 1071 2908 1143 testimonia,
2949 1071 3369 1143 in_quibusVSpi--

1811 1137 1945 1200 ritus
2009 1151 2227 1197 sanctus
2285 1153 2500 1194 voratur
2531 1155 2672 1192 nunc
2712 1137 2946 1204 Spiritus
2994 1137 3187 1200 Patris,
3224 1137 3366 1197 nunc

1812 1216 2044 1282 Spiritus
2097 1212 2209 1276 Dei,
2257 1225 2397 1282 nunc
2443 1210 2674 1282 Splr_itns
2713 1208 2875 1282 Filii,
2935 1227 3074 1264 nunc
3137 1210 3374 1280 Spiritus

1810 1277 2032 1348 Christi,
2062 1284 2139 1335 sic
2175 1281 2456 1335 concludat
2489 1297 2503 1333 :
2542 1279 2680 1347 Ergo
2711 1277 2941 1346 Spiritus
2985 1277 3207 1334 sanctus
3235 1298 3365 1334 con-

1813 1350 2185 1408 substantialis
2223 1359 2304 1403 est
2343 1349 2526 1413 Patri;
2568 1358 2655 1401 aut
2697 1349 2852 1418 aliter
2899 1367 2911 1402 :
2961 1349 3098 1418 Ergo
3137 1350 3370 1418 Spiritus

1811 1433 2029 1476 sanctus
2058 1419 2528 1474 consubstantialis
2558 1429 2640 1472 est
2674 1417 2826 1471 Filio.
2869 1417 3065 1486 Ecquis
3098 1417 3257 1484 nunc,
3292 1422 3372 1473 sic

1812 1492 1998 1562 positis
2020 1493 2202 1562 rebus,
2240 1489 2382 1562 illum
2405 1498 2602 1562 arguet
2633 1504 2735 1540 non
2766 1489 3370 1562 sequenliconchlsisse

1811 1557 1970 1616 modo
2024 1579 2036 1615 :
2091 1560 2228 1627 Ergo
2277 1558 2508 1626 Spiritus
2555 1567 2770 1627 sanctus
2834 1558 3073 1624 procedit
3119 1575 3148 1610 a
3200 1557 3370 1612 Filio?

1810 1632 2095 1695 Praeterea,
2133 1625 2334 1682 nullum
2390 1637 2535 1681 certe
2567 1627 2702 1681 bona
2745 1625 2844 1678 [ide
2893 1627 3159 1680 hominem
3215 1643 3368 1695 rcpe.

1811 1701 1922 1754 rias
1973 1702 2063 1770 qui
2131 1700 2230 1783 ista
2278 1697 2438 1751 verba
2502 1707 2680 1783 neget,
2723 1697 2794 1783 ,ὲκ
2837 1695 3098 1783 eoseos,-
3136 1698 3367 1783 Πατρός,

1816 1788 1836 1821 ι
1877 1787 1942 1824 ex
1993 1767 2110 1822 'uno
2165 1768 2342 1830 Patre,
2388 1786 2408 1818 ι
2462 1777 2517 1819 ει
2563 1769 2661 1818 alia
2723 1767 2852 1830 hzec,
2920 1767 3000 1828 εἰς
3057 1781 3147 1820 τον
3209 1767 3370 1820 αὐτὸν

1808 1841 1928 1903 ἕνα,
1956 1857 1974 1890 t
2012 1841 2064 1892 in
2113 1843 2358 1890 eumdem
2403 1851 2590 1896 unum,
2621 1853 2640 1884 ι
2675 1852 2700 1886 τι
2729 1846 2914 1889 nostro
2961 1837 3159 1904 scripta
3207 1839 3373 1892 fuisse

1806 1911 2076 1972 'l‘heologo
2093 1908 2156 1960 ad
2171 1905 2861 1972 signiticaudum,Spiritum
2875 1917 3119 1959 sanctum
3133 1908 3371 1960 consub-

1806 1979 2111 2034 stantialem
2143 1992 2264 2030 esse
2287 1974 2452 2036 Patri.
2481 1977 2618 2028 sicut
2644 1975 2816 2029 eidem
2842 1975 2986 2028 Patri
3019 1977 3374 2029 consubstth

1809 2050 1952 2103 tinlis
2007 2059 2085 2102 est
2130 2045 2330 2110 Filius;
2385 2061 2492 2099 non
2524 2055 2703 2100 autem
2745 2045 2884 2098 utin
2930 2043 3068 2099 Filio
3098 2047 3372 2115 spiramen

1809 2122 2038 2173 activum
2074 2125 2319 2182 negetur.

1880 2191 2059 2254 Neque
2097 2185 2256 2252 objici
2289 2193 2464 2250 potest
2500 2185 2640 2253 quod
2672 2183 2974 2253 Theologus
3017 2192 3220 2248 noster,
3260 2197 3372 2238 tum

1808 2258 1873 2311 ad
1911 2258 2054 2310 locus
2077 2256 2270 2310 citatos
2296 2255 2384 2308 lib.
2409 2270 2466 2318 tt,
2496 2270 2615 2323 cap.
2648 2254 2706 2316 2,
2733 2263 2841 2306 tum
2879 2254 3024 2323 alibi,
3061 2256 3126 2308 de
3148 2270 3372 2322 prnces~

1808 2328 1958 2380 sione
1989 2326 2220 2396 Spiritus
2275 2324 2448 2377 sancti
2492 2322 2736 2393 lOQlltfns,
2785 2322 3098 2392 simpliciter
3133 2340 3372 2396 proces-

1810 2393 2043 2449 sionem'
2069 2411 2096 2447 a
2145 2393 2324 2455 Patre,
2351 2408 2644 2462 nunquam
2687 2403 2865 2446 autem
2909 2394 3306 2462 processionem
3339 2409 3372 2447 a

1808 2465 1944 2520 Filio
1997 2473 2273 2520 memoret.
2319 2461 2472 2516 Novit
2502 2461 2643 2514 enim
2682 2463 3006 2516 Excellentia
3053 2461 3164 2515 Tua
3209 2477 3372 2530 quam

1811 2536 1991 2599 inane,
2028 2534 2136 2601 jam
2176 2549 2205 2584 a
2238 2531 2418 2585 multis
2453 2531 2683 2594 sa’culis,
2715 2546 2743 2582 a
2773 2532 3049 2602 theologis
3074 2531 3371 2600 jndicatum

1811 2603 1972 2658 fuerit
2000 2603 2175 2656 Photii
2211 2611 2607 2671 argumentum,
2643 2601 2783 2671 quod
2825 2601 3192 2671 desutnpserat
3217 2616 3281 2656 ex
3307 2616 3372 2654 eo

1810 2674 1951 2742 quod
1987 2674 2252 2734 Christus,
2285 2670 2408 2724 licet
2433 2672 2482 2723 in
2510 2673 2738 2742 quodam
2771 2670 2886 2724 loco
2915 2671 3131 2742 dixerit,
3165 2670 3238 2724 De
3259 2685 3376 2723 meo

1811 2739 2049 2810 accipiet,
2091 2743 2211 2795 alibi
2249 2742 2393 2803 dicit,
2443 2742 2546 2804 Qui
2595 2758 2627 2792 τι
2670 2739 2828 2793 Patre
2855 2741 3110 2810 procedit,
3144 2741 3293 2802 quasi
3339 2757 3374 2793 ιι

1813 2808 1932 2866 solo
1968 2814 2148 2874 Patre,
2180 2827 2282 2864 non
2316 2822 2493 2863 autem
2525 2827 2553 2864 a
2583 2811 2740 2862 Patre
2766 2819 2820 2863 et
2865 2808 2998 2878 Filio
3032 2811 3210 2875 simul,
3247 2826 3375 2878 pro-

1813 2883 2045 2936 cederet.
2085 2881 2234 2935 Unde
2265 2895 2362 2950 ego
2401 2880 2491 2948 qui
2532 2879 2709 2933 scienti
2730 2879 2886 2949 legem
2909 2877 3112 2948 loquor,
3137 2877 3374 2933 nouim-

1816 2953 2063 3006 morabor
2114 2954 2164 3004 in
2230 2965 2304 3016 re,
2366 2964 2690 3018 operamque
2745 2951 3046 3018 impendam
3112 2951 3370 3017 quosdam

1813 3030 1995 3074 textus
2044 3020 2259 3075 citando
2279 3033 2308 3072 e
2339 3019 2532 3088 quibus
2565 3019 2815 3086 colligere
2839 3020 2943 3072 erit
2979 3028 3252 3072 auctorem
3283 3035 3375 3073 tto-

1814 3102 1983 3145 strum
2012 3105 2104 3145 seu
2135 3104 2408 3157 expresse,
2467 3104 2560 3158 seu
2617 3089 2666 3144 vi
2725 3088 3079 3158 consequentis
3126 3099 3372 3158 urgente,

1810 3163 2001 3230 dogma
2035 3161 2358 3214 catholicum
2392 3174 2420 3212 a
2479 3157 2758 3214 Pbotianis
2796 3157 3163 3228 impugnatum
3197 3157 3370 3213 admi-

1808 3246 1964 3286 SISSC.

1875 3299 2078 3363 Primo,
2133 3299 2186 3354 in
2233 3298 2474 3362 sequenti
2533 3307 2716 3361 textu,
2765 3297 2964 3351 Auctor
3019 3299 3211 3352 asserit
3266 3314 3387 3354 non:

1808 3368 1964 3422 aliter
1990 3371 2199 3424 Patrem
2233 3386 2260 3422 a
2293 3367 2428 3423 Filio
2453 3367 2733 3436 distingui,
2771 3368 2871 3422 nisi
2907 3367 3029 3435 quia
3065 3367 3224 3422 Pater
3269 3380 3370 3424 est.

1807 3436 1927 3492 Vid.
1962 3440 2052 3492 lib.
2092 3455 2130 3500 ι,
2160 3454 2277 3506 cap.
2309 3438 2398 3499 21,
2425 3438 2535 3501 ubi,
2562 3449 2844 3504 pustquatn
2877 3437 3152 3490 veritatem
3183 3439 3379 3506 horum.

1808 3509 2006 3562 Christi
2054 3505 2336 3563 verborum
2387 3508 2642 3569 ostendit,
2674 3507 2830 3562 Juan.
2864 3521 2975 3569 XVI,
3029 3506 3138 3560 15:
3181 3505 3387 3560 Omnia-

1806 3593 2121 3646 quwgunque
2140 3580 2290 3630 habet
2313 3575 2494 3638 Pater,
2522 3592 2636 3628 mea
2652 3586 2793 3639 sunt,
2814 3575 2892 3628 sic
2913 3575 3181 3646 concludit
3202 3576 3376 3629 εΠάν-

1806 3643 1874 3726 τα
1902 3643 1995 3726 οὖν
2016 3643 2168 3726 εἶπεν
2194 3646 2263 3726 fit
2297 3646 2535 3726 στα-τριξὰ
2554 3645 2843 3726 τυχ-χάνειν
2871 3643 3056 3726 garo-6°
3097 3643 3236 3726 ὦτξτε
3263 3663 3374 3726 μη-

1807 3715 1895 3768 δὲν
1934 3717 2091 3770 πλέον
2141 3716 2332 3769 διδόναι
2367 3714 2444 3784 τῷ
2473 3715 2588 3784 Θεῷ
2626 3714 2820 3786 Πατρὶ,
2868 3715 2900 3783 ἢ
2942 3715 3102 3786 μόνρν
3128 3714 3189 3766 τὸ
3233 3714 3372 3786 εἶναι

1808 3786 2027 3857 Πατέρα
2078 3786 2209 3838 Υἰοῦ
2252 3783 2587 3857 mnam
2633 3783 3203 3857 xat'cuvutpé_artbrog°_
3232 3784 3376 3838 οὕτω

1809 3854 2083 3908 πιστεύειν
2102 3857 2384 3908 ἀναπείθει
2408 3854 2501 3908 καὶ
2523 3855 2604 3907 τὸο
2627 3855 2827 3908 Πάντα
2851 3856 2921 3907 τὰ
2946 3854 3056 3923 ἐμὰ
3079 3854 3161 3908 σά
3181 3855 3371 3916 ἐστιν,

1809 3925 1907 3977 καὶ
1942 3927 2014 3980 τὰ
2031 3929 2112 3979 σὰ
2137 3924 2267 3994 ἐμά,
2293 3943 2348 3979 κ.
2382 3943 2432 3977 τ.
2467 3925 2516 3979 λ.
2554 3925 2606 3978 ld
2646 3936 2730 3980 est
2761 3939 2774 3975 :
2805 3941 2826 3975 ι
2862 3924 3055 3994 Omnia
3078 3941 3208 3994 ergo
3255 3940 3377 3988 qua:

1810 3995 1985 4049 Patris
2012 3993 2273 4061 sunt,’sua
2303 3997 2437 4050 dixit
2470 4009 2607 4059 esse,
2634 3994 2706 4048 ita
2741 4004 2801 4048 ut
2828 3993 2958 4048 nihil
2990 3993 3220 4063 amplius
3261 3995 3378 4049 Deo

1809 4063 1953 4118 Patri
1979 4068 2086 4126 det,
2115 4066 2216 4119 nisi
2250 4067 2349 4120 hoc
2377 4065 2572 4129 solum,
2602 4065 2742 4133 quod
2781 4065 2851 4117 sit
2905 4064 3063 4118 Pater
3117 4065 3236 4120 Filii
3274 4083 3370 4124 co-

1808 4136 2016 4200 aeterni,
2051 4149 2114 4189 ac
2134 4135 2291 4189 simul
2319 4149 2440 4188 cum
2470 4149 2536 4188 eo
2557 4135 2914 4190 subsistentis.
2941 4136 3034 4189 Sic
3058 4150 3156 4190 nos
3184 4143 3375 4193 crede-

1812 4207 2036 4275 rejubet
2061 4207 2225 4258 etiam
2263 4205 2388 4259 illud
2419 4203 2742 4275 (Joan.xvn,
2768 4204 2904 4276 7‘10);
2928 4204 3116 4260 Omnia
3145 4221 3260 4261 mea
3278 4219 3375 4262 tua

1807 4286 1949 4337 sunt,
1980 4287 2026 4328 et
2058 4284 2151 4328 tua
2203 4291 2336 4340 mea,
2377 4285 2481 4330 etc.
2513 4293 2532 4326 ι
2571 4276 2722 4342 Quod
2757 4275 2895 4331 falso
2930 4276 3219 4342 diceretur,
3265 4279 3371 4333 nisi

1811 4343 2046 4422 Spiritus
2082 4345 2513 4422 sanctt_t_s___etiam
2543 4362 2601 4422 _a
2657 4345 2794 4400 Filio
2828 4342 3144 4422 procederet
3179 4363 3194 4399 :
3258 4356 3374 4422 tum

1809 4414 1958 4486 enim‘
1987 4415 2143 4469 Pater
2169 4431 2198 4468 a
2245 4414 2381 4470 Filio
2432 4415 2871 4486 distingueretur,
2905 4430 3009 4469 non
3040 4419 3213 4469 solum
3245 4419 3369 4486 quia

1808 4483 1967 4605 Palller
2008 4493 2114 4549 est,
2172 4486 2268 4541 sed
2315 4487 2477 4540 etiam
2510 4483 2634 4554 quia
2683 4485 2827 4539 solus
2871 4486 3048 4539 activo
3075 4483 3371 4554 spiramine

1808 4567 1866 4605 oo
1910 4565 2039 4605 eret.

1799 4565 2039 4625 poneret.

1871 4622 2139 4688 Secundo,
2168 4625 2276 4678 vid.
2329 4624 2456 4677 item
2489 4623 2578 4678 lib.
2629 4639 2688 4685 ιι,
2719 4636 2836 4690 cap.
2882 4622 2936 4689 5,
2968 4622 3130 4676 alium
3191 4625 3368 4679 locum

1799 4692 1852 4745 in
1890 4708 1996 4762 quo
2032 4705 2214 4747 noster
2235 4695 2450 4761 scripsit
2481 4693 2802 4762 Theologus,
2834 4691 3092 4760 Spiritum
3122 4704 3368 4748 sanctum

1799 4761 1922 4834 Filii
1950 4763 2237 4834 imaginem
2257 4763 2539 4834 esseaKa‘t
2582 4761 2784 4834 milia}
2810 4762 2996 4834 Πατὴρ
3027 4765 3082 4814 ἐν
3106 4762 3210 4834 ἰδίᾳ
3240 4764 3370 4834 ὑπο-

1801 4832 1984 4884 στάσει
2043 4831 2118 4883 ὢν
2154 4830 2532 4895 ὲξεικονὶζεται
2584 4833 2642 4882 ὲν
2695 4829 2771 4897 τῷ
2837 4829 3130 4899 Movere:st
3178 4829 3266 4885 διὰ
3310 4834 3371 4887 τὸ

1798 4901 2216 4971 ἀπαράλλακτον
2242 4903 2339 4972 τῆς
2361 4900 2644 4972 Θεὸτητος,
2681 4901 2822 4952 τοῦτ’
2846 4901 2992 4954 ἔστιν
3023 4901 3122 4972 τῆς
3161 4903 3364 4968 οὐσίας’

1798 4973 1888 5046 τρν
1922 4974 2034 5046 ξσον
2089 4971 2304 5046 τρᾴπον
2342 4972 2500 5046 καὶῼρ
2535 4972 2846 5046 Μονοῖενὴς
2872 4975 2951 5046 μὲν
2981 4971 3057 5041 τῷ
3089 4973 3167 5046 ἐνὶ
3202 4975 3373 5046 ,ἁγίῳ

1799 5041 2099 5113 Πνεύματι.
2128 5041 2182 5094 Id
2210 5053 2293 5095 est
2331 5059 2344 5094 :
2385 5063 2402 5094 ι
2445 5041 2504 5093 Et
2535 5041 2848 5115 sicutPate‘r
2871 5044 2922 5096 itt
2952 5044 3167 5115 propria
3200 5041 3369 5115 hypo-

1799 5116 1929 5168 stasi
1953 5112 2226 5166 exsistens
2259 5121 2678 5181 reprmsentatur
2704 5115 2754 5165 in
2787 5112 3077 5182 Unigenito
3109 5112 3368 5181 tanquam

1801 5183 1852 5236 in
1881 5183 2113 5250 imagine
2137 5183 2206 5235 ob
2236 5184 2568 5236 identitatetn
2595 5182 2834 5247 Deitatis,
2873 5184 2924 5236 id
2960 5193 3043 5236 est
3078 5187 3366 5246 essential;

1801 5254 1871 5305 ita
1903 5256 2086 5322 eodem
2118 5252 2274 5304 modo
2311 5250 2822 5322 etiatitAlJnigenitus
2869 5263 3282 5322 reprajscutatur
3313 5257 3369 5310 iu

1804 5338 1912 5375 uno
1929 5321 2131 5388 Spiritu
2151 5331 2340 5392 sancto
2355 5319 2515 5391 463
2536 5332 2784 5392 tauquam
2813 5325 2864 5376 in
2883 5319 3132 5392 imagine.
3147 5321 3366 5388 »Ροιι·ο,

1799 5407 1920 5446 cum
1952 5407 2018 5444 ex
2038 5406 2104 5444 eo
2129 5393 2271 5462 quod
2305 5390 2469 5462 Pinus
2514 5402 2728 5462 vocetur
2767 5391 2943 5462 imago
2979 5390 3180 5457 Patris,
3222 5405 3368 5449 recte

1800 5461 2084 5528 colligatur
2138 5461 2284 5515 illum
2330 5475 2364 5531 a
2401 5458 2574 5531 Patre
2633 5461 2824 5515 ducere
2864 5458 3161 5531 originem;
3205 5464 3366 5517 simili

1800 5534 1980 5595 modo,
2010 5545 2072 5583 ex
2107 5546 2173 5585 eo
2200 5530 2344 5599 quod
2393 5529 2627 5601 Spiritus
2656 5541 2873 5585 sanctus
2903 5529 3075 5601 imago
3098 5529 3218 5584 Filii
3265 5551 3367 5586 nn-

1800 5603 2050 5664 ntinetur,
2075 5615 2298 5680 necesse
2324 5600 2659 5680 inferendum
2683 5609 2766 5655 est
2790 5602 2950 5656 etiam
2975 5617 3003 5654 a
3021 5600 3172 5654 Filio
3197 5601 3371 5671 Spiri-
3442 5655 3450 5662 _

1803 5684 1915 5727 tum
1938 5681 2184 5724 sanctum
2222 5671 2368 5724 oriri.

1872 5741 2072 5796 ’l‘crtio.
2118 5741 2302 5806 Quoad
2333 5739 2546 5799 tertium
2582 5751 2822 5806 textum.
2880 5743 2982 5799 vid.
3014 5740 3105 5800 lib.
3148 5756 3208 5809 ιι,
3246 5757 3364 5810 cap.
