3758 6308
147 367 294 426 1095

1085 361 1423 418 EPISTOLA
1463 361 1556 414 AD
1594 360 2001 418 ARCHINTUM
2039 360 2460 418 PRIESULEM.

3270 359 3406 413 1026

143 489 219 541 τό
247 503 348 556 με.
388 484 440 536 id
472 491 562 556 est
589 497 605 534 τ
637 481 809 556 iNam
837 482 1046 556 Aquila
1074 499 1213 538 unus
1243 499 1317 556 ex,
1341 483 1729 556 interpretibus
1757 490 1802 546 Α
1831 499 1952 539 esse
1986 483 2146 556 trium
2173 484 2478 556 divinarum
2508 483 2877 556 bypostastum
2909 477 3227 556 Personam.
3261 483 3405 556 Mon-

147 551 330 611 locum
362 556 508 608 hunc
533 554 846 622 Scripturte,
879 556 969 620 qui
1005 551 1263 607 Hebraice
1309 554 1490 610 habet.
1519 554 1729 606 Adonai

144 627 345 680 cationi
395 624 526 693 (ego
567 624 686 691 lego
734 624 984 692 cauam),
1017 625 1288 677 transtulit
1335 624 1452 677 sie:
1485 621 1734 677 Dominus

145 697 381 766 possedit
421 710 520 746 me.
546 713 564 744 ι

227 765 562 819 Undecimus
613 771 698 815 est
732 761 1080 834 Porphyrius
1111 765 1166 834 (ὁ
1197 763 1470 834 ἐπάρατος
1519 763 1735 834 Πορφύέ

150 851 269 908 pio;
288 835 307 904 )
338 835 501 908 cujus
531 848 697 908 unum
723 833 913 908 locum
943 832 1200 908 rel'ert‘in
1236 832 1370 908 cap._
1394 832 1731 908 27_secum_ti

148 901 299 967 iibri,
354 901 446 969 qui
499 904 578 954 sic
631 902 814 969 incipit
849 918 861 953 :
891 903 1052 970 Ἄχρι
1089 903 1199 970 γὰρ
1243 901 1420 969 τριῶν
1463 901 1734 956 ὑποστά-

145 992 313 1028 σεων
326 974 445 1041 ἔφη
465 970 714 1025 Πλάτων
732 971 846 1038 τὴν
868 973 972 1026 τοῦ
989 974 1150 1026 θείου
1163 971 1474 1040 προελθεῖν
1494 973 1732 1029 οὐσίαν.

149 1045 206 1098 Id
237 1055 323 1097 est
356 1060 370 1094 :
407 1063 424 1093 ι
453 1043 587 1095 Nam
626 1058 792 1108 usque
838 1043 902 1092 ad
933 1052 1040 1096 tres
1071 1045 1387 1112 bypostases
1404 1043 1538 1096 dixit
1585 1043 1736 1096 Plato

147 1114 474 1168 divinitatis
511 1123 752 1164 naturam
796 1115 1064 1180 progredi.
1097 1131 1116 1163 ι

225 1184 595 1238 Duodecimus
621 1193 703 1234 est
758 1180 815 1234 S.
849 1181 1103 1245 Basilius,
1137 1181 1291 1250 cujus
1329 1191 1514 1236 noster
1549 1181 1729 1236 Theo-

146 1252 310 1323 logus
343 1255 511 1306 verba
549 1266 652 1304 non
703 1251 887 1312 refert,
917 1252 1010 1304 sed
1052 1254 1131 1307 eis
1184 1255 1552 1306 tantummodo
1603 1252 1738 1306 allu-

147 1324 234 1378 dit
277 1324 542 1383 breviter,
603 1323 922 1387 exponendo
973 1323 1322 1389 sequentibus
1366 1323 1544 1375 verbis
1570 1323 1738 1375 inter-

149 1394 526 1463 pretationem
570 1390 859 1463 quamdam
907 1391 1182 1456 cujusdam
1228 1402 1402 1445 textus
1443 1392 1734 1457 evangelici

150 1459 222 1515 ab
277 1464 388 1516 hoc
436 1461 635 1514 eximio
689 1459 844 1513 l’atre
866 1475 930 1512 ac
979 1463 1173 1529 insigni
1229 1464 1449 1516 doctore
1503 1464 1727 1514 datam:

151 1534 255 1595 Ὠς
285 1549 371 1596 τις
398 1531 510 1582 τῶν
549 1533 626 1601 ὲνη
660 1529 833 1597 ἁγίοις
867 1530 1124 1601 ῌατὲρῳν
1145 1532 1335 1599 σοφίας
1358 1531 1543 1600 γέμων
1572 1530 1734 1582 ἀσυλ-

145 1603 426 1670 λογίστως
453 1599 688 1664 ἐδίδαξεν
708 1617 721 1628 ·
743 1597 1027 1664 Βασίλειοξ
1045 1597 1111 1671 ἦν
1137 1597 1304 1672 ὄνομα
1333 1597 1501 1670 αὐτῷ.
1533 1602 1584 1653 Id
1613 1611 1693 1655 cst
1718 1618 1731 1654 :

152 1691 176 1726 ε
198 1675 362 1726 Sicut
392 1673 613 1740 quidam
644 1687 709 1724 ex
747 1671 951 1724 Sanctis
979 1672 1247 1735 l’atribus,
1297 1673 1580 1739 sapientiae
1619 1672 1734 1738 ple-

150 1759 283 1805 nus,
320 1743 446 1796 sine
495 1742 924 1794 ratiocinationis
966 1743 1089 1794 fuco
1126 1743 1305 1794 docuit
1339 1741 1576 1794 :Basilio
1619 1749 1737 1795 erat

147 1814 230 1867 illi
292 1827 565 1866 nomen.»
606 1810 814 1863 Revera
876 1809 1148 1865 invenitur
1196 1811 1416 1879 pra'fata
1476 1812 1736 1878 interpre-

1841 565 1997 608 tanus
2025 555 2192 616 enim,
2228 555 2498 623 inquiunt,
2531 552 2702 607 dixit:
2733 555 2841 618 Ego
2892 569 3008 607 smn
3059 552 3224 623 Pater
3243 567 3295 623 et
3321 553 3407 606 Fi-

1840 624 1942 678 lius
1967 633 2021 677 et
2051 622 2439 678 Paracletits...
2476 643 2494 674 ι
2527 624 2794 686 Secundo,
2825 625 2964 692 quod
2990 624 3186 675 ἐκεῖνοι
3217 622 3407 689 λέγου-

1839 711 2014 758 σιν...,
2044 693 2094 746 id
2124 703 2226 755 est,
2267 712 2286 745 ι
2314 694 2388 748 llli
2416 694 2625 757 dicunt,
2655 694 2961 747 Montanum
2993 693 3204 746 venisse
3233 703 3285 743 et
3309 693 3408 744 Ριι-

1839 765 2048 820 racleti.
2075 764 2124 816 id
2145 774 2250 827 est,
2281 764 2514 833 Spiritus
2545 765 2736 823 sancti.
2769 762 3153 833 perfectionem
3188 762 3408 833 habuis-

1838 848 1918 886 se.
1953 853 1970 884 ι
2011 833 2215 894 Tertio,
2266 831 2407 902 quod
2448 835 2628 887 dicant
2654 834 2951 887 Priscillam
2980 844 3033 887 et
3061 831 3404 884 Maximillam

1840 904 2002 957 fuisse
2052 906 2437 971 propbetissas,
2483 913 2536 957 et
2589 913 2708 970 post
2771 903 3067 956 Salvatoris
3117 903 3403 954 adventum

1840 975 1973 1027 alios
2011 973 2178 1027 fuisse
2219 973 2541 1041 prophetas;
2578 975 2717 1040 quod
2745 973 3048 1042 Theologus
3097 981 3274 1023 noster
3306 986 3402 1042 ne:

1839 1053 1949 1108 gat,
1997 1045 2294 1112 praisertim
2323 1045 2387 1097 de
2441 1044 2813 1112 propbetissis.
2847 1041 3110 1111 Λέγουσιν
3138 1042 3291 1095 ὅτι...
3348 1041 3402 1093 ld

1838 1124 1957 1166 est:
1991 1132 2008 1164 ι
2033 1113 2230 1167 Dicunt
2256 1112 2659 1183 (Montanistze)
2691 1131 2702 1166 :
2738 1115 2841 1168 Vos
2881 1129 2985 1166 non
3016 1112 3258 1173 creditis,
3285 1118 3406 1180 post

1838 1184 2068 1252 primum
2098 1183 2305 1236 Domini
2331 1183 2618 1236 adventum
2651 1198 2771 1237 esse
2801 1184 3106 1252 prophetas.
3130 1200 3148 1232 ι

1908 1253 2146 1319 Quartus
2171 1253 2454 1306 haereticus
2486 1261 2568 1305 est
2606 1253 2884 1314 Basilides,
2911 1253 2978 1306 de
3007 1266 3113 1318 quo
3141 1252 3190 1303 in
3229 1260 3406 1319 capite

1836 1322 1901 1376 M
1962 1321 2192 1375 afﬁrmat
2217 1323 2389 1387 illum,
2448 1333 2644 1389 prmter
2697 1323 3046 1376 deliramenta
3103 1320 3402 1384 Menandri,

1839 1394 2090 1447 docuisse
2147 1393 2307 1446 etiam
2350 1392 2453 1446 565
2500 1394 2668 1446 C(Blos
2723 1393 2970 1447 conditos
3022 1407 3084 1443 ac
3139 1390 3405 1444 stabilitas

1840 1460 2023 1525 fuisse,
2067 1463 2155 1530 qui
2194 1463 2503 1530 angelorum
2543 1478 2734 1516 nomen
2793 1463 3015 1523 habent.
3049 1470 3101 1514 et
3141 1476 3171 1514 e
3214 1460 3406 1529 quibus

1838 1530 2146 1586 Basilidiaui
2188 1547 2350 1585 lllltllli
2405 1542 2591 1585 sancto
2640 1533 2856 1585 nomine
2897 1532 3136 1585 Arbasax
3185 1539 3402 1584 vocant.

1842 1599 1898 1654 Si
1934 1615 2108 1654 autem
2144 1612 2584 1669 computarentur
2607 1602 2811 1654 muneri
2859 1602 3168 1654 Grtecarum
3198 1600 3403 1653 littera-

1846 1687 1960 1723 rum
1993 1673 2190 1739 quibus
2239 1672 2362 1723 illud
2406 1687 2596 1726 nomen
2648 1672 3012 1738 componitur,
3047 1671 3400 1729 inveniretur,

1845 1741 1973 1794 illud
2027 1743 2271 1809 apprime
2310 1741 2617 1808 significare
2671 1741 2794 1806 565,
2847 1749 2899 1794 et
2930 1741 3050 1794 licet
3094 1740 3290 1809 smpins
3340 1753 3406 1792 ac

1840 1808 2176 1864 communius
2206 1811 2448 1864 Abraxas
2479 1811 2706 1876 dicatur,
2735 1821 2912 1864 tamen
2945 1826 2974 1863 a
3017 1819 3200 1864 nostro
3230 1808 3406 1862 Theo-

148 1857 1431 1951 aituiuipauit'asiis.'istaista“.3935“.
1461 1857 1732 1934 sti-21am
1770 1857 1811 1914 Β
1843 1857 2528 1951 ῖᾶέὸᾝῖὸὶὶὲίιῖἑρἕῶἷῐυῖζ

149 1952 295 2006 tomi
377 1953 496 2018 ejus
551 1948 824 2019 Operam,
879 1951 1032 2017 juxta
1095 1948 1480 2005 monachorum
1549 1951 1732 2005 Sancti

149 2022 340 2078 Mauri
383 2021 700 2074 editionem.

223 2092 526 2152 Caeterum,
565 2091 608 2143 si
644 2089 731 2143 bic
761 2093 965 2144 relerre
1003 2089 1341 2159 susciperem
1385 2105 1574 2145 omnes
1611 2104 1735 2143 ver-

146 2179 249 2218 sus
278 2177 348 2215 ex
379 2161 615 2229 antiquis
671 2159 842 2227 poetis
875 2161 1183 2228 desumptos
1221 2161 1422 2229 absque
1457 2171 1733 2214 auctorum

147 2232 516 2293 indicatione,
553 2231 646 2282 sed
681 2229 1014 2282 solummodo
1048 2229 1112 2284 iis
1145 2233 1455 2285 memoratis
1501 2232 1599 2284 sub
1635 2232 1736 2283 ista

149 2301 439 2358 communi
485 2300 944 2364 denominatione,
996 2301 1045 2350 oi
1105 2299 1230 2363 ἔξω,
1255 2301 1305 2352 id
1347 2313 1462 2354 est:
1501 2318 1519 2349 ι
1547 2301 1740 2352 Extra-

150 2374 272 2435 nei.
309 2390 328 2422 ι
359 2373 475 2424 sive
503 2387 523 2420 ι
549 2368 773 2437 l’agani,
797 2385 816 2419 ι
858 2383 1129 2436 nunquam
1188 2372 1327 2423 banc
1362 2371 1638 2438 epistolam
1673 2371 1740 2422 ad

150 2446 327 2496 linem
368 2441 742 2509 perducerem,
772 2439 894 2506 quia
931 2439 1193 2506 ejusmodi
1232 2439 1516 2492 citationes
1553 2455 1742 2491 nume-

149 2529 282 2568 rum
311 2509 535 2580 triginta
571 2518 774 2573 septem
804 2519 1080 2576 superant,
1114 2524 1177 2562 ac
1207 2509 1502 2580 pleneque“
1523 2509 1745 2580 minime

152 2586 363 2636 breves
397 2578 563 2633 sunt.
621 2580 856 2643 Quarum
889 2580 1008 2632 alia:
1055 2593 1118 2632 ex
1178 2580 1412 2632 oraculis
1473 2578 1744 2648 Sibyllicis

149 2662 294 2706 sum
353 2653 714 2717 depromptae,
747 2657 803 2702 et
853 2647 974 2701 ideo
1033 2662 1378 2716 reperiuntur
1427 2649 1477 2702 in
1509 2647 1747 2702 editione

150 2721 447 2792 OpSOpoa,
475 2719 593 2770 alia:
625 2732 749 2771 vero
782 2733 848 2772 ex
892 2717 1256 2792 aliispoetis.
1302 2717 1544 2787 Longum
1603 2727 1747 2771 esset

149 2787 220 2846 ac
255 2787 603 2845 fastidiosum
643 2803 788 2842 nunc
833 2788 996 2842 etiam
1034 2787 1246 2842 illorum
1284 2792 1498 2842 nomina
1541 2799 1744 2842 tantum

148 2876 460 2932 exponere.
1161 2888 1165 2892 -

247 2971 511 3029 Ilwretici
539 2987 570 3024 a
600 2979 776 3024 nostra
814 2967 1362 3050 TIwolagoyonfutati
1393 2979 1481 3022 aut
1505 2967 1688 3023 saltem

814 3053 1108 3093 memorati.

229 3139 280 3192 Α
321 3132 588 3216 principio
635 3131 748 3212 jam
795 3128 998 3185 Vestrae
1045 3130 1390 3216 Excellentize
1451 3113 1587 3210 dixi,
1641 3141 1751 3216 prr-

1913 1948 2140 2016 Quintus
2164 1959 2247 2004 est
2273 1949 2649 2020 Carpoerates,
2675 1950 2788 2018 qui,
2810 1961 2868 2004 ut
2902 1959 3065 2020 patet,
3103 1948 3255 2005 exiis
3287 1961 3406 2015 quae

1844 2023 1896 2075 in
1938 2019 2164 2088 przefato
2212 2021 2328 2075 loco
2376 2019 2707 2085 referuntur,
2734 2019 2948 2075 easdem
2985 2021 3222 2074 insanias
3247 2029 3407 2088 atque

1845 2087 2073 2158 ineptias
2130 2092 2307 2155 docet,
2355 2089 2552 2158 quibus
2601 2092 2754 2142 istam
2806 2090 3078 2158 adjuugit;
3142 2087 3306 2159 quod,
3360 2088 3403 2140 si

1844 2163 1965 2231 quis
1997 2159 2378 2231 coinquinatus
2413 2161 2646 2228 peccatis
2678 2161 3003 2214 voluntatem
3031 2163 3266 2214 omnium
3295 2159 3405 2211 da:-

1849 2229 2065 2284 nionum
2114 2247 2218 2283 non
2256 2229 2492 2298 impleat,
2529 2232 2668 2283 ultra
2726 2232 3058 2299 principatus
3090 2240 3142 2283 et
3180 2238 3408 2297 potesta-

1845 2310 1928 2355 tes
1976 2299 2205 2354 transire
2242 2315 2346 2353 non
2398 2309 2595 2370 potest,
2634 2315 2731 2354 nec
2767 2303 2833 2353 ad
2867 2315 3177 2370 supremum
3210 2299 3404 2353 ccelum

1849 2371 2144 2441 pervenire.

1917 2438 2112 2493 Sextus
2158 2447 2241 2492 est
2269 2436 2599 2503 Valentinus,
2633 2439 2700 2492 de
2740 2454 2846 2508 quo
2874 2448 3104 2493 testatur
3148 2439 3407 2504 insupra-

1851 2509 1994 2563 dicto
2031 2510 2166 2571 loco,
2202 2511 2343 2578 quod
2396 2510 2648 2561 admissis
2680 2509 2975 2563 lueresibus
3011 2512 3234 2560 duorum
3264 2509 3407 2575 prio-

1854 2595 1971 2634 rum
2021 2580 2394 2632 luereticorum
2427 2579 2558 2631 duas
2585 2594 2748 2632 novas
2785 2580 3089 2632 admiscuit.
3115 2578 3218 2630 Per
3245 2593 3405 2630 unam

1852 2648 2124 2703 contendit
2164 2663 2356 2714 corpus
2388 2664 2415 2699 a
2449 2648 2664 2702 Christo
2703 2651 2767 2702 de
2798 2649 2932 2703 caalo
2958 2657 3224 2715 sumptum
3253 2662 3402 2710 esse;

1853 2720 2019 2773 altera
2052 2732 2198 2788 vero,
2227 2733 2344 2785 quae
2396 2717 2547 2784 longa
2607 2718 2780 2772 fabula
2811 2728 2915 2782 est,
2947 2720 3184 2788 magisnc
3246 2717 3404 2788 impia

1855 2804 1919 2841 an
1954 2787 2208 2842 insulsior
2231 2791 2298 2840 sit
2350 2788 2489 2839 baud
2514 2788 2668 2840 facile
2691 2790 2887 2850 dicam,
2912 2789 2962 2842 in
2995 2787 3093 2842 b0c
3121 2787 3402 2840 consistit:

1854 2857 2074 2927 Bytbos,
2105 2859 2246 2927 quod
2294 2856 2718 2927 Profunditaitem
2759 2859 3042 2927 signiﬁcat,
3089 2856 3270 2927 Sigeo,
3313 2871 3405 2910 seu

1857 2926 2160 2993 Silentium,
2186 2937 2425 2996 generat,
2449 2937 2500 2979 et
2530 2944 2559 2980 a
2593 2926 3043 2997 Silentio’Jupiter
3096 2926 3404 2981 Graacorum

1856 2998 1970 3052 sive
2012 3011 2338 3064 paganorum
2367 2998 2633 3065 quoddam
2665 2998 2888 3052 Verbum
2935 2998 3221 3051 fabricavit
3247 3007 3302 3050 et
3330 2997 3406 3048 fe—

1857 3070 1950 3122 cit.
1983 3066 2049 3120 Et
2095 3069 2220 3136 quia
2267 3067 2513 3120 libristus
2546 3067 2596 3120 in
2637 3068 2908 3122 tricesimo
2936 3082 3046 3121 sua:
3071 3068 3245 3120 artatis
3268 3082 3408 3120 anno

1859 3137 2160 3205 baptizatus
2219 3136 2338 3202 fuit,
2373 3139 2698 3206 excogitavit
2735 3141 2894 3191 etiam
2963 3137 3269 3192 Valentinus
3317 3138 3411 3190 tri-

155 3201 337 3277 mum?
368 3207 586 3277 imoque
610 3201 848 3277 unicum
900 3215 1122 3277 scapum
1149 3201 1321 3277 totius
1345 3203 1544 3277 __operis
1575 3203 1746 3277 nostri,
1772 3213 1814 3272 α
1847 3201 1995 3277 ginta
2024 3207 2250 3272 .‘Eonas,
2282 3209 2332 3277 id
2368 3217 2450 3261 est
2505 3201 2535 3258 ῖ
2549 3205 2776 3273 S.ecu|a,
2819 3227 2837 3259 ι
2877 3223 2996 3276 qua:
3019 3208 3148 3262 deos
3177 3207 3406 3267 vocavit,

156 3276 429 3346 Tbeologi
466 3267 530 3326 ad
572 3274 622 3326 id
656 3272 900 3346 tendere.
933 3267 1378 3346 ut'refellatArii
1401 3267 1595 3346 ‘atque
1632 3272 1744 3346 Mag

157 3341 676 3405 cedonii'bmreses.
706 3345 966 3412 Attamen
995 3351 1195 3394 tractat
1240 3345 1306 3393 de
1333 3341 1602 3395 btet-elicis
1653 3345 1743 3412 qui

159 3421 586 3473 antecesserunt
638 3416 745 3467 duo
770 3410 1107 3480 supradictos
1135 3421 1408 3476 auctores,
1452 3423 1532 3474 et,
1574 3410 1745 3480 quan-

159 3501 282 3544 tum
337 3500 428 3540 res
485 3485 553 3538 de
611 3497 715 3552 qua
763 3487 876 3550 agit
945 3481 1075 3534 illud
1125 3481 1406 3550 permittit,
1443 3496 1538 3536 eos
1570 3481 1747 3538 obiter

157 3559 432 3616 eonfutat.

235 3628 458 3681 Illorum
510 3622 719 3693 primus
771 3629 933 3693 atque
977 3619 1390 3693 antiquissimus
1427 3620 1732 3693 estSimon

160 3701 382 3768 uagus.
414 3697 491 3749 De
513 3690 606 3768 'eo
652 3693 889 3768 loquitur
920 3692 971 3743 in
1009 3704 1141 3768 cap.
1306 3692 1444 3768 tertii
1485 3691 1628 3768 libri,
1660 3707 1746 3745 re-

161 3760 396 3826 feréndo
427 3765 690 3832 pessituas
710 3763 828 3830 ejus
851 3760 1160 3832 doctrinas;
1186 3761 1313 3832 illas
1343 3764 1486 3832 enim
1517 3763 1740 3832 referre,

161 3852 250 3897 est
276 3852 374 3893 eas
400 3828 559 3889 simul
590 3828 892 3886 confutare.
920 3828 1087 3882 Τοῦτο
1114 3829 1292 3881 τοίνυν
1321 3830 1381 3882 τὸ
1419 3829 1659 3899 δόγμα...
1687 3830 1742 3885 ld

163 3923 295 3966 est:
333 3925 352 3958 ι
380 3905 494 3959 Hoc
527 3918 656 3971 ergo
682 3904 874 3970 dogma
923 3904 1192 3971 emanatjo
1221 3904 1464 3971 quaedam
1487 3910 1568 3971 est
1601 3900 1743 3953 lutu-

165 3984 331 4037 lenta:
352 3969 639 4038 doctrina},
671 3969 790 4040 qua:
815 3971 1008 4039 prodiit
1032 3985 1098 4023 ex
1127 3969 1348 4024 Simone
1376 3969 1530 4038 Mago
1553 3970 1743 4023 Sama-

166 4056 376 4107 ritano,
400 4045 490 4115 qui
521 4059 620 4097 nec
661 4047 916 4115 mundum
944 4054 1074 4115 esse.
1098 4040 1301 4094 factum
1342 4056 1371 4092 a
1405 4041 1532 4102 Deo,
1557 4042 1742 4115 sedati

162 4108 552 4190 angelisfnec
585 4112 1031 4165 resurrectionem
1052 4108 1285 4190 futuram
1309 4125 1457 4190 esse;
1493 4120 1548 4190 et
1581 4111 1742 4190 indif-

168 4180 436 4247 l'er‘eiitem
472 4184 668 4238 debere
689 4195 807 4235 esse
833 4195 954 4233 cum
996 4180 1245 4233 oumibus
1294 4181 1610 4234 mulieribus
1637 4181 1740 4232 mi-

166 4265 432 4322 stionem,
467 4255 672 4316 docuit,
697 4262 866 4322 atque
912 4264 977 4303 eo
1022 4250 1219 4304 furoris
1250 4251 1416 4322 venit,
1451 4261 1508 4303 ut
1541 4251 1738 4304 Cbristi

166 4342 348 4388 nostri
385 4320 438 4380 et.
472 4323 653 4392 magni
693 4320 786 4392 Dei
829 4335 1022 4392 nomen
1051 4321 1410 4392 usurpaverit.
1436 4339 1455 4371 i

244 4399 535 4456 Secundus
565 4389 667 4447 ἐει
716 4389 1026 4453 Menander,
1055 4391 1145 4456 qui
1204 4390 1364 4444 simul
1412 4405 1531 4444 cum
1562 4389 1742 4444 Satur-

166 4473 303 4527 nino
341 4473 396 4522 iu
428 4466 687 4536 praedicto
715 4463 835 4536 loco
871 4471 1218 4536 inemoratur,
1269 4459 1521 4536 Testatur
1555 4472 1741 4536 noster

169 4530 506 4624 τιιεοιριιιὲδν
525 4533 897 4624 ιξιξξυξι,εε,.[ίςξτξ
925 4531 1156 4624 iratis"
1172 4531 1251 4624 -93
1276 4530 1595 4624 ‘lflllffi’;‘lfi'_"
1616 4533 1738 4624 1'35-
1773 4571 1813 4624 υ

170 4601 481 4668 senserint,
529 4603 892 4658 concordasse
942 4609 1118 4652 tamen
1171 4601 1237 4670 de
1295 4603 1575 4653 mulierum
1616 4616 1738 4670 pro-

171 4683 388 4735 miscuo
421 4692 546 4737 usu,
581 4685 741 4742 atque
770 4674 836 4726 de
889 4671 1161 4724 creatione
1201 4668 1344 4742 facta
1393 4673 1461 4723 ab
1513 4668 1740 4742 angelis,

170 4763 349 4819 coque
409 4739 720 4819 pervenis—se
749 4743 1040 4819 audaciae,
1073 4749 1130 4791 ut
1184 4739 1522 4804 allirmarint,
1549 4741 1744 4819 Filium

169 4811 426 4890 equidem
475 4817 572 4890 Dei
593 4827 713 4867 esse
746 4811 971 4890 justum,
1003 4811 1224 4890 Patrem.
1253 4823 1388 4890 vero
1447 4823 1571 4864 esse
1607 4812 1750 4880 inju-

175 4880 350 4950 st'um,
391 4887 685 4952 mundique
707 4883 966 4938 creationi
997 4888 1051 4934 et
1079 4880 1426 4948 pr0videntia:
1447 4894 1567 4934 esse
1594 4897 1749 4950 pror-

170 4977 264 5017 sus
287 4960 550 5012 alienum.

240 5029 464 5084 Tertius
503 5033 587 5079 est
622 5021 908 5077 Montanus
956 5033 1078 5072 cum
1135 5018 1250 5071 suis
1300 5019 1639 5087 sequacibus.
1672 5018 1748 5074 De

172 5103 264 5157 illo
297 5101 481 5168 agitur
527 5096 580 5147 in
621 5095 795 5160 capite
851 5091 949 5168 18__
979 5089 1138 5168 tertii.
1183 5091 1324 5152 libri,
1369 5093 1748 5168 asseriturque

174 5160 486 5227 divinarum
520 5176 878 5233 personarum
899 5160 1303 5233 disiunctionem
1331 5161 1398 5233 ab
1429 5165 1533 5212 boc
1573 5161 1746 5214 haere-

175 5244 284 5296 tico
318 5227 788 5308 negatas-nluisse.
839 5228 979 5282 Ἀλλ’
1007 5227 1148 5280 ὥστε
1183 5229 1277 5308 καὶἶ
1303 5230 1432 5291 τοὺς
1457 5233 1738 5308 παχεζςηη

172 5313 228 5368 Id
253 5319 343 5366 est
375 5301 416 5362 ς’
449 5325 468 5356 ι
491 5306 597 5359 Sed
625 5305 788 5357 etiam
812 5311 870 5354 ut
909 5301 1278 5354 utenteerassi
1303 5314 1365 5352 ac
1398 5305 1556 5354 rudes
1597 5301 1742 5353 Mon-

172 5384 385 5436 tanista:
408 5378 615 5449 pudore
649 5374 972 5449 alliciantur,
1005 5370 1092 5439 qui
1122 5380 1314 5449 putant
1339 5372 1592 5449 eumdem
1620 5384 1740 5424 esse

171 5454 311 5507 Filio
332 5439 551 5503 Paireut
580 5455 636 5497 et
683 5443 1049 5496 Paracletum.
1076 5457 1095 5490 ι
1130 5441 1282 5504 Quod
1312 5441 1472 5494 etiam
1509 5439 1742 5494 aﬂirmat

174 5526 226 5578 in
266 5523 340 5576 58
397 5533 520 5585 cap.
578 5515 821 5584 ejusdem
870 5512 1031 5585 libri,
1086 5515 1177 5564 ubt
1245 5510 1408 5564 rel'ert
1467 5525 1531 5585 ac
1565 5511 1744 5585 simul

173 5593 417 5649 coufutat
463 5580 690 5642 istorum
742 5583 1123 5636 haereticorum
1196 5594 1436 5649 errores.
1497 5580 1577 5632 Ad
1638 5582 1744 5634 tria

171 5674 372 5733 genera
410 5657 532 5714 illos
555 5653 766 5733 reoueit
791 5654 973 5733 iuliae
1002 5650 1195 5733 capite.
1231 5648 1433 5733 Pritiio,
1461 5652 1602 5733 quod
1627 5651 1744 5703 uni-

172 5721 231 5786 Ea
261 5735 337 5787 sit
369 5723 918 5800 persona,_sicut_ille
948 5722 1208 5800 loquitur,
1245 5723 1408 5800 trium
1441 5721 1743 5800 divinarum

174 5785 571 5875 bypostaseon:
594 5795 690 5850 Ἐν
718 5785 1271 5865 πρόσωπονέῐναι....
1295 5790 1348 5847 ld
1374 5801 1491 5847 est:
1524 5809 1542 5842 ι
1575 5790 1743 5846 Unam

1847 3276 2208 3348 quorumque
2247 3276 2466 3331 ultimus
2517 3277 2950 3345 bermapbrodita
3006 3285 3264 3348 erat;iet
3323 3279 3410 3330 bie

1847 3357 1963 3399 erat
1991 3347 2283 3416 Sapientia.
2322 3362 2441 3415 qua:
2473 3363 2592 3399 cum
2640 3351 2870 3415 primum
2903 3348 3067 3400 Deum
3108 3347 3288 3416 videre
3316 3363 3410 3398 vo-

1849 3416 2050 3481 luisset,
2069 3415 2248 3471 nimio
2277 3418 2414 3471 illius
2442 3418 2642 3486 fulgore
2671 3419 2997 3485 perstrictae
3023 3415 3159 3472 etelo
3189 3417 3406 3479 cecidit,

1846 3487 1970 3541 imle
2001 3503 2030 3555 e
2063 3487 2338 3540 tricesimo
2381 3502 2607 3540 numero
2635 3487 2851 3555 expulsa
2879 3497 2980 3549 est,
3011 3496 3065 3540 et
3084 3486 3405 3554 plangendo,

1846 3557 1962 3610 suis
1991 3554 2206 3610 ﬂetibus
2237 3557 2417 3625 genuit
2444 3554 2743 3611 Diabolum.
2780 3557 2934 3610 Deest
2993 3559 3255 3624 reliquum
3309 3557 3409 3608 bu-

1839 3625 1928 3692 jus
1960 3625 2148 3680 fabulae
2186 3639 2215 3678 a
2255 3635 2443 3678 sancto
2491 3625 2692 3677 lremeo
2733 3625 2912 3678 relata:
2944 3636 2995 3678 et
3031 3627 3099 3679 ab
3128 3626 3244 3679 aliis
3269 3627 3407 3678 scri-

1845 3695 2095 3763 ptoribus
2156 3695 2245 3764 qui
2279 3697 2344 3748 de
2374 3695 2666 3749 haeresibus
2691 3695 3038 3762 scripserunt,
3062 3695 3184 3763 quia
3210 3694 3410 3764 codicis

1845 3767 2086 3833 quaedam
2116 3763 2293 3833 partes
2320 3767 2612 3832 perierunt.
2637 3764 2837 3833 Postea
2870 3765 2918 3818 in
2954 3768 3190 3818 secundo
3237 3763 3400 3827 libro,

1845 3832 2129 3904 capiter6,
2188 3849 2399 3903 paragr.
2449 3835 2532 3899 l9,
2570 3832 2799 3887 afﬁrmat
2853 3844 3035 3888 noster
3085 3833 3404 3903 Tlieologus,

1850 3903 2180 3958 Valentinum
2212 3904 2457 3957 docuisse
2491 3919 2700 3972 quoque
2731 3904 2986 3972 Spiritum
3025 3915 3266 3958 sanctum
3291 3920 3411 3958 esse

1847 3973 2054 4044 angelis
2079 3987 2338 4028 coazvutn.
2368 3973 2474 4044 T96
2495 3973 2598 4040 ἔξω
2628 3973 2918 4044 βλητοῦ...,
2943 3975 2994 4027 id
3022 3985 3105 4029 est
3138 3992 3156 4025 ί
3181 3974 3409 4028 Excom-

1844 4042 2098 4099 inu'uicati
2125 4056 2178 4098 et
2211 4045 2363 4109 ejeeti
2396 4042 2680 4107 Valentini,
2714 4042 2806 4112 qui
2867 4045 3316 4110 manicbaaizavit,
3355 4055 3410 4097 et

1843 4125 2039 4185 pratter
2062 4115 2165 4185 alia
2202 4114 2430 4185 absurda
2482 4114 2782 4167 fabularum
2827 4125 3163 4178 commenta,
3213 4114 3412 4170 furiose

1844 4184 1978 4239 dixit
2005 4184 2263 4253 Spiritum
2295 4184 2530 4254 divinum
2563 4200 2798 4239 coazvum
2841 4185 3066 4254 angelis,
3086 4198 3191 4239 etc.
3217 4204 3234 4236 ι

1914 4252 2188 4323 Septimus
2265 4264 2348 4307 est
2411 4252 2593 4308 Manes
2673 4270 2792 4308 cum
2873 4252 2984 4309 suis
3055 4255 3405 4323 sequacibus.

1842 4325 1920 4378 De
1937 4325 2040 4379 boc
2067 4333 2262 4378 tractat
2288 4324 2340 4376 in
2367 4325 2542 4391 capite
2576 4323 2641 4377 18
2672 4325 2812 4393 tertii
2845 4325 3002 4387 libri,
3034 4326 3187 4393 eique
3215 4339 3411 4392 expro-

1840 4395 1982 4457 brat,
2013 4396 2153 4464 quod
2178 4403 2331 4466 vocet
2361 4394 2572 4466 Patren]
2598 4392 3055 4466 dzdvilpwrzov,itl
3081 4392 3181 4466 est,
3218 4414 3235 4445 ι
3259 4397 3410 4466 Inbue

1845 4463 2058 4518 manum
2085 4483 2102 4514 ι
2146 4479 2208 4518 ac
2231 4463 2686 4536 divinntnlt‘ilium
2728 4463 2896 4536 solum
2930 4463 3326 4536 φιλάνθρωπον,
3359 4465 3412 4518 id

1842 4547 1924 4589 est
1945 4552 1963 4585 ι
1987 4537 2298 4604 humanum,
2324 4551 2342 4584 ι
2368 4533 2527 4604 47],
2559 4549 2650 4588 seu
2677 4535 2958 4604 benignum
2993 4533 3410 4604 erga'liomines.

1845 4606 1948 4658 Σὺν
1995 4605 2176 4666 αὐτοῖς
2199 4672 2204 4673 ί
2226 4603 2280 4656 δέ
2310 4643 2322 4656 .
2351 4643 2364 4656 .
2392 4603 2410 4655 Ι
2440 4617 2489 4656 tu
2517 4614 2635 4659 est;
2668 4622 2686 4654 ι
2713 4603 2883 4657 Simul
2931 4619 3053 4656 cum
3096 4605 3224 4672 ipsis
3250 4623 3270 4654 ι
3324 4603 3413 4673 (id

1844 4685 1950 4739 est,
1999 4691 2119 4728 cum
2166 4672 2552 4741 Montanistis),
2587 4675 2747 4728 etiam
2782 4673 3103 4726 Mauiclueus
3137 4673 3417 4726 confundi-

1847 4755 1957 4809 tur,
1988 4745 2076 4814 qui
2102 4760 2205 4796 non
2231 4743 2466 4796 admittit
2500 4743 2660 4798 Vetus
2687 4743 3112 4814 Testamentum,
3138 4743 3229 4814 sed
3262 4753 3417 4795 vocat

1851 4811 2063 4869 Patren)
2107 4814 2322 4882 quidem
2370 4815 2736 4875 inhumanum,
2779 4813 2974 4881 quippe
3015 4815 3103 4882 qui
3148 4811 3414 4866 Adannun

1853 4885 2008 4950 cjecit
2035 4899 2101 4936 ex
2126 4881 2393 4950 paradiso,
2431 4882 2618 4935 Filium
2649 4897 2774 4936 vero
2810 4882 2981 4934 solum
3015 4901 3031 4930 ι
3054 4881 3366 4944 lnnnamnn,
3391 4901 3413 4930 ›

1857 4955 1908 5008 id
1933 4965 2013 5008 est
2034 4955 2317 5021 benignum
2335 4968 2459 5019 erga
2491 4951 2753 5014 homines,
2772 4951 2964 5020 quippe
2990 4957 3078 5019 qui
3105 4966 3198 5020 per
3220 4963 3419 5004 semet-

1858 5026 2029 5091 ipsum
2085 5035 2245 5084 venit,
2295 5037 2358 5076 ac
2403 5024 2629 5076 salvavit
2687 5038 2848 5075 nos.)
2901 5021 2966 5073 Et
3007 5025 3057 5074 in
3102 5022 3275 5088 capite
3323 5023 3414 5084 “2|,

1853 5092 2160 5147 Manichaais
2213 5093 2395 5146 tribuit
2433 5095 2589 5145 etiam
2630 5105 2869 5145 errorem
2901 5091 3415 5145 Plnmtasiastarnm.

1852 5161 2155 5232 Οἰηθέντων
2177 5163 2358 5233 αὐτῶν
2393 5163 2528 5233 [leg.
2560 5160 2759 5233 αὑτὸν]
2789 5161 3116 5233 ΜεινιχοιίωνΔ
3136 5161 3232 5233 μὲν
3260 5161 3418 5232 σῶμα

1848 5230 2065 5304 δοκήσει
2106 5230 2429 5304 ἐσχηκέναῐ·
2475 5230 2763 5303 upva
2796 5231 2883 5296 δὲ,
2913 5248 2978 5304 -κ.
3025 5249 3076 5304 τ.
3107 5230 3366 5304 it.ld__est
3399 5252 3414 5290 :

1854 5300 2025 5357 «Cum
2060 5300 2246 5371 putent
2281 5304 2452 5370 ipsum
2507 5300 2607 5371 (de
2656 5303 2870 5356 tlbristo
2913 5300 3201 5372 loquitur),
3246 5301 3416 5356 Mani-

1847 5373 1980 5428 cbaei
2028 5374 2264 5440 quidem,
2305 5387 2499 5439 corpus
2532 5383 2852 5441 apparenter
2899 5372 3186 5437 habuisse;
3233 5373 3417 5426 Ariani

1848 5458 1998 5508 vero,
2028 5461 2048 5494 ι
2092 5453 2195 5496 etc.
2245 5444 2350 5497 Sed
2385 5443 2556 5496 fusius
2588 5450 2653 5495 de
2686 5445 2804 5498 istis
2846 5444 3112 5497 haereticis
3142 5452 3334 5496 tractat
3363 5445 3411 5496 iu

1846 5511 1917 5566 42
1972 5512 2150 5581 capite
2207 5511 2326 5567 libri
2413 5513 2727 5580 supradicti.
2787 5513 2859 5567 lbi
2920 5514 3150 5581 atlirmat
3223 5512 3419 5565 multos

1849 5580 2135 5647 exsistere,
2169 5597 2266 5638 suo
2299 5592 2559 5651 tempore,
2587 5584 2815 5652 illosque
2837 5585 3086 5637 omnibus
3116 5580 3329 5651 flagitiis
3356 5596 3420 5635 ac

1851 5654 2098 5706 sordibus
2128 5654 2505 5710 contaminari.
2543 5653 2672 5719 Qua:
2699 5655 2904 5718 omnia,
2946 5653 3026 5705 vel
3057 5652 3413 5720 experientia,

1853 5724 1933 5776 vel
1981 5721 2122 5776 fama
2175 5725 2446 5789 cognovit.
2502 5722 2691 5778 Tradit
2721 5724 2884 5778 etiam
2930 5724 3135 5775 illorum
3185 5732 3420 5792 systeuia

1859 5795 2109 5864 componi
2131 5795 2408 5850 erroribus
2439 5794 2675 5851 Simonis
2702 5793 2862 5860 Magi,
2897 5792 3192 5862 Menandri,
3224 5795 3416 5849 Satur-
