3738 6368
197 433 300 491 1029

1252 427 1451 481 LIBER
1493 426 1578 480 DE
1619 428 1886 484 SPIRITU
1933 426 2217 483 SANCTO.

3218 423 3354 479 1050

191 538 692 620 εειιίιος..-Νειιη41ιιιιιᾳ
720 539 850 593 mibi
871 540 1195 620 persuadere
1218 538 1610 620 possum,_filios
1636 539 1689 592 in
1718 544 1769 600 Α
1865 538 2015 593 Nunc
2058 548 2256 604 autem,
2294 539 2561 620 boc_mibi
2604 538 2775 620 solum
2807 537 3019 620 signum
3053 535 3354 620 addendum

195 609 477 685 Ecquentibus
528 609 763 685 textilius
823 619 1168 685 memoratos,
1206 610 1500 685 appellari“
1532 623 1689 685 posse

192 677 297 741 filios
324 690 503 734 tantum
538 679 830 732 secundum
859 679 1127 746 spiritum,
1176 680 1314 733 sicut
1363 678 1420 730 S.
1462 677 1691 748 Cyrillus

191 748 644 819 llierosolymitanus
671 748 1048 819 loquitur,76t&
1076 749 1452 819 κατηχήσεως.
1483 748 1535 799 In
1578 763 1685 801 uno

193 834 304 879 textu
326 821 417 883 jam
444 816 682 887 allegato,
715 817 906 883 legitur
937 818 989 870 in
1019 834 1136 887 cap.
1166 816 1250 881 7,"
1278 816 1373 872 lib.
1410 833 1468 883 ιι,
1504 832 1688 885 parag.

188 896 242 948 8:
268 889 438 959 Κέρδος
461 884 567 957 γὰρ
601 886 970 956 μέγιστον.....
1018 884 1183 959 idest
1208 904 1227 959 A:
1263 906 1280 938 ι
1306 887 1436 940 Nam
1484 884 1689 940 lucrum

190 957 425 1017 maximum
451 966 501 1009 et
530 966 786 1010 ueternum
825 966 952 1025 puto
988 958 1092 1011 mei
1120 957 1288 1026 ipsius
1309 997 1324 1017 .
1375 965 1430 1009 et
1482 971 1689 1017 eorum,

187 1033 260 1101 qui
286 1045 341 1083 ex
370 1026 572 1101 incerti
600 1036 752 1090 sunt,
789 1041 1084 1095 eorumque
1111 1030 1200 1095 qui
1232 1027 1513 1101 nobiscum
1541 1038 1688 1089 sunt.

184 1096 358 1155 duinem
404 1096 631 1149 laborem
680 1106 918 1159 strenue,
972 1110 1035 1150 ac
1091 1098 1420 1166 periculum,
1469 1097 1512 1149 si
1557 1111 1691 1164 opus

188 1171 333 1229 fuerit,
359 1165 526 1220 subire
587 1180 683 1233 pro
722 1180 787 1218 eo
828 1167 917 1233 qui
971 1180 1067 1219 nos
1096 1165 1329 1220 ’fecit....
1384 1165 1692 1234 Supplicate

185 1237 601 1310 peeuliariterpro
645 1250 750 1310 me,
791 1245 843 1288 et
882 1251 979 1304 pro
1006 1236 1074 1290 iis
1099 1237 1189 1304 qui
1247 1236 1382 1304 (orti
1410 1235 1571 1310 sunt)
1622 1252 1689 1289 ex

184 1305 268 1372 ine,
294 1322 348 1360 ac
371 1320 459 1375 pro
485 1305 551 1358 iis
577 1305 665 1373 qui
699 1319 907 1358 mecum
932 1316 1081 1375 sunt,
1115 1317 1170 1359 et
1195 1320 1293 1374 pro
1326 1305 1690 1360 omnibus.....

185 1390 323 1432 ut.....
351 1391 437 1428 nos
463 1388 583 1428 cum
608 1375 858 1429 omnibus
890 1374 1033 1438 filiis,
1068 1390 1188 1428 cum
1223 1386 1330 1429 tota
1362 1375 1539 1435 domo,
1570 1390 1689 1427 cum

186 1458 272 1501 tota
312 1444 515 1504 familia,
573 1453 627 1497 et
670 1459 789 1496 cum
829 1445 1075 1497 omnibus
1118 1445 1305 1498 amicis
1343 1444 1536 1512 (amici
1567 1460 1693 1499 vero

181 1516 306 1569 nobis
326 1522 438 1568 sunt
471 1513 790 1582 orthodoxi)
820 1529 1121 1568 mereamur
1159 1516 1433 1568 vobiscum
1475 1530 1598 1575 una,
1640 1524 1695 1568 et

180 1600 279 1640 cum
322 1584 554 1638 omnibus
592 1586 794 1636 sanctis
860 1598 976 1637 eam
1031 1583 1264 1645 laudare,
1331 1593 1413 1636 ter
1469 1582 1693 1637 Sanctus

178 1656 397 1715 canendo,
445 1656 493 1705 in
541 1654 707 1710 caelis.
744 1671 762 1703 ι
805 1664 910 1723 etc.
940 1671 953 1705 :
984 1652 1049 1706 Et
1086 1652 1141 1723 in
1175 1668 1293 1723 cap.
1332 1653 1401 1706 27
1455 1652 1693 1723 ejusdem

178 1726 273 1779 libri
302 1740 315 1775 :
343 1723 597 1791 Λίσσομαι
628 1723 764 1793 ὑπὲρ
789 1722 881 1775 τοῦ
908 1722 1213 1792 ἐμαυτοῦ...
1246 1722 1308 1777 id
1347 1732 1429 1777 est
1461 1740 1475 1776 :
1518 1740 1535 1772 ι
1560 1722 1693 1791 Sup-

177 1797 290 1865 plico
312 1807 511 1865 prome
547 1796 681 1865 ipso,
708 1802 761 1865 et
783 1807 881 1860 pro
924 1794 987 1845 iis
1046 1794 1134 1861 qui
1171 1794 1278 1847 nati
1309 1800 1542 1865 suntex
1585 1808 1691 1865 me,

1793 620 2057 675 superest,
2117 624 2221 676 quo
2274 609 2562 673 mediante,
2622 609 2665 661 si
2724 607 2880 671 forte,
2939 608 3079 662 sicut
3136 607 3357 661 credere

1792 677 1938 743 licet,
1978 679 2029 731 in
2063 680 2241 746 aliqua
2276 680 2501 747 Europa:
2547 678 2867 732 bibliotheca
2907 676 3173 747 quoddam
3224 676 3354 747 alte-

1796 764 1912 800 rmn
1942 747 2099 814 hujus
2126 748 2316 816 Operis
2340 745 2617 817 exemplar
2642 745 3206 817 absconderetur,jam
3222 746 3360 817 illud

1794 816 2005 888 facilius
2048 814 2225 881 detegi
2284 828 2374 872 aut
2440 814 2667 871 inveniri
2716 826 2918 888 posset.
2964 815 3098 888 Nam
3153 814 3362 888 primus

1794 886 1929 941 liber
1975 889 2059 940 his
2108 887 2443 942 concluditur
2492 888 2670 942 verbis
2704 883 2729 939 ε’
2763 888 2850 950 Ὠς
2893 888 2962 939 τὰ
2999 886 3108 940 τῶν
3153 883 3363 955 ἀνθρώ-

1794 972 1931 1019 πων,
1960 967 2014 1009 et
2038 957 2106 1011 56
2136 959 2308 1025 capita
2351 957 2531 1017 liabet.
2568 973 2794 1025 quormn
2822 972 2914 1011 sex
2942 957 3113 1024 prima
3150 955 3358 1022 integra

1795 1028 1987 1080 desunt
2043 1027 2095 1081 in
2168 1042 2287 1081 meo
2327 1027 2641 1095 exemplari,
2677 1037 2730 1080 et
2781 1027 3115 1095 sequentium
3166 1038 3358 1095 magna

1795 1111 1919 1164 pars
1966 1111 2135 1162 usque
2176 1099 2239 1149 ad
2280 1094 2523 1165 quintum
2574 1094 2867 1165 decimum.
2909 1094 3186 1165 Secundus
3228 1094 3362 1165 liber

1794 1162 1873 1218 Sic
1906 1166 2131 1234 incipit:
2165 1167 2227 1218 Οἱ
2272 1162 2661 1231 ὁπουδάζοντες
2690 1162 2824 1219 εἶναι
2871 1167 2994 1228 ναὸς
3040 1163 3141 1217 κᾶν
3182 1163 3364 1224 ποσῶς

1794 1234 1961 1299 ἄξιος,
2007 1246 2059 1288 et
2098 1237 2339 1290 continet
2374 1236 2441 1288 27
2484 1238 2677 1303 capita.
2730 1238 2969 1289 'l‘ertium
3026 1236 3103 1287 sic
3155 1235 3361 1302 incipit,

1793 1306 1954 1376 Ψυχὴ
1992 1306 2112 1377 καθῗ
2140 1305 2307 1377 αὐτὴν
2336 1306 2394 1357 ἐν
2430 1305 2508 1374 τῷ
2552 1302 2725 1377 νοητῷ
2767 1304 2979 1375 ἀπαθὴς
3020 1302 3360 1377 ὑπάρχουσα,

1794 1386 1849 1428 et
1879 1375 2187 1429 continebat
2212 1375 2279 1429 42
2306 1377 2481 1442 capita
2500 1375 2862 1441 solummodo,
2890 1377 3035 1443 quia,
3070 1375 3193 1427 licet
3227 1389 3361 1441 qua-

1797 1445 2158 1513 dragesimum
2226 1448 2516 1516 secundum
2575 1446 2943 1516 imperfectum
2998 1445 3177 1516 sitdin
3244 1458 3365 1497 meo

1795 1515 2125 1581 exemplari,
2166 1515 2536 1568 deficientibus
2585 1513 2904 1582 quibusdam
2964 1513 3209 1582 partibus
3264 1518 3366 1565 sub

1797 1582 1924 1646 fine,
1959 1593 2133 1638 tamen
2162 1586 2516 1653 capitulorum
2542 1581 2701 1653 atque
2729 1581 3166 1654 argumentorum
3205 1581 3362 1654 index

1795 1655 1939 1720 quod
1989 1654 2254 1723 reperitur
2334 1655 2387 1708 in
2438 1654 2591 1707 initio
2643 1653 2811 1723 primi
2837 1656 2977 1707 sicut
3031 1664 3085 1706 et
3139 1653 3358 1723 sectmdi

1796 1723 1941 1787 libri,
1990 1721 2322 1777 demonstrat
2368 1740 2475 1778 non
2518 1721 2666 1792 plura
2716 1724 2882 1779 fuisse
2924 1737 3087 1791 quam
3136 1721 3369 1791 quadra-

1797 1792 1942 1860 ginta
1981 1792 2087 1845 duo
2117 1795 2313 1861 capita.

172 1860 219 1920 et
239 1879 321 1932 pro
357 1863 435 1917 'ils
483 1860 588 1932 qui
617 1862 726 1915 nati
760 1871 966 1917 suntet
995 1860 1284 1932 nascentur
1322 1863 1389 1932 ab
1433 1862 1555 1925 illis,
1591 1862 1698 1914 imo
1733 1870 1773 1926 Β
1874 1862 1995 1916 Hzec
2024 1872 2157 1917 sunt
2184 1860 2353 1930 pauca
2392 1877 2511 1930 quze
2543 1862 2657 1925 tibi,
2708 1861 2931 1915 Domine
2974 1860 3065 1921 mi,
3098 1873 3367 1932 exponere

175 1931 311 1989 etiam
333 1948 421 1999 pro
448 1931 717 1996 omnibus,
742 1932 1000 1987 obediens
1038 1931 1305 1986 Salvatori
1333 1931 1575 1992 Christo,
1606 1933 1695 1998 qui

171 2004 323 2073 jussit
349 2017 437 2073 nos
462 2001 885 2073 orareialterum
938 2018 1033 2073 pro
1084 2002 1273 2073 altero.
1301 2020 1319 2053 ι
1372 2002 1611 2073 Qenique
1646 2003 1697 2053 in

170 2071 268 2141 cap.
304 2072 336 2124 2
363 2072 449 2143 lib.
486 2086 545 2124 ιιι
576 2088 603 2143 ς
631 2071 721 2141 Τῷ
754 2071 811 2124 δὲ
852 2072 1061 2143 Θεῷ...
1094 2072 1145 2124 id
1174 2082 1311 2143 est:
1343 2088 1361 2121 ι
1391 2071 1496 2124 Deo
1520 2080 1697 2143 autem
1724 2089 1727 2097 ·

172 2158 330 2197 rursus
365 2141 416 2195 in
441 2141 690 2195 omnibus
732 2141 988 2205 confisus,
1033 2143 1122 2209 qui
1162 2141 1353 2195 ﬂuctus
1390 2141 1699 2207 compescit,

170 2223 214 2266 et
240 2224 529 2280 prosperam
575 2211 968 2280 navigationem
1021 2213 1229 2266 dat.....
1272 2211 1585 2280 progredior
1633 2210 1698 2262 ad

168 2282 433 2350 sequentia.
477 2280 723 2344 credens,
760 2282 940 2349 quod,
983 2282 1294 2350 priusquam
1346 2280 1554 2349 loquar,
1596 2296 1699 2333 una

168 2366 269 2404 cum
290 2351 402 2404 filiis
457 2352 599 2418 quod
629 2352 773 2404 dedit
796 2351 947 2413 mibi,
982 2360 1036 2404 et
1065 2353 1190 2405 filiis
1214 2350 1462 2413 filiorum,
1487 2360 1702 2419 propter

167 2435 277 2489 quos
313 2421 467 2474 etiam
511 2422 755 2475 viventes
795 2421 1124 2487 laboramus,
1175 2436 1238 2474 ac
1274 2429 1532 2489 praeterea
1579 2434 1699 2473 cum

166 2490 398 2560 ominibus,
437 2504 574 2560 quos
610 2490 693 2543 ille
719 2491 885 2553 novit,
918 2493 1144 2560 gratiam
1171 2500 1488 2560 accepturus
1518 2490 1639 2543 sim.
1668 2507 1695 2560 γι

224 2557 466 2614 Tertium
491 2559 705 2630 signum
732 2557 998 2628 colligitur
1025 2575 1055 2614 e
1081 2576 1201 2630 cap.
1230 2560 1299 2614 26
1334 2576 1369 2613 ιι
1416 2559 1559 2624 libri,
1591 2559 1701 2621 ubi,

163 2630 524 2683 sanctissimam
553 2629 561 2630 ⁷⁷
609 2629 927 2683 Trinitatem
1012 2629 1336 2695 obsecrans,
1430 2631 1703 2697 multaque

163 2713 353 2769 rogans,
382 2701 521 2752 inter
544 2697 648 2753 alia
686 2701 823 2754 banc
861 2699 927 2753 ab
961 2714 1024 2753 ea
1068 2700 1304 2768 postulat
1344 2699 1605 2769 gratiam,
1648 2708 1704 2750 ut

163 2768 289 2838 lliilus
315 2770 465 2836 aquis
491 2769 758 2834 abundet;
811 2784 929 2838 qua:
953 2771 1190 2838 precatio
1222 2768 1461 2823 indicare
1496 2770 1706 2838 videtur

160 2837 287 2891 illum
368 2839 606 2907 regionis
658 2838 761 2893 Nili
795 2837 983 2892 vicina:
1068 2839 1238 2894 fuisse
1294 2840 1548 2897 incolam.
1596 2837 1705 2892 Καὶ

162 2907 359 2977 εὐαρχία
418 2909 612 2977 item...
658 2909 709 2962 id
752 2919 832 2963 esr
868 2922 882 2961 :
919 2928 938 2959 ι
964 2909 1031 2963 Ει
1085 2920 1227 2963 recta
1288 2908 1703 2972 administratio,

161 2991 212 3031 ac
249 2978 500 3046 profunda
548 2993 653 3045 pax
704 2994 802 3047 per
847 2988 1011 3032 totam
1045 2988 1239 3031 terram
1294 2994 1358 3032 ac
1411 2994 1560 3031 mare
1602 2979 1706 3031 erit

155 3049 278 3099 omni
335 3050 491 3101 modo
533 3058 588 3101 et
633 3050 884 3103 ratione:
917 3059 971 3102 et
1008 3050 1107 3103 Nili
1152 3050 1347 3103 ﬂuenta
1404 3048 1596 3117 plena;
1652 3059 1706 3102 et

160 3117 363 3189 maxima
393 3128 638 3189 segetum
664 3119 856 3187 copia;
891 3133 1080 3188 magna
1121 3136 1281 3183 vero,
1312 3126 1366 3189 et
1397 3118 1704 3189 omnimoda

1803 1932 1948 1998 potui
2000 1932 2065 1986 de
2098 1933 2333 1986 Auctore
2387 1933 2723 2001 dignissimo,
2773 1947 2857 1985 me
2882 1932 3100 2001 judice,
3138 1930 3226 2001 qui
3256 1943 3283 1979 a
3318 1939 3369 1980 te

1802 2011 2130 2055 nosceretur.
2172 2002 2382 2056 Utinam
2417 1998 2573 2064 alter,
2627 2017 2741 2055 mea
2782 1998 3003 2069 epistola
3037 1998 3365 2057 stimulatus,

1802 2070 2028 2124 alterum
2081 2073 2355 2139 exemplar
2386 2073 2611 2141 detegat
2656 2071 2798 2124 inter
2832 2071 3084 2139 antiquos
3133 2070 3366 2127 codices.

1803 2142 1943 2208 quod
1981 2142 2266 2210 aliquando
2297 2142 2348 2194 in
2382 2140 2555 2195 lucem
2598 2141 2681 2193 edi
2718 2141 2887 2210 possit
2915 2157 2929 2192 :
2957 2155 3069 2208 jam
3100 2154 3203 2191 non
3247 2148 3370 2191 tum:

1802 2210 2163 2265 existimarem
2213 2226 2384 2265 meam
2447 2211 2725 2277 epistolam
2788 2223 3239 2279 supervacaneam
3308 2223 3371 2259 ac

1802 2281 1947 2333 omni
1999 2280 2226 2333 utilitate
2266 2280 2598 2335 destitutam.
2650 2281 2705 2334 Si
2749 2278 2922 2333 tamen
2953 2281 3004 2333 in
3030 2294 3090 2333 ea
3117 2278 3368 2346 quiddam

1803 2350 1945 2403 baud
1975 2349 2343 2415 iniucundum,
2372 2350 2511 2404 sicut
2536 2349 2762 2403 libenter
2793 2350 3013 2403 credere
3052 2364 3194 2407 amo.
3221 2362 3373 2414 repe-

1804 2420 1981 2486 rieris,
2008 2418 2113 2486 jam
2146 2435 2278 2473 mere
2297 2435 2475 2488 operae
2502 2435 2566 2473 ac
2584 2419 2785 2473 laboris
2826 2420 3124 2473 mercedem
3149 2417 3373 2488 adeptus

1804 2503 1944 2543 sum.
1993 2488 2135 2542 Nihil
2173 2486 2492 2543 enim‘mibi
2528 2489 2696 2555 magis
2737 2490 2882 2543 cordi
2918 2498 3025 2553 est,
3062 2503 3221 2556 quam
3276 2486 3374 2537 ali—

1805 2560 1931 2625 quid
1963 2559 2056 2612 tibi
2100 2569 2307 2627 gratum
2373 2558 2571 2612 facere.
2628 2557 2747 2611 Tibi
2790 2570 2967 2612 autem
3003 2558 3247 2627 placeat,
3317 2568 3369 2606 ιιι

1805 2628 1935 2680 mihi
1968 2625 2120 2682 tuam
2144 2630 2466 2683 sententiam
2503 2644 2563 2681 ea
2594 2629 2658 2682 de
2684 2644 2741 2681 re
2781 2625 3047 2682 remittas.
3081 2625 3213 2680 Cum
3268 2640 3375 2678 ma-

1805 2697 1885 2768 gis
1924 2713 1984 2751 ac
2029 2699 2197 2768 magis
2229 2699 2307 2768 in
2340 2699 2454 2768 dies
2488 2710 2697 2752 crescat
2730 2699 2928 2767 optima
2963 2699 3143 2765 opinio
3174 2695 3238 2749 ile
3272 2697 3374 2747 tuis

1805 2767 2018 2821 eximiis
2057 2767 2342 2821 virtutibus
2367 2767 2681 2833 jamdudttm
2734 2784 2763 2821 a
2807 2784 2891 2820 me
2935 2775 3218 2835 concepta,
3264 2776 3373 2815 tom

1807 2838 1968 2891 corde
2004 2837 2095 2890 tibi
2139 2838 2317 2892 omnia
2355 2838 2529 2892 fausta
2576 2852 2767 2904 precor
2811 2839 3167 2903 omnibusque
3220 2834 3375 2887 diﬂn-

1805 2907 1965 2961 sioris
2009 2908 2251 2979 obsequii
2298 2909 2614 2979 testimoniis
2667 2909 2881 2962 omissis
2932 2906 3035 2979 (ea,
3071 2907 3213 2959 enim
3272 2922 3373 2956 non

1807 2986 2121 3047 acceptares
2152 2993 2180 3030 a
2213 2977 2412 3047 famulo
2442 2978 2535 3032 tibi
2572 2979 2919 3031 devotissiin
2944 2977 3149 3047 tuique
3192 2991 3375 3027 aman-

1810 3046 2073 3115 tissimo),
2116 3055 2167 3101 te
2221 3046 2456 3101 maxima
2516 3050 2816 3101 reverentia
2860 3046 3079 3110 colens,
3136 3059 3224 3102 m3
3276 3056 3376 3099 trzc

1810 3115 2430 3193 benignissimtgﬂgqatiae
2458 3119 2933 3193 l_|l_:t2_00lllfllentl0.

157 3184 535 3258 ambitiosormn
584 3184 839 3257 penuria;
888 3184 1007 3243 nec'
1035 3191 1135 3243 iam
1182 3188 1410 3258 amplius
1459 3188 1594 3243 alter
1637 3188 1707 3242 ob
1888 3184 2146 3251 Vénetiis,
2175 3186 2244 3240 '50
2281 3184 2425 3240 Junii
2457 3186 2611 3239 1765.

160 3257 357 3311 alterum
386 3259 591 3324 lugeat.
633 3276 652 3309 ι

166 3360 348 3371 ‘-

165 3374 339 3388 -ξ-ῄ..

313 3472 412 3535 ΙΝ
446 3473 1003 3550 SEQUENTEM
1034 3475 1368 3536 LIBRUM
1403 3475 1727 3535 DIDYMI
1764 3475 1883 3535 DE
1924 3475 2276 3539 SPIRITU
2312 3476 2643 3539 SANCTO
2683 3475 3189 3537 ADMONITIO.

1244 3619 1405 3691 (Opp.
1440 3621 1500 3676 S.
1532 3620 1844 3692 Hieronymi
1869 3622 1956 3677 ed.
1992 3621 2269 3677 \‘allarsi.l

223 3755 472 3827 Didymus
499 3759 920 3825 Alexandrinus,
954 3759 1044 3829 qui
1076 3758 1393 3824 miraculum
1420 3759 1504 3815 sui
1526 3758 1772 3829 praebuit,
1804 3762 1947 3830 quod
1984 3772 2171 3832 captus
2205 3778 2233 3816 a
2271 3778 2430 3831 parva
2463 3772 2620 3818 aetate
2650 3764 2846 3831 oculis,
2890 3765 3234 3833 ipsorumque
3268 3761 3378 3815 ele-

155 3858 428 3903 mentorum
464 3853 715 3921 ignarus,
750 3854 892 3907 omni
926 3864 1103 3907 tamen
1136 3853 1488 3908 scientiarum
1519 3866 1737 3921 genere,
1757 3853 1932 3923 iisque
1950 3856 2113 3909 etiam
2135 3871 2255 3922 quae
2277 3856 2511 3929 maxime
2546 3856 2661 3910 visu
2696 3857 2955 3923 indigent,
2994 3855 3153 3909 fuerit
3176 3856 3377 3922 expoli-

158 3948 240 4003 tus,
278 3940 413 3996 inter
444 3954 651 3998 caetera
689 3960 809 4014 qua:
840 3945 1039 4011 ingenii
1064 3944 1147 3999 sui
1178 3942 1395 4013 reliquit
1426 3951 1795 4009 monumenta,
1834 3945 1975 3999 hunc
2010 3944 2082 3999 De
2141 3945 2344 4015 Spiritu
2398 3961 2577 4000 sancio
2638 3946 2829 3999 librum
2860 3944 3125 4014 frequenti
3155 3943 3376 3997 fratrum

152 4034 509 4089 exhortatione
544 4037 859 4105 compulsus
888 4046 970 4091 est
992 4036 1257 4101 scribere,
1283 4044 1343 4089 ut
1372 4034 1751 4090 nonnullorum
1798 4046 2101 4091 commenta
2154 4037 2419 4093 refelleret
2470 4041 2610 4093 circa
2655 4037 2912 4107 Spiritum
2952 4047 3223 4109 sanctum,
3261 4051 3378 4105 qua:

154 4135 305 4189 neque
335 4126 388 4180 in
426 4126 740 4197 Scripturis
774 4128 933 4192 lecta,
960 4144 1135 4199 neque
1159 4144 1189 4181 a
1219 4143 1493 4197 quoquam
1524 4127 2019 4182 ecclesiasticorum
2062 4138 2302 4183 veterum
2338 4130 2550 4185 fuerant
2578 4139 2856 4199 usurpata.
2887 4128 3264 4196 Hieronymus,
3288 4144 3321 4197 q
3347 4132 3377 4179 ιι

155 4211 337 4284 Didymi
370 4219 743 4273 eruditionem
774 4234 894 4274 cum
924 4219 1114 4287 primis
1144 4230 1227 4273 est
1263 4217 1582 4280 admiratus,
1626 4231 1798 4287 eoque
1825 4219 2087 4287 magistro
2130 4235 2257 4273 usus
2285 4219 2645 4285 Alexandriae,
2677 4220 2909 4288 primum
2935 4218 3152 4287 quidem
3187 4217 3377 4286 impal-

152 4302 274 4358 leute
300 4306 537 4363 Damaso
573 4310 816 4364 Romano
849 4309 1122 4379 pontifice,
1161 4324 1282 4363 cum
1316 4308 1503 4362 Romae
1538 4317 1746 4377 ageret,
1773 4307 1980 4363 Latinis
2008 4309 2155 4363 illum
2190 4309 2369 4363 verbis
2390 4308 2933 4379 cmperatexplicare,
2962 4308 3151 4363 deinde
3174 4306 3382 4363 Jerusa-

149 4392 320 4463 lymam
352 4404 701 4469 postliminio
733 4416 1008 4464 reversus,
1035 4401 1343 4454 Pauliniani
1375 4400 1563 4453 fratris
1595 4402 1833 4465 hortatu,
1866 4413 1933 4453 ex
1977 4401 2188 4469 integro
2218 4401 2381 4454 vertit
2406 4410 2565 4470 atque
2596 4400 2782 4457 edidit.

209 4485 506 4557 Singularis
567 4509 730 4561 porro
780 4501 865 4546 est
920 4491 1074 4553 liber,
1134 4489 1584 4560 quemadmodum
1643 4499 1699 4543 et
1754 4488 2112 4559 Hieronymus
2164 4491 2278 4558 ipse
2303 4492 2513 4559 quoties
2563 4508 2684 4546 eum
2720 4491 2922 4554 laudat,
2953 4500 3011 4545 ut
3048 4493 3097 4546 in
3128 4494 3376 4563 Catalogo

150 4590 251 4645 cap.
287 4582 407 4644 109.
432 4593 491 4637 et
518 4583 667 4637 libro
698 4599 736 4637 ιι
771 4584 825 4635 in
860 4580 1133 4647 Ruﬁnum,
1167 4590 1221 4634 et
1246 4595 1378 4634 mss.
1406 4580 1617 4632 codices
1643 4588 1905 4647 quotquot
1936 4580 2271 4648 inspeximus
2302 4580 2608 4634 testimonio
2635 4590 2777 4635 sunt.
2810 4581 3139 4650 Augustinus
3165 4597 3375 4651 quoque

152 4668 227 4723 lib.
256 4688 291 4725 ιι
326 4674 702 4737 ρυωειὶοηαηι
725 4677 782 4728 in
812 4675 1223 4741 Exodum,'cap.
1255 4674 1346 4737 25,
1370 4672 1757 4742 Nicephorusl.
1798 4689 1877 4739 rx,
1901 4687 2020 4741 cap.
2057 4674 2141 4737 l7,
2174 4684 2224 4727 et
2257 4672 2712 4740 Ratramuus,qui
2747 4671 3211 4743 Hieronymianam
3240 4674 3379 4727 hanc.

149 4758 294 4828 ipsam
323 4769 641 4823 versionem
675 4768 823 4838 legit,
860 4779 1042 4821 contra
1077 4763 1287 4820 ercos
1316 4767 1410 4822 lib.
1450 4784 1511 4830 ll,
1532 4783 1650 4835 cap.
1680 4768 1734 4832 5,
1769 4768 1984 4822 unicum
2017 4767 2209 4822 librum
2238 4779 2470 4829 vocant;
2500 4783 2595 4821 nec
2615 4768 2712 4821 nisi
2738 4768 3074 4822 incommoda
3093 4769 3381 4840 περιεργίᾳ

152 4848 319 4903 factum
347 4866 454 4918 est,
491 4870 555 4912 ut
599 4869 793 4914 contra
822 4859 1062 4913 auctoris
1098 4870 1261 4927 atque
1285 4860 1604 4929 interpretis
1634 4870 1867 4914 mentem
1896 4861 1963 4914 ad
1995 4862 2133 4916 hanc
2162 4876 2331 4928 usque
2366 4863 2505 4915 diem
2542 4860 2608 4913 ab
2657 4860 2952 4915 editoribus
2988 4861 3299 4930 criticisque
3324 4863 3375 4913 in

156 4949 245 4997 tres
275 4944 440 5001 libros
470 4948 642 5019 vulgo
672 4951 839 5005 fuerit
865 4951 1203 5020 dispertitus.
1243 4951 1363 5021 Ipsa
1386 4953 1548 5006 etiam
1581 4953 1841 5007 librorum
1869 4952 2143 5007 distinctio
2166 4952 2383 5007 fortuita
2402 4965 2483 5006 est
2509 4962 2671 5019 atque
2700 4952 2943 5016 inutilis;
2974 4968 3120 5018 nam,
3152 4954 3380 5026 exempli

153 5036 320 5099 gratia,
357 5040 560 5093 tertius
604 5040 737 5095 liber
768 5057 797 5096 e
820 5042 993 5096 media
1030 5044 1329 5113 prophetici
1368 5043 1472 5098 loci
1509 5044 2075 5113 expositioneinitimn
2105 5044 2287 5111 jussus
2305 5054 2388 5099 est
2415 5056 2648 5109 sumere,
2674 5045 2816 5111 quod
2843 5043 3033 5097 vitium
3065 5054 3146 5098 est
3169 5045 3235 5097 ab
3254 5059 3381 5099 eru-

151 5124 229 5178 diti
246 5130 527 5197 scriptoris
545 5132 770 5202 ingenio
787 5134 1201 5190 alienissimum.
1225 5134 1330 5189 Sed
1345 5134 1398 5188 in
1422 5144 1528 5189 tres
1543 5136 1765 5203 quidem
1784 5144 1963 5205 partes
1999 5147 2090 5190 aut
2107 5136 2281 5205 capita
2301 5138 2580 5191 commode
2597 5136 2763 5204 possit
2780 5134 3049 5202 distribui;
3071 5150 3191 5189 nam
3210 5138 3382 5204 primo

150 5212 380 5282 Spiritum
413 5232 677 5276 sanctum
712 5224 939 5279 diversae
969 5226 1037 5279 ab
1077 5224 1284 5294 angelis
1316 5234 1522 5279 natura:
1553 5240 1673 5279 esse
1702 5224 1883 5279 multis
1912 5226 2246 5295 argumentis
2276 5241 2339 5279 ac
2362 5224 2685 5279 testimoniis
2720 5225 3031 5290 constituit;
3059 5226 3250 5279 deinde
3265 5224 3382 5294 ejus

150 5320 334 5379 Quoque
357 5314 616 5369 nominis
640 5315 1039 5371 invocationem
1070 5316 1124 5370 in
1153 5315 1419 5384 baptismo
1446 5316 1813 5370 necessariam
1840 5318 2056 5385 probat,
2081 5315 2469 5383 ut‘imperfecte
2492 5316 2749 5384 baptizet,
2769 5329 2946 5384 neque
2964 5318 3140 5370 adeoa
3162 5329 3381 5383 peccato

150 5395 335 5467 liberet,
370 5406 463 5473 qui
494 5406 831 5471 reticuerit;
868 5409 1026 5462 tertio
1055 5407 1440 5461 indivisibilem
1474 5422 1595 5462 esse
1630 5408 1804 5472 illum,
1830 5418 1993 5477 atque
2017 5408 2430 5477 impassibilem,
2468 5407 2617 5462 Patri
2650 5424 2713 5463 ac
2742 5408 2879 5464 Filio
2899 5408 3378 5480 ὁμοούσιον,ειιιιιιθ

150 5488 221 5542 alii
241 5492 421 5551 divina:
455 5498 792 5552 substantiae
822 5499 1098 5557 attributis
1140 5500 1425 5568 przeditum
1458 5500 1634 5554 docet.
1812 5558 1819 5563 ,

209 5581 412 5642 Graecus
438 5588 665 5659 Didymi
706 5599 884 5644 textus
915 5591 1213 5658 intercidit,
1239 5606 1475 5660 eumque
1505 5589 1735 5645 fortasse
1764 5591 2044 5647 doctorum
2078 5593 2332 5648 manibus
2363 5595 2605 5650 excussit
2640 5594 2750 5664 ipsa
2781 5592 3090 5665 Hieronymi
3118 5594 3385 5662 interpre-

151 5677 286 5743 tatio;
316 5679 383 5736 de
411 5681 578 5750 cujus
609 5690 792 5737 tamen
825 5683 1084 5738 fidelitate
1106 5700 1211 5739 non
1237 5686 1370 5739 satis
1392 5685 1635 5739 consulte
1660 5686 1909 5739 videntur
1929 5685 2170 5739 nonnulli
2198 5685 2510 5752 detrahere,
2544 5689 2668 5741 dum
2695 5687 2882 5752 multa,
2914 5702 3034 5757 qua:
3069 5688 3134 5740 ab
3155 5687 3388 5748 Alexan-

129 5765 277 5829 driuo
303 5780 531 5827 auctore
565 5772 713 5826 haud
737 5773 1120 5841 processerint,
1162 5785 1364 5841 assuta,
1401 5774 1673 5843 multaque
1697 5776 1821 5841 alia,
1849 5785 1902 5831 et
1932 5776 2200 5847 prmcipue
2250 5776 2559 5846 Origeniani
2592 5779 2862 5847 dogmatis
2890 5778 2975 5832 cui
3002 5786 3119 5833 erat
3140 5777 3383 5832 addictus

155 5862 315 5918 menda
340 5877 611 5938 purgata,
642 5866 1025 5939 abiuterprete
1046 5870 1553 5927 comminiscuntur.
1588 5868 1850 5938 Exiguam
1886 5886 2016 5929 sane
2036 5871 2298 5929 rationem
2331 5886 2449 5929 esse
2482 5874 2638 5928 velim
2668 5871 2807 5940 ejus,
2836 5871 2977 5940 quod
2998 5881 3177 5929 tamen
3192 5871 3385 5942 praeci~
