3738 6308
351 378 378 434 1
389 379 486 436 051

1622 369 1858 429 DlDYMl
1898 366 2369 424 ALEXANDRINI

3464 356 3580 413 1052

349 504 516 561 puum
539 498 642 556 est,
665 492 967 562 argumenti
987 507 1052 548 ex
1076 492 1386 565 ὁμοουσίου,
1410 488 1836 559 θιὰνομοουσιου
1861 501 1951 542 voc

2119 499 2144 537 a
2168 485 2363 553 quibus
2377 485 2686 540 Adamantii
2705 492 3000 542 sectatores
3015 483 3245 540 multum
3268 481 3571 538 contendunt

350 583 726 640 abhorruisse.
761 584 896 640 Nam
931 600 1104 656 neque
1141 586 1213 640 ila
1248 583 1474 653 singulis
1527 579 1871 650 Origenianze
1910 576 2194 631 sententiae
2237 576 2503 646 capitibus
2557 577 2814 648 Didymus
2843 575 3008 631 fuerit
3055 573 3350 631 obstrictus
3381 581 3438 625 ut
3464 572 3575 628 nihil

345 675 518 732 licere
551 675 654 730 sibi
683 677 977 746 putaverit,
1006 691 1179 746 neque
1207 676 1252 731 si
1294 675 1426 728 nihil
1460 681 1722 742 prazterea
1750 684 1913 724 ausus
1955 675 2061 730 est,
2092 668 2307 736 quando
2347 665 2463 734 ejus
2495 664 2739 720 Graecum
2769 665 3051 735 exemplar
3073 663 3434 722 desideratur.
3467 675 3582 728 pro-

349 768 468 824 bari
507 769 627 822 ullo
658 767 820 823 modo
841 770 1029 838 possit.
1055 771 1260 824 Caetera
1288 782 1410 837 quze
1442 767 1492 820 in
1531 780 1649 820 eam
1685 779 1798 818 rem
1851 761 2196 838 adducuntur
2234 759 2392 829 longe
2421 769 2549 814 sunt
2585 758 2908 813 inﬁrmiora.

425 858 684 930 Tempus,
708 862 793 916 cui
826 837 1137 931 Hieronymi
1166 861 1342 915 versio
1363 860 1548 914 isthaec
1576 858 1647 912 sit
1667 855 2139 924 ascribenda,jnon
2160 837 2264 907 uno
2291 853 2506 922 proprie
2535 867 2676 906 anno
2709 850 3065 912 concluditur,
3097 858 3158 904 ut
3177 848 3389 902 caeteris
3419 855 3586 899 tracta-

356 952 501 1008 tibus
533 953 703 1008 ferme
729 956 1000 1009 usuvenit.
1033 955 1243 1022 incepta
1272 968 1464 1022 nempe
1497 961 1582 1008 est
1609 953 1794 1005 Romae
1828 963 1974 1003 anno
2001 947 2126 1010 384,
2159 955 2218 1000 ut
2246 961 2312 1000 ex
2332 946 2500 1016 ipsius
2538 945 2866 1000 Praefatione
2894 943 3208 1014 planissime
3234 949 3466 1001 constat,
3486 954 3583 991 cuin

357 1044 622 1100 Damasus
648 1046 825 1100 adhuc
845 1047 1071 1113 viveret,
1096 1048 1186 1116 qui
1207 1045 1558 1114 suhejusdem
1582 1043 1706 1098 anui
1733 1041 1892 1095 ﬂuent
1921 1041 2060 1096 diem
2080 1039 2236 1092 obiit.
2254 1039 2414 1092 Certe
2440 1053 2545 1091 non
2574 1037 2718 1091 aliud
2734 1037 2800 1091 ab
2818 1037 2922 1092 isto
2936 1030 3451 1104 Didymiopusculo,
3470 1030 3587 1099 quod

360 1137 465 1193 sibi
507 1138 942 1194 transferendum
982 1139 1373 1209 proposuisset,
1407 1137 1621 1191 videtur
1645 1133 1803 1188 nobis
1838 1133 2086 1194 immere,
2113 1146 2233 1184 cum
2265 1130 2341 1183 ait
2365 1129 2424 1183 S.
2459 1130 2672 1189 Doctor.
2704 1147 2722 1180 ι
2753 1127 2962 1198 garrire
3003 1141 3063 1180 se
3094 1124 3300 1193 aliquid
3329 1142 3349 1175 ι
3385 1120 3588 1174 voluisse

363 1248 384 1282 ι
413 1229 482 1284 de
500 1229 705 1298 Spiritu
729 1241 936 1297 sancto,
959 1239 1014 1287 et
1053 1241 1290 1299 emptum
1307 1229 1623 1299 opusculum
1642 1226 1880 1295 ejusdem
1901 1224 2201 1297 (Romamn)
2225 1222 2374 1276 urbis
2391 1222 2632 1291 pontifici
2657 1223 2928 1276 dedicare.
2955 1239 2974 1271 ι
3004 1219 3110 1273 Sed
3128 1234 3234 1272 non
3260 1225 3388 1270 ante
3418 1231 3589 1268 annum

357 1322 462 1379 389
480 1323 694 1377 videtur
722 1324 991 1388 absoluta,
1023 1325 1504 1387 cum,a:mulorum
1542 1322 1799 1376 invidiam
1832 1321 2132 1383 declinans,
2157 1316 2504 1386 Jerosolymte
2526 1329 2584 1370 se
2608 1314 2918 1384 recepisset,
2953 1314 3260 1381 pariterque
3283 1320 3426 1365 esset
3455 1309 3589 1364 Beth-

359 1415 483 1470 lemi
517 1431 638 1471 cum
669 1417 986 1472 Pauliniano
1021 1417 1206 1483 fratre,
1234 1416 1402 1471 Paula
1430 1424 1485 1468 et
1515 1413 1830 1468 Eustochio.
1863 1409 2124 1464 Eumdem
2152 1409 2272 1476 plus
2297 1409 2474 1462 minus
2493 1421 2692 1487 annum
2721 1404 2923 1460 indicat
2960 1404 3012 1458 in
3038 1403 3319 1472 Calalogo,
3357 1402 3445 1456 ubi
3479 1402 3594 1457 inter

359 1504 742 1561 Hebraicorum
771 1507 1062 1561 Nominum
1097 1508 1320 1569 librum,
1348 1515 1402 1562 et
1439 1503 1704 1560 Homilias
1735 1505 1787 1556 in
1822 1501 2020 1556 Lucam
2061 1516 2127 1556 ex
2162 1500 2418 1568 Origene,
2449 1499 2691 1552 laborem
2733 1497 2875 1551 hunc
2904 1505 3192 1550 memorat.

429 1598 584 1665 Quod
618 1599 881 1668 reliquum
910 1610 1011 1664 est,
1047 1599 1340 1654 editionem
1369 1598 1510 1652 hanc
1545 1607 1786 1651 nostram
1816 1594 1881 1648 ad
1914 1594 2073 1646 trium
2115 1607 2245 1646 mss.
2284 1591 2440 1644 fidem
2480 1589 2920 1644 entendavimus:
2950 1604 3143 1658 nempe
3173 1589 3341 1644 unius
3379 1587 3594 1641 Vaticani

358 1689 502 1744 4945
529 1709 544 1757 ;
571 1701 680 1744 tum
714 1691 940 1745 alterius
966 1691 1561 1760 elegantissimi,quem
1593 1690 1644 1743 in
1677 1687 2003 1742 bibliotheca
2038 1684 2268 1739 Romani
2303 1684 2515 1752 collegii
2542 1683 2760 1737 Patrum
2801 1683 3091 1738 Societatis
3119 1681 3245 1738 Jesu
3272 1685 3592 1746 invenimus;

362 1780 595 1849 denique
623 1780 898 1842 'l‘olosani,
934 1797 964 1833 a
1001 1797 1107 1850 quo
1143 1789 1427 1850 excerptas
1465 1779 1738 1833 variantes
1764 1779 2020 1832 lectiones
2039 1775 2384 1831 Martianaaus
2400 1775 2733 1842 rejcceratin
2763 1775 2885 1828 libri
2905 1775 3126 1832 calcem.
3154 1776 3230 1829 Ex
3263 1777 3595 1835 editionibus.

361 1886 483 1944 quae
510 1881 634 1925 ante
671 1872 1045 1926 Erasmianam
1082 1871 1458 1927 collectionem
1484 1871 1752 1939 prodiere,
1781 1869 1834 1922 in
1863 1867 2148 1923 consilium
2181 1867 2529 1921 adhibuimus
2556 1881 2696 1934 saepe
2720 1866 2952 1936 priorem
2975 1866 3117 1919 illam
3144 1881 3233 1919 an.
3257 1865 3400 1920 Hin
3419 1867 3600 1936 absque

365 1967 468 2022 loci
502 1968 734 2029 nomine,
777 1975 888 2020 tum
921 1964 1205 2031 Venetam,
1236 1979 1401 2034 quam
1432 1963 1685 2017 Barthius
1719 1965 1771 2016 in
1806 1961 2127 2016 Adversariis
2159 1959 2374 2023 laudat;
2407 1962 2559 2028 cujus
2583 1959 2708 2014 item
2734 1957 2940 2012 Barthii
2965 1955 3312 2026 conjecturas
3340 1960 3533 2025 aliquot
3559 1961 3600 2012 in

366 2062 509 2116 hunc
541 2062 740 2115 librum
774 2061 1148 2130 expendimus,
1181 2059 1350 2113 sicubi
1381 2059 1555 2112 visum
1586 2069 1668 2111 est
1696 2071 1872 2125 opera:
1904 2055 2136 2126 pretium
2170 2067 2310 2107 esse.
2346 2053 2484 2106 Sunt
2527 2062 2707 2106 autem
2763 2052 2883 2105 alia:
2935 2051 3094 2118 hujus
3120 2051 3304 2119 operis
3335 2052 3600 2117 editiones,

365 2169 501 2223 quas
532 2153 844 2224 singillatim
879 2166 1167 2208 recensere
1191 2167 1296 2205 non
1327 2159 1502 2215 vacat,
1540 2157 1595 2202 et
1626 2149 1771 2201 nullo
1801 2149 2014 2218 negotio
2049 2147 2191 2216 apud
2232 2145 2647 2214 Bibliograpbos
2681 2144 2928 2198 invenias
2962 2142 3058 2214 (a).

1141 2390 1570 2452 HIERONYMI
1611 2369 2004 2450 ramulo
2043 2387 2143 2448 AD
2180 2383 2707 2446 PAULINLtN-UM
2745 2381 2850 2464 (b).

435 2602 567 2657 Cum
604 2601 655 2656 in
695 2600 963 2669 Babylone
994 2599 1133 2674 [εδει.
1163 2598 1374 2672 Romae]
1399 2615 1648 2655 versarer
1682 2618 1696 2654 :
1727 2609 1783 2654 ct
1812 2615 1943 2668 pur-
1975 2603 2018 2659 Α
2047 2595 2261 2652 Christo
2287 2616 2300 2651 :
2340 2605 2446 2651 tam
2477 2604 2567 2651 tuo
2607 2612 2771 2666 quam
2808 2597 3196 2652 vencrabilium
3228 2598 3385 2658 mihi.
3415 2597 3613 2650 ancilla-

368 2705 576 2766 puratac
610 2695 916 2748 meretricis
957 2707 1131 2747 essem
1183 2692 1405 2747 colonus
1439 2731 1454 2756 ,
1506 2700 1562 2745 et
1591 2689 1714 2757 jure
1767 2688 1954 2754 Quiri-

370 2799 481 2840 tum
514 2787 770 2846 viverem,
801 2783 947 2839 volui
971 2784 1178 2852 garrire
1199 2782 1400 2852 aliquid
1427 2783 1492 2835 de
1512 2781 1717 2850 Spiritu
1741 2788 1951 2844 sancto,

367 2887 422 2932 et
449 2889 685 2947 coeptum
719 2877 1059 2944 opusculum,
1085 2875 1324 2945 ejusdem
1354 2872 1505 2927 urbis
1528 2871 1769 2942 pontifici
1805 2871 1958 2924 dedi-

369 2985 517 3025 care.
550 2970 614 3024 Et
649 2986 776 3024 ecce
820 2969 927 3024 olla
962 2968 1197 3035 illa,qua:
1219 2965 1273 3021 in
1297 2963 1530 3020 Jeremia
1558 2973 1679 3032 post
1709 2962 1955 3017 baculum

371 3061 616 3115 cernitur
649 3075 680 3114 a
712 3059 851 3114 facie
871 3059 1161 3129 aquilonis,
1193 3056 1608 3128 crepitardere:
1639 3065 1696 3110 et
1727 3053 1956 3127 (c)Pha-

374 3153 656 3206 risazorum
717 3151 1078 3205 conclamavit
1131 3147 1236 3221 [at
1317 3145 1712 3221 conclamare]
1787 3147 1958 3202 Sena-

376 3251 465 3296 tus
542 3250 596 3296 et
638 3241 816 3296 nullus
843 3242 1024 3297 scriba
1054 3240 1138 3296 vel
1172 3239 1328 3296 ﬁctus
1357 3240 1461 3314 (ά),
1493 3241 1586 3295 sed
1602 3239 1779 3294 omnis
1799 3235 1969 3316 quasi

373 3334 578 3389 indicto
612 3333 715 3388 sibi
739 3333 922 3402 praelio
951 3331 1319 3387 doctrinarum
1343 3373 1360 3399 ,
1393 3332 1678 3387 adversum
1720 3346 1806 3384 me
1851 3330 1955 3383 im-

374 3425 579 3496 peritiae
603 3426 674 3496 (e)
702 3424 863 3480 factio
899 3426 1224 3494 conjnravit.
1260 3422 1411 3478 Illico
1462 3439 1596 3494 ego,
1633 3424 1779 3479 velut
1809 3434 1957 3495 post-

375 3517 612 3580 liminio,
639 3515 1030 3585 Jcrosolymam
1062 3532 1184 3570 sum
1205 3532 1453 3571 reversus
1477 3533 1492 3571 :
1515 3527 1568 3570 et
1593 3527 1713 3586 post
1741 3515 1953 3571 Romuli

374 3623 555 3664 casam
571 3611 660 3678 (Γ),
678 3618 731 3662 et
746 3608 990 3662 ludorum
1012 3607 1354 3679 Lupercalia,
1374 3611 1731 3664 diversorium
1751 3609 1951 3674 Mariae,

375 3712 432 3757 et
466 3701 767 3757 Salvatoris
801 3700 1112 3770 speluncam
1161 3701 1371 3770 aspexi.
1426 3699 1632 3771 Itaque,
1669 3702 1742 3756 mi
1778 3701 1955 3756 Pauli—

379 3793 540 3847 niane
588 3791 688 3864 [αι.
722 3790 991 3864 Pauline],
1027 3793 1214 3856 frater,
1257 3793 1382 3862 quia
1429 3794 1768 3862 supradictus
1809 3794 1954 3848 Pon-

376 3883 508 3938 tifex
548 3883 836 3949 Damasus,
866 3883 958 3952 qui
989 3898 1076 3938 me
1109 3884 1174 3937 ad
1205 3883 1308 3938 hoc
1353 3898 1487 3954 opus
1539 3885 1750 3953 primus
1779 3885 1955 3955 impu-

2058 2703 2174 2740 rum
2211 2686 2627 2752 Christi,Paula:
2654 2696 2707 2741 et
2738 2687 3014 2742 Eustochii
3059 2703 3204 2743 nunc
3236 2689 3459 2758 adjutus
3479 2701 3612 2744 oratu

2065 2777 2177 2851 [αι.
2215 2781 2430 2833 hortatu
2457 2778 2477 2849 ]
2506 2796 2521 2835 :
2547 2780 2818 2833 canticum
2852 2782 2992 2848 quod
3022 2789 3238 2835 cantare
3265 2797 3369 2835 non
3401 2785 3544 2852 potui
3570 2785 3612 2835 in

2029 2880 2199 2925 .terra
2229 2871 2432 2936 aliena,
2458 2871 2546 2926 hic
2578 2888 2607 2926 a
2664 2873 2820 2926 vobis
2856 2874 2907 2925 in
2940 2872 3122 2926 Judana
3157 2887 3487 2942 provocatus
3529 2875 3616 2930 itu-

2056 2979 2368 3030 murmuro;
2395 2965 2762 3032 augustiorem
2788 2965 2958 3019 multo
2981 2966 3156 3019 locum
3181 2967 3616 3036 existimans,qui

2057 3054 2393 3110 Salvatorem
2425 3056 2635 3123 mundi,
2667 3072 2831 3126 quam
2887 3059 2977 3126 qui
3044 3044 3230 3112 fratris
3273 3059 3460 3129 genuit
3515 3075 3619 3128 par-

2057 3147 2306 3204 ricidam.
2372 3149 2440 3203 Et
2513 3159 2573 3205 ut
2669 3159 2947 3205 auctorem
3005 3150 3160 3206 titulo
3216 3149 3432 3204 fatear:
3473 3148 3620 3202 malui

2059 3240 2220 3296 alieni
2253 3242 2433 3312 operis
2464 3243 2732 3311 interpres
2757 3242 3046 3307 exsistere,
3104 3257 3268 3311 quam
3302 3244 3386 3307 (ut
3414 3241 3618 3312 quidam

2061 3331 2292 3404 faciunt)
2320 3333 2567 3388 informis
2594 3333 2896 3398 cornicula,
2919 3333 3113 3388 alienis
3137 3351 3222 3388 me
3239 3333 3516 3387 coloribus
3536 3331 3618 3383 ad-

2059 3439 2279 3480 ornare.
2311 3423 2439 3494 Legi
2477 3425 2677 3479 dudum
2711 3426 2985 3493 cujusdam
3024 3426 3107 3496 fg)
3152 3425 3363 3480 libellos
3411 3425 3479 3479 de
3511 3424 3620 3491 Spi-

2056 3516 2163 3570 ritu
2187 3524 2376 3570 sancto
2401 3533 2414 3568 :
2443 3526 2497 3569 et
2523 3515 2678 3584 juxta
2708 3513 2915 3569 Comici
2950 3513 3091 3586 [scil.
3129 3513 3398 3585 Terentii]
3421 3523 3615 3567 senten-

2057 3609 2186 3663 tiam
2213 3607 2496 3664 chrazcis
2520 3608 2697 3674 bonis,
2717 3607 2910 3660 Latina
2939 3609 3044 3660 vidi
3081 3623 3186 3661 non
3212 3608 3373 3661 bona.
3395 3605 3534 3660 Nihil
3564 3606 3623 3658 ibi

2056 3701 2446 3762 dialecticum,.
2468 3701 2603 3755 nihil
2630 3700 2783 3755 virile
2806 3712 2968 3768 atque
3008 3701 3341 3764 districtum,
3383 3700 3523 3768 quod
3556 3698 3624 3751 le-

2055 3797 2258 3846 ctorem
2287 3790 2368 3844 vel
2398 3791 2626 3861 ingratis
2660 3791 2712 3846 in
2759 3806 3036 3846 assensum
3074 3791 3286 3844 trahat:
3336 3791 3431 3844 sed
3470 3800 3624 3843 totum

2057 3883 2365 3948 ﬂaccidum,
2389 3883 2571 3948 molle,
2605 3884 2854 3948 nitidum,
2891 3893 3051 3952 atque
3089 3882 3412 3947 formosum,
3457 3892 3511 3937 et
3541 3897 3626 3936 ex-

376 3973 536 4041 ierat,
553 3974 684 4045 jam~
699 3974 901 4030 dormit
935 3972 1053 4046 [αι.
1101 3973 1444 4028 obdormivit
1493 3974 1548 4028 in
1604 3973 1866 4047 Domino]
1898 3975 1949 4030 in
1984 3975 2030 4036 Β
2057 3975 2274 4046 quisitis
2289 3975 2557 4031 hincinde
2574 3975 2832 4031 odoribus
2855 3973 2932 4045 (ἡ)
2954 3971 3627 4045 pigmentatum.Didymus

449 4109 525 4183 (a)
555 4109 818 4183 Pleraque
855 4108 1065 4183 Didymi
1093 4111 1269 4183 Opera
1313 4108 1597 4183 ingGraeco
1649 4125 1754 4163 ms.
1798 4110 1948 4164 card.

379 4180 658 4236 Passionei
688 4180 1319 4250 bibliothecareperisse
1369 4181 1589 4243 dicitur,
1654 4195 1953 4242 eorumque

378 4252 600 4305 editioni
629 4253 882 4306 insudare
908 4250 978 4305 cl.
1006 4248 1376 4320 Mitigarellius
1408 4251 1658 4304 canonic.
1716 4251 1950 4319 regular.

379 4322 656 4384 Bononizn,
683 4333 791 4374 etc.

451 4391 524 4462 (b)
557 4391 803 4445 Fratrem
832 4391 1252 4462 suumgscilicet,
1317 4389 1449 4443 falso
1477 4389 1621 4442 enim
1650 4391 1715 4442 ad
1755 4409 1774 4443 ι
1807 4388 1954 4462 Ρειυτ

378 4460 548 4515 linum
574 4480 592 4513 ›
618 4476 851 4529 eumque
873 4480 891 4511 ι
916 4460 1180 4513 Nolanum
1209 4480 1226 4511 ι
1256 4462 1575 4514 vetustiores
1604 4462 1808 4529 aliquot
1828 4460 1952 4514 libri

380 4532 686 4586 inscribunt
708 4546 722 4594 ;
745 4531 1051 4599 adduntque
1077 4532 1170 4585 abs
1189 4529 1532 4600 Hieronymo,
1565 4548 1583 4582 ι
1613 4531 1953 4600 propterim-

379 4603 630 4671 peritiam
658 4601 933 4667 cujusdam
971 4601 1062 4667 qui
1091 4603 1156 4656 de
1191 4601 1397 4670 Spiritu
1422 4610 1611 4656 sancto
1633 4603 1952 4671 scripserat,

377 4673 694 4726 translatum
724 4685 858 4738 opus
888 4671 940 4723 in
978 4671 1247 4724 Latinum.
1290 4691 1307 4722 ι

450 4745 521 4811 (ε)
564 4740 788 4795 Videtur
822 4757 858 4811 a
883 4752 1213 4808 prmceptore
1255 4743 1381 4795 olim
1423 4757 1520 4795 suo
1547 4741 1808 4809 Gregorio
1847 4740 1954 4794 Na-

391 4810 655 4866 zianzeno
685 4810 981 4874 accepisse,
1039 4812 1128 4879 qui
1158 4813 1309 4864 Orat.
1359 4813 1428 4866 '52
1459 4811 1690 4866 Romani
1716 4811 1952 4879 episcopi

378 4883 564 4936 luxum
607 4882 942 4950 perstringit,
962 4893 1018 4935 et
1041 4882 1361 4937 clericorum
1409 4882 1531 4951 ejus
1570 4892 1773 4937 caetqu
1800 4900 1819 4932 ι
1856 4880 1950 4935 Se-

377 4964 562 5006 natum
599 4951 992 5005 Pharisaeorum
1021 4971 1039 5004 ι
1067 4961 1241 5006 vocat.

451 5023 527 5092 (ά)
567 5022 642 5075 De
659 5023 1046 5092 corruptaloei
1087 5022 1244 5088 hujus
1298 5021 1524 5076 lectione
1567 5037 1670 5075 non
1702 5020 1835 5076 levis
1858 5036 1950 5073 sn-

377 5090 550 5162 Spicio
579 5101 680 5145 est.
710 5093 842 5145 Cod.
897 5090 1017 5145 Vat.
1049 5092 1213 5153 4945,
1248 5109 1266 5142 ι
1306 5093 1507 5145 nullum
1552 5093 1732 5147 scriba
1772 5096 1850 5162 vel
1883 5094 1948 5144 li-

379 5161 558 5227 ctum;
589 5181 606 5212 ι
637 5172 792 5216 vetus
825 5162 990 5215 editio
1023 5178 1113 5217 an.
1142 5161 1302 5224 1496,
1334 5181 1352 5213 ι
1388 5163 1566 5215 nullus
1585 5164 1762 5216 scriba
1787 5161 1838 5214 in
1871 5164 1950 5215 eis

381 5232 560 5284 fictus.
588 5249 606 5281 ι
639 5230 890 5284 Barthius
911 5236 991 5285 sic
1015 5243 1164 5300 putat
1192 5233 1603 5298 restituendum,
1637 5251 1656 5283 ι
1683 5244 1740 5285 ut
1771 5233 1949 5286 nullus

381 5302 573 5354 scriba:
606 5302 658 5353 in
689 5302 768 5355 eis
802 5303 874 5353 sit
903 5301 1042 5355 ictus
1072 5321 1085 5357 :
1116 5321 1136 5353 ι
1174 5312 1231 5355 ιιι
1281 5317 1474 5355 sensus
1528 5304 1619 5366 sit,
1679 5303 1946 5356 neminem

380 5371 642 5439 singulari
699 5371 1068 5426 admonitione
1120 5373 1173 5425 in
1230 5372 1616 5442 Hieronymum
1647 5373 1851 5441 aliquid
1881 5373 1947 5427 de

381 5442 586 5510 Spiritu
618 5449 808 5496 sancto
857 5443 1066 5510 garrire
1123 5443 1389 5497 volentem
1444 5443 1612 5497 fuisse
1653 5443 1948 5506 invectum,

378 5513 474 5583 sed
501 5526 692 5583 omnes
724 5511 868 5565 illico
895 5511 1096 5583 indicto
1118 5513 1302 5580 proelio
1343 5511 1412 5583 ad
1441 5513 1800 5566 damnandam
1829 5515 1947 5583 ejus

381 5581 710 5651 imperitiam
742 5582 1102 5636 consensiSse.
1131 5584 1259 5649 Quae
1281 5582 1437 5636 nobis
1461 5583 1727 5653 expositio
1756 5581 1871 5636 vix'
1896 5593 1952 5636 at

382 5667 451 5705 ne
482 5653 569 5705 Via
605 5653 821 5722 quidem
862 5653 1172 5707 emendatio
1201 5654 1394 5722 placet.
1432 5653 1680 5722 Suntqui
1709 5654 1948 5719 mallent,

389 5722 812 5794 g_nullus_scriba
842 5723 1082 5786 relictus,
1111 5748 1130 5774 ι
1158 5723 1301 5793 quod
1330 5739 1484 5791 atque
1513 5739 1701 5791 parum
1724 5725 1947 5794 arridet.

384 5791 682 5868 Eapropter
719 5795 861 5863 vide,
885 5809 1010 5850 num
1031 5791 1248 5862 praestet
1275 5809 1370 5862 pro
1391 5794 1597 5849 duobus
1624 5794 1801 5849 verbis
1825 5812 1844 5846 ι
1866 5793 1951 5849 vel

2059 4112 2234 4177 fictus,
2266 4130 2285 4163 ι
2318 4111 2422 4179 legi
2450 4126 2556 4165 uno
2585 4130 2604 4162 ι
2635 4110 2715 4164 vcl
2742 4111 2954 4175 licatus,
2977 4127 2996 4159 ι
3033 4107 3174 4178 quod
3217 4116 3301 4161 est
3335 4125 3354 4156 ι
3393 4108 3624 4179 favens"

2056 4193 2151 4237 aut
2179 4202 2195 4232 ι
2232 4177 2473 4236 studiose
2503 4184 2831 4247 obseqoens,
2855 4201 2872 4232 ι
2909 4177 3209 4232 ωηιςίυιιίιιι
3231 4177 3624 4246 elegantissime

2061 4254 2220 4306 alteri
2261 4253 2505 4306 membro
2539 4261 2841 4320 opponatur
2876 4249 3127 4313 alterum,
3171 4262 3474 4315 sensusque
3507 4249 3626 4320 etii,

2061 4325 2334 4377 neminem
2379 4338 2436 4376 se
2470 4322 2546 4376 illi
2576 4317 2871 4390 aequiorem
2918 4322 3269 4390 pra:buisse.__
3293 4322 3386 4371 sed
3413 4317 3630 4390 conspio

2061 4407 2214 4446 rasse
2249 4407 2442 4448 omnes
2472 4386 2683 4446 contra.
2711 4392 2899 4444 Cicero
2920 4386 2985 4443 in
3017 4391 3178 4456 epist.
3216 4386 3299 4441 Ne
3341 4386 3629 4455 veliﬁcatus

2058 4463 2219 4515 alicui
2245 4463 2466 4525 dicaris,
2498 4475 2603 4516 etc.
2632 4460 2754 4516 για.
2779 4462 2937 4530 epist.
2987 4459 3108 4525 127,
3145 4476 3200 4513 n.
3229 4460 3284 4524 9,
3322 4457 3398 4511 De
3428 4459 3629 4510 turbata

2059 4531 2452 4584 Pharisaeorum
2481 4531 2678 4585 schola.

2133 4600 2200 4673 (δ)
2227 4603 2324 4655 Ms.
2391 4603 2609 4670 quidam
2643 4602 2902 4657 'l‘olosan.
2942 4615 3104 4673 penes
3137 4599 3407 4673 Marttan._
3430 4596 3520 4673 qui
3543 4609 3629 4673 vas

2061 4665 2267 4726 riaiites
2287 4687 2351 4724 ex
2384 4665 2448 4725 eo
2485 4673 2745 4728 lcetiones
2769 4675 2833 4727 ad
2864 4665 2982 4725 libri
3007 4671 3209 4725 calcem
3247 4665 3628 4736 rejecit.im|bet

2061 4741 2151 4795 hic
2181 4743 2278 4795 loci
2310 4760 2328 4791 ι
2371 4743 2622 4812 impetus.
2651 4762 2669 4794 ι
2699 4743 2865 4797 Vetus
2884 4742 3012 4797 edit.
3048 4760 3067 4792 ς
3101 4739 3390 4809 imperitia:
3412 4748 3629 4787 convin-

2063 4814 2290 4866 eendum
2313 4812 2495 4875 factio,
2519 4824 2622 4867 etc.
2675 4832 2692 4863 ι

2095 4931 2103 4935 .,
2136 4884 2204 4950 (1⁷)
2231 4882 2353 4935 llaec
2387 4884 2440 4936 in
2484 4871 2622 4934 ’νήια
2675 4883 2846 4936 fusius
2899 4882 3260 4950 disputantur.
3319 4871 3624 4950 Deliogtuli

2057 4942 2236 5004 autem
2271 4969 2392 5007 casa
2423 4955 2642 5007 consule
2669 4952 2822 5007 Ovid.
2848 4969 2906 5007 Ill
2939 4942 3151 5005 Fauor.
3175 4961 3318 5000 vers.
3345 4944 3468 4998 185.
3496 4942 3627 4995 l‘rn-

2057 5027 2272 5076 deutius
2301 5021 2334 5075 l.
2368 5039 2457 5077 xi:

2160 5091 2285 5162 Ipsa
2316 5109 2466 5145 casas
2491 5091 2666 5162 fragili
2692 5102 2828 5146 (exat
2861 5109 2982 5161 gens
3010 5088 3233 5143 Romula
3259 5086 3452 5148 culmo,

2163 5160 2252 5215 Sic
2289 5165 2503 5216 trudunt
2541 5160 2802 5216 habitasse
2838 5160 3232 5231 llcmnm,etr.._
3585 5223 3596 5231 ~

2132 5234 2205 5302 (g)
2247 5233 2305 5286 S.
2365 5235 2708 5287 Attibrosium
2759 5247 3052 5300 suppresso
3093 5229 3312 5282 nomine
3363 5224 3618 5302 sugillari.

2056 5299 2288 5372 eumque
2338 5303 2502 5371 plagii
2550 5303 2798 5356 accusari
2829 5299 3083 5354 Rufinus
3141 5299 3420 5372 contendit
3462 5299 3557 5372 tib.
3584 5309 3622 5343 tt

2047 5370 2269 5441 Apolag.
2301 5385 2353 5426 et
2375 5370 2815 5427 criminationem
2843 5375 2944 5426 hac
2963 5375 3026 5425 de
3053 5385 3219 5424 causa
3249 5370 3625 5441 gravissiu|_:_un

2049 5435 2103 5497 in
2131 5435 2518 5514 Hieronymum
2537 5444 2803 5512 jintentat.
2837 5442 2942 5514 Sed
2967 5458 3073 5496 non
3092 5455 3212 5492 eam
3244 5435 3494 5514 [uisse-5.
3524 5435 3629 5487 Du—

2050 5515 2222 5568 ctoris
2251 5510 2508 5571 mentem.
2539 5510 2880 5582 argumentis
2911 5513 3056 5582 haud
3087 5525 3218 5582 sane
3245 5510 3472 5563 intirmis
3499 5522 3628 5576 pro-

2051 5584 2170 5637 bari
2203 5593 2397 5651 potest.
2429 5583 2545 5638 Vid.
2575 5581 2958 5637 Praefationem
3001 5581 3104 5635 PP.
3130 5581 3527 5635 Benedictiuor.
3573 5593 3626 5626 tu

2051 5654 2319 5707 At‘nhrosii
2347 5655 2514 5708 libros
2545 5654 2622 5706 De
2654 5655 2863 5722 Spiritu
2895 5666 3166 5722 sancto,p.
3198 5652 3326 5705 598.

2131 5724 2207 5793 (It)
2250 5723 2506 5778 Fortasse
2541 5744 2559 5774 ι
2593 5717 2865 5778 coloribus
2894 5743 2911 5773 ι
2932 5717 3631 5778 rescribendutnest.Ceﬂe

2059 5792 2146 5849 ita
2169 5792 2398 5850 Rufinus
2420 5795 2547 5851 olint
2582 5796 2712 5865 legit
2747 5794 2839 5848 lib.
2866 5807 2939 5847 ιι.
3085 5793 3105 5812 ⁸
