3738 6308
322 376 461 434 1055

1571 361 1639 418 Dl
1648 358 1807 416 DYMI
1846 352 2312 414 ALEXANDRINI

3435 333 3555 388 1036

323 511 511 552 Vocem
575 493 693 564 ejus
723 488 1022 553 audieritis,
1068 487 1241 543 nolite
1293 485 1558 540 obdurare
1602 482 1767 537 corda
1810 494 1901 534 ve-
1933 486 1977 543 Α
2007 476 2153 531 dabit
2180 476 2314 528 bona
2344 468 2647 540 petentibus
2678 481 2736 520 se
2762 465 2845 517 “‘I
2877 482 2895 515 ι
2932 460 3082 515 Alter
3107 471 3277 513 vero:
3313 473 3333 506 ι
3363 455 3557 521 Quanto

322 588 493 651 stra',
524 604 542 638 ι
573 595 679 641 etc.
725 582 785 637 ln
822 583 925 641 ﬁne
962 594 1174 652 quoque
1228 578 1457 632 Actuum
1508 572 1895 643 apostolorum,

322 694 443 733 cum
467 675 665 731 Judazis
694 675 996 743 disputans,
1025 673 1099 725 ait
1130 689 1144 726 :
1190 687 1209 721 ι
1244 669 1396 723 Sicut
1424 665 1659 735 Spiritus
1681 671 1900 719 sanctus

326 772 537 825 locutus
574 776 658 822 est
679 782 775 836 per
796 766 987 820 lsaiam
1021 763 1337 833 prophetam
1363 759 1429 813 ad
1456 766 1641 828 patres
1663 766 1898 820 nostros,

328 866 515 920 dicens
543 880 557 917 :
598 861 942 917 Auditionem
975 858 1225 919 audietis,
1257 863 1311 909 et
1351 868 1455 907 non
1484 850 1845 921 intelligetis“.
1877 867 1896 901 ι

326 956 514 1026 Neque
572 956 713 1010 enim
762 952 962 1007 Paulus
1010 950 1171 1003 alium
1236 947 1440 1001 habens
1478 941 1741 1014 Spiritum
1775 956 1902 995 san-

328 1059 500 1115 ctum,
530 1049 645 1103 haec
682 1046 749 1101 de
790 1060 853 1100 eo
900 1042 1140 1111 scripsit,
1193 1040 1283 1110 qui
1337 1040 1389 1092 in
1447 1036 1722 1107 prophetis
1782 1042 1905 1087 ante

333 1145 629 1199 adventum
658 1139 867 1195 Domini
895 1137 1033 1191 alius
1063 1135 1201 1198 fuit;
1252 1132 1344 1187 sed
1397 1131 1463 1187 de
1517 1144 1583 1185 eo
1643 1127 1797 1196 cujus
1852 1134 1906 1180 et

332 1238 448 1307 ipse
490 1234 759 1305 particeps
817 1230 943 1295 fuit;
998 1236 1053 1282 et
1096 1240 1283 1281 omnes
1315 1224 1404 1293 qui
1442 1223 1494 1277 in
1533 1220 1637 1275 ﬁde
1664 1233 1908 1273 consum-

332 1342 491 1388 matre
521 1330 736 1384 virtutis
772 1327 1106 1381 ferebantur.
1140 1322 1293 1377 Unde
1314 1330 1507 1375 etcum
1534 1315 1764 1371 articulo
1791 1311 1908 1381 eius

334 1426 599 1491 meminit,
635 1426 789 1494 quasi
824 1420 1121 1475 solitarium
1149 1427 1202 1471 et
1234 1429 1398 1468 unum
1427 1427 1547 1466 esse
1572 1420 1905 1473 contestans,

335 1518 426 1573 ubi
459 1518 585 1572 dicit
636 1530 741 1568 non
790 1510 1126 1582 simpliciter,
1174 1506 1399 1577 Πνεῦμα
1446 1505 1619 1574 ἅγιον,
1675 1502 1775 1556 hoc
1826 1509 1912 1553 est

343 1629 362 1663 ι
389 1610 620 1679 Spiritus
646 1615 881 1669 sanctus,
910 1625 928 1658 ι
968 1603 1057 1659 sed
1086 1618 1206 1657 eum
1229 1601 1596 1655 additamento
1620 1592 1831 1648 articuli
1850 1591 1911 1645 τὸ

338 1702 564 1773 Πνεῦμα
580 1700 641 1754 τὸ
659 1700 812 1769 ἅγιον
838 1697 913 1769 (7)
939 1713 954 1761 ;
983 1695 1085 1749 hoc
1101 1702 1182 1749 est
1212 1710 1231 1743 ι
1258 1691 1348 1746 hic
1376 1688 1607 1759 Spiritus
1628 1694 1862 1740 sanctus.
1886 1701 1906 1734 ι

340 1794 407 1849 Ει
431 1792 621 1848 lsaiam
649 1791 999 1862 prophetasse
1027 1790 1415 1840 commemorat
1449 1796 1569 1836 cum
1620 1776 1907 1832 articulata

340 1901 494 1951 voce,
519 1885 608 1938 διὰ
634 1883 693 1937 τὸ
717 1880 943 1952 Πνεῦμα
972 1880 1032 1933 τὸ
1054 1878 1208 1947 ἅγιον
1231 1876 1331 1946 (8),

344 1978 605 2047 Spiritum
661 1983 928 2036 sanctum,
962 1992 982 2023 ι
1041 1981 1099 2024 et
1152 1983 1257 2021 non
1320 1963 1639 2034 simpliciter
1689 1958 1915 2034 Πνεῦμα

346 2072 520 2141 ἅγιον.
549 2070 743 2125 Petrus
769 2080 982 2137 quoque
1018 2065 1070 2118 in
1107 2077 1172 2117 eo
1199 2075 1470 2123 sermone,
1499 2072 1607 2127 quo
1637 2055 1918 2125 praesenti-

344 2167 446 2220 bus
472 2160 823 2233 persuadebat
849 2179 861 2214 :
896 2177 913 2210 ι
940 2155 1260 2225 Oportuerat
1290 2154 1386 2226 [αι.
1411 2148 1680 2221 Oportet],
1720 2148 1915 2217 inquit,

348 2259 561 2329 impleri
615 2256 974 2325 Scripturam,
1025 2265 1187 2319 quam
1261 2247 1471 2303 locutus
1529 2253 1614 2299 est
1685 2242 1919 2312 Spiritus

350 2362 566 2407 sanctus
616 2348 687 2419 (id
716 2356 821 2412 est,
869 2345 929 2399 τὸ
951 2342 1176 2414 Πνεῦμα
1197 2340 1257 2395 τὸ
1280 2339 1455 2410 ἅγιον)
1498 2354 1594 2408 per
1646 2351 1707 2391 os
1755 2337 1920 2390 David

349 2445 414 2497 de
431 2441 564 2496 Jnda
589 2440 609 2472 ⁹
633 2459 645 2493 :
678 2458 696 2491 ι
733 2436 1024 2491 ostendens
1050 2443 1105 2488 et
1134 2433 1259 2501 ipse
1285 2432 1530 2485 eumdem
1564 2428 1843 2498 Spiritum,
1868 2436 1919 2481 et

348 2535 401 2590 in
438 2530 735 2602 prophetis,
769 2529 896 2583 etin
936 2525 1193 2596 apostolis
1224 2532 1527 2592 operatum.

417 2629 471 2682 .i.
513 2626 726 2679 Plenius
753 2625 817 2675 de
845 2624 946 2677 hoc
978 2622 1028 2674 in
1057 2617 1511 2689 consequentibus
1541 2611 1917 2676 tractabimus,

350 2737 472 2777 cum
516 2720 695 2773 dicere
736 2717 1078 2785 coeperimus,
1137 2727 1239 2767 non
1279 2710 1449 2765 solum
1493 2708 1775 2761 Dominum
1824 2704 1919 2775 [αι.

352 2814 543 2885 Deum]
602 2812 834 2867 Verbum
890 2808 1088 2863 factum
1137 2820 1259 2860 esse
1302 2802 1369 2857 ad
1404 2801 1718 2871 prephetas,
1746 2799 1839 2853 sed
1870 2808 1925 2852 et

355 2907 613 2975 Spiritum
651 2911 927 2964 sanctum;
959 2900 1083 2967 quia
1126 2906 1181 2952 et
1211 2892 1643 2964 inseparabiliter
1675 2890 1920 2958 posside-

354 3008 464 3061 tur,
497 3012 615 3050 cum
647 2993 925 3063 nnigenito
978 2990 1113 3045 Filio
1161 2988 1273 3043 Dei.
1335 2988 1451 3053 Ipsa
1498 3001 1600 3039 vox
1658 2982 1756 3055 [αι.
1807 2981 1925 3052 Ipsa

358 3090 529 3160 igitur
567 3085 693 3158 vox}
721 3084 958 3151 Spiritus
981 3081 1154 3135 sancti
1190 3121 1205 3145 ,
1239 3094 1342 3133 non
1372 3086 1454 3131 est
1491 3091 1656 3130 vacua
1697 3072 1932 3144 appella-

358 3180 458 3245 tio,
498 3178 591 3232 sed
637 3173 965 3247 subiacentis
996 3170 1244 3225 essentia:
1273 3166 1732 3222 demonstratrix:
1783 3163 1927 3217 Patri
1958 3205 2003 3266 Ο

359 3272 604 3340 Filioque
634 3269 779 3324 socia
812 3266 909 3339 [aL
940 3261 1191 3335 sociata],
1226 3272 1279 3316 et
1314 3277 1341 3314 a
1394 3260 1658 3314 creaturis
1713 3257 1929 3325 penitus

370 3366 566 3419 aliena.
595 3362 727 3415 Cum
754 3360 896 3415 enim
926 3366 1192 3412 creatum
1228 3355 1280 3407 in
1322 3352 1576 3414 visibilia,
1621 3360 1674 3404 et
1698 3351 1750 3402 in
1803 3348 1936 3402 invi-

361 3457 562 3519 sibilia,
596 3456 645 3508 id
672 3462 753 3507 est
788 3454 839 3506 in
864 3447 1164 3519 corporalia
1201 3458 1255 3499 et
1300 3446 1351 3498 in
1399 3441 1757 3511 incorporalia
1805 3455 1935 3509 par-

364 3552 584 3613 tiaulur,
613 3562 713 3601 nec
740 3546 805 3600 de
836 3540 1209 3611 corporalibus
1240 3537 1558 3593 substantiis
1585 3544 1667 3590 est
1704 3534 1938 3603 Spiritus

362 3652 602 3704 sanctus,
664 3641 857 3693 animm
904 3646 959 3691 et
1013 3648 1204 3688 sensus
1233 3632 1529 3693 habitator,
1578 3627 1842 3684 sermonis
1884 3634 1940 3680 et

365 3734 664 3805 sapientiae,
697 3740 751 3785 et
785 3729 1025 3785 scientia:
1055 3726 1311 3781 effector:
1347 3738 1444 3778 nec
1476 3724 1541 3777 de
1584 3721 1939 3776 invisibilibus

366 3826 649 3883 creaturis.
684 3822 809 3878 llaec
839 3822 1034 3891 quippe
1065 3818 1242 3872 omnia
1297 3815 1577 3883 sapientize
1630 3823 1684 3869 et
1728 3822 1944 3868 czetera-

368 3936 485 3974 rum
517 3919 798 3975 virtulum,
830 3923 884 3968 et
912 3910 1352 3968 sanctiﬁcationis
1387 3908 1603 3977 capacia
1651 3914 1793 3960 sunt.
1837 3905 1941 3958 lsta

367 4024 499 4061 vero
534 4005 856 4063 substantia,
887 4002 952 4054 de
978 4017 1079 4066 qua
1113 4016 1255 4053 nunc
1287 4013 1467 4053 sermo
1514 4005 1617 4060 est,
1670 3994 1945 4064 sapientia:

370 4110 425 4155 et
449 4098 712 4159 scientite,
746 4104 800 4147 et
831 4091 1275 4147 sanctiﬁcationis
1321 4089 1563 4143 eil‘eetrix
1609 4096 1711 4141 est.
1761 4084 1946 4153 Neque

371 4194 513 4249 enim
548 4189 777 4244 inveniri
811 4196 987 4255 potest
1014 4184 1187 4250 aliqua
1219 4182 1269 4234 in
1323 4179 1522 4248 Spiritu
1559 4188 1747 4232 sancto
1798 4175 1949 4229 forti-

375 4288 523 4347 tudo,
570 4293 659 4337 aut
706 4279 947 4349 Operatio
994 4272 1443 4331 sanctiﬁcationis
1493 4271 1815 4337 virtutisque
1845 4268 1948 4335 (,9),

374 4391 535 4446 quam
579 4374 644 4426 ab
698 4383 954 4426 extraneo
993 4367 1223 4434 quodam
1274 4363 1577 4416 sustineat:
1611 4362 1731 4428 quia
1770 4360 1952 4414 istius-

376 4469 519 4524 modi
553 4476 744 4520 natura
785 4461 1057 4515 mutabilis
1084 4468 1188 4514 est.
1234 4456 1402 4510 Porro
1444 4454 1679 4523 Spiritus
1709 4462 1948 4520 sanctus,

376 4560 717 4614 confessione
750 4555 1013 4618 omnium,
1051 4549 1405 4605 immutabilis
1450 4556 1553 4613 est,

377 4651 617 4706 scientize
667 4649 881 4708 divinat,
937 4653 991 4699 et
1042 4644 1419 4697 universorum
1461 4639 1752 4693 attributor
1782 4640 1954 4693 bono-

376 4762 518 4807 rum,
555 4752 631 4805 et,
660 4752 719 4795 ut
750 4740 964 4795 brevius
1016 4738 1211 4799 dicam,
1260 4736 1373 4803 ipse
1417 4733 1717 4787 subsistens
1764 4732 1817 4785 in
1874 4731 1958 4787 bis

377 4837 532 4889 bonis
583 4849 701 4900 qua:
770 4846 799 4884 a
851 4830 1077 4884 Domino
1134 4826 1455 4895 largiuntur.
1518 4822 1652 4876 Nam
1708 4823 1957 4876 eumdem

378 4922 649 4990 Evangelii
713 4922 890 4976 locum
955 4917 1236 4971 Matthmus
1285 4914 1567 4981 Lucasqne
1618 4911 1956 4974 describens,

379 5015 515 5069 alter
553 5030 617 5067 ex
670 5014 755 5068 his
797 5013 913 5066 ait:
982 5029 1000 5063 α
1030 5010 1243 5076 Quanto
1286 5008 1456 5077 magis
1508 5004 1670 5058 Pater
1719 5002 1956 5058 caelestis

2002 568 2174 639 magis
2202 566 2363 619 Pater
2394 571 2570 617 vester
2598 559 2833 615 caelestis
2888 555 3039 608 dabit
3096 552 3358 621 Spiritum
3415 560 3551 599 suum

2002 634 2252 713 sanetum
2288 653 2591 723 petentibus
2619 646 2776 703 se“?
2802 666 2819 697 ι
2852 645 2928 699 Ex
2960 641 3155 712 quibus
3179 645 3423 707 apparet,
3451 634 3560 700 Spi.

2003 750 2164 803 ritum
2202 756 2447 799 sanctum
2479 741 2863 812 plenitudinem
2900 751 3021 791 esse
3062 736 3327 787 donorum
3362 726 3456 799 fat.
3481 728 3562 779 bo.

2006 838 2230 911 norum]
2277 838 2404 902 Dei;
2461 844 2515 889 et
2559 849 2620 887 ea
2672 845 2791 901 qua:
2822 828 3079 883 divinitus
3108 822 3562 881 administrantur,

2006 948 2112 987 non
2163 931 2368 1000 absque
2417 943 2482 982 eo
2528 925 2862 987 subsiStere;
2910 918 3033 989 quia
3074 931 3267 972 omnes
3300 913 3563 972 utilitates,

2010 1040 2129 1095 qua:
2157 1039 2223 1077 ex
2264 1025 2526 1076 donorum
2561 1016 2652 1071 Dei
2702 1015 2873 1086 gratia
2910 1012 3299 1079 suscipiuntur,
3360 1020 3424 1059 ex
3479 1004 3569 1055 isto

2017 1116 2167 1170 fonte
2198 1114 2497 1168 dimanant.
2529 1109 2680 1176 Quod
2716 1116 2893 1160 autem
2921 1100 3359 1158 substantialiter
3388 1097 3567 1150 bonum

2008 1217 2112 1272 est,
2148 1221 2251 1260 non
2286 1214 2461 1273 potest
2487 1211 2758 1257 extraneae
2798 1199 2965 1265 capax
2994 1209 3114 1250 esse
3150 1191 3431 1253 bonitatis,
3465 1204 3569 1241 cum

2015 1301 2189 1371 ipsum
2228 1299 2426 1352 tribuat
2453 1295 2662 1351 caeteris
2696 1292 3012 1348 bonitatem.
3044 1287 3210 1356 Igitur
3245 1282 3571 1337 manifestum

2014 1402 2117 1453 est,
2151 1406 2256 1444 non
2292 1406 2320 1442 a
2355 1386 2726 1457 corporalibus
2770 1392 2999 1446 tantum,
3037 1379 3131 1434 sed
3158 1384 3210 1431 et
3238 1377 3308 1430 ab
3345 1378 3576 1441 incorpo-

2015 1481 2217 1536 ralibus
2245 1482 2511 1535 creaturis
2534 1488 2850 1531 extraneum
2875 1488 2994 1528 esse
3024 1470 3283 1539 Spiritum
3307 1476 3573 1528 sanctum;

2014 1576 2138 1643 quia
2176 1583 2385 1627 caetera:
2414 1570 2729 1624 substantiae
2783 1567 2925 1620 hanc
2977 1562 3339 1617 substantiam
3394 1542 3579 1611 sancti-

2017 1668 2289 1723 ﬁcationis
2320 1667 2628 1736 accipiunt;
2663 1665 2762 1717 iste
2796 1677 2925 1715 vero
2953 1675 3058 1715 non
3090 1668 3296 1711 tantum
3354 1654 3459 1708 non
3509 1662 3580 1704 est

2019 1778 2187 1831 capax
2221 1758 2665 1815 sanctiﬁcationis
2691 1756 2901 1820 alienae,
2929 1752 3022 1807 sed
3049 1753 3272 1824 insuper
3304 1749 3583 1801 attributor

1364 1874 1414 1928 id
1442 1882 1525 1928 es;
1586 1888 1608 1924 ε
1634 1885 1728 1938 per
1775 1870 1915 1922 hunc
1951 1854 1991 1907 Β
2016 1864 2097 1907 est
2122 1863 2175 1907 et
2201 1861 2433 1906 creator.
2460 1850 2701 1917 Denique
2726 1848 2815 1916 qui
2847 1843 3238 1899 communione
3266 1839 3387 1909 ejus
3415 1837 3586 1890 fruun-

2019 1956 2125 2010 tur,
2161 1944 2453 2013 participes
2485 1942 2741 1995 dicuntur
2783 1938 3018 2008 Spiritus
3049 1933 3247 1996 sancti,
3277 1928 3586 1986 sanctiﬁcati

2020 2039 2207 2104 utique
2262 2036 2329 2089 ab
2375 2049 2459 2088 eo.
2519 2033 2811 2101 Perspicue
2854 2029 2998 2083 enim
3053 2026 3313 2093 scriptum
3344 2032 3425 2075 est
3451 2018 3589 2089 (l0),

2026 2150 2044 2181 ί
2082 2131 2144 2184 Ει
2176 2128 2399 2199 Spiritui
2439 2126 2628 2197 gratiae
2668 2120 3050 2178 contumeliam
3086 2116 3378 2179 faciens”,
3407 2133 3424 2165 ι
3467 2114 3592 2167 haud

2022 2225 2238 2281 dubium
2283 2222 2410 2292 quin
2465 2223 2511 2276 is
2562 2219 2650 2288 qui
2708 2227 2828 2287 post
2878 2212 3273 2281 susceptionem
3325 2208 3582 2277 ejnspec»

2022 2316 2247 2371 caverit.
2284 2314 2338 2367 Si
2367 2321 2547 2366 autem
2580 2310 2954 2365 sanctiﬁcatus
2998 2314 3083 2360 est
3115 2319 3215 2373 per
3265 2300 3597 2356 communio-

2027 2424 2148 2463 nem
2188 2406 2423 2475 Spiritus
2455 2403 2651 2466 saneti,
2680 2400 2984 2456 ostenditur
3011 2398 3153 2466 quod
3190 2399 3303 2465 ipse
3334 2395 3599 2464 particeps

2026 2498 2141 2567 ejus
2178 2497 2359 2560 fuerit,
2394 2507 2448 2550 et
2476 2496 2698 2563 largitor
2730 2492 2846 2560 eius
2883 2488 3339 2545 sanctiﬁcationis
3370 2485 3598 2552 Spiritus

2026 2604 2267 2651 sanctus.
2299 2589 2590 2657 Apostolus
2614 2602 2828 2657 quoque
2884 2586 2950 2639 ad
2983 2582 3295 2639 Corinthios
3337 2579 3598 2641 scribens,

2030 2699 2083 2744 et
2116 2697 2440 2742 enumerans
2480 2696 2574 2736 eos
2615 2680 2706 2748 qui
2760 2694 2983 2747 regnum
3028 2674 3289 2730 caelorum
3319 2680 3451 2726 sunt
3488 2685 3606 2722 con-

2028 2779 2287 2841 secuturi,
2318 2776 2465 2830 addit
2494 2775 2680 2829 dicens
2714 2791 2727 2827 :
2773 2790 2791 2823 ‹
2826 2772 2891 2825 Et
2944 2772 3057 2824 haec
3116 2767 3333 2837 quidem
3397 2763 3605 2825 fuistis;

2030 2870 2124 2926 sed
2154 2867 2321 2923 abluti
2354 2866 2508 2928 estis,
2541 2864 2641 2919 sed
2672 2861 2995 2917 sanctiﬁcati
3036 2860 3188 2923 estis,
3214 2857 3311 2912 sed
3337 2854 3608 2922 iustiﬁcati

2030 2964 2183 3026 estis,
2241 2960 2291 3014 in
2354 2958 2570 3013 nomine
2629 2955 2753 3011 Jesn
2798 2953 3001 3008 Christi
3049 2961 3104 3007 et
3154 2952 3207 3006 in
3269 2949 3479 3017 Spiritu
3530 2944 3613 2999 Dei

2031 3056 2203 3111 nostri
2233 3055 2276 3087 ¹³
2313 3072 2325 3085 ’
2368 3073 2387 3106 ›
2420 3052 2678 3121 Spiritum
2718 3049 2833 3115 Dei,
2869 3063 2972 3101 non
3006 3045 3167 3100 alium
3202 3057 3461 3119 asserens
3499 3054 3612 3094 esse

2034 3162 2190 3216 quam
2218 3145 2478 3214 Spiritum
2509 3152 2775 3197 sanctum.
2816 3139 3024 3193 Etenim
3055 3137 3106 3189 in
3156 3114 3618 3202 consequentibus

2036 3242 2177 3297 idem
2217 3238 2501 3309 approbat,
2529 3236 2753 3291 dicens:
2794 3251 2812 3281 α
2845 3230 3013 3285 Nemo
3045 3229 3096 3283 in
3144 3226 3352 3297 Spiritu
3405 3226 3502 3278 Dei
3549 3222 3619 3274 lo-

2037 3348 2231 3404 quens,
2259 3328 2699 3383 dicitanathema
2730 3322 2892 3376 Jesu:
2946 3330 3000 3375 et
3044 3334 3201 3373 nemo
3254 3316 3389 3371 dicit
3445 3312 3621 3366 Domi-

2038 3442 2166 3482 num
2210 3422 2413 3487 Jesum,
2461 3420 2560 3473 nisi
2590 3419 2645 3472 in
2696 3416 2898 3486 Spiritu
2953 3410 3233 3473 sancto”,
3263 3428 3282 3460 ι
3362 3406 3622 3474 Spiritum

2040 3518 2154 3582 Dei,
2189 3515 2450 3584 Spiritum
2479 3521 2724 3568 sanctum
2750 3522 2871 3562 esse
2906 3504 3265 3559 conﬁrmans.

2115 3610 2169 3663 5.
2206 3607 2262 3662 Si
2318 3607 2481 3676 igitur
2526 3602 2895 3658 sanctiﬁcator
2952 3596 3051 3669 [αι.
3100 3587 3495 3659 sanctiﬁcatio]
3524 3593 3623 3648 est,

2045 3717 2149 3756 non
2202 3698 2502 3759 mutabilis,
2551 3694 2645 3748 sed
2696 3688 3048 3745 immutabilis
3087 3682 3412 3739 substantia:
3447 3690 3622 3733 osten-

2045 3794 2212 3848 ditur.
2240 3786 2631 3844 lmmutahilem
2658 3793 2835 3836 autem
2868 3778 3225 3834 substantiam
3263 3772 3360 3826 Dei
3392 3776 3621 3820 tantum.

2045 3896 2099 3941 et
2120 3882 2377 3954 unigeniti
2406 3879 2525 3934 Filii
2553 3878 2689 3944 ejus,
2716 3872 3159 3929 manifestissime
3189 3866 3407 3921 tradunt
3435 3856 3617 3911 divina

2046 3978 2256 4046 eloquia
2291 3994 2303 4029 :
2334 3970 2745 4028 convertibilem
2777 3976 2831 4022 et
2867 3963 3177 4019 mutabilem
3208 3969 3427 4011 omnem
3465 3963 3616 4001 creao

2048 4044 2289 4124 turarum
2348 4063 2707 4119 substantiam
2764 4056 3131 4129 praedicantia.
3182 4050 3321 4118 Ergo
3364 4044 3620 4114 quoniam

2050 4159 2347 4216 substantia
2397 4155 2630 4224 Spiritus
2692 4150 2867 4207 sancti
2931 4163 3038 4201 non
3095 4136 3498 4199 cunvertibilis,
3546 4132 3633 4187 sed

2051 4250 2479 4309 inconvertibilis
2514 4248 2879 4303 demonstrata
2921 4251 3044 4296 est:
3081 4254 3186 4293 non
3220 4234 3326 4289 erit
3366 4239 3634 4285 creatura

2054 4349 2308 4421 ὁμούσιον
2349 4345 2473 4417 [leg.
2501 4340 2807 4415 optatio-tog].
2843 4338 3000 4392 Esset
3028 4333 3227 4403 quippe
3279 4338 3334 4381 et
3392 4331 3641 4379 creatura

2057 4439 2426 4501 immutabilis,
2462 4437 2506 4491 si
2545 4449 2667 4489 cum
2711 4431 2867 4484 Patre
2900 4434 3193 4497 poneretur
3220 4431 3276 4473 et
3302 4417 3464 4477 Filio,
3492 4427 3635 4467 eam.

1589 4499 1954 4601 sanctiﬁcata;-
1982 4549 2031 4607 ι)
2059 4537 2178 4589 dem
2210 4532 2414 4587 habens
2448 4522 3039 4582 inconvertibilitatem.
3072 4515 3245 4571 Omne
3295 4511 3441 4565 enim
3505 4499 3641 4568 quod

2059 4626 2216 4681 alieni
2245 4623 2368 4677 boni
2410 4635 2582 4687 capax
2616 4626 2721 4678 est,
2762 4615 2829 4669 ab
2856 4613 2960 4667 hac
2992 4604 3300 4664 subStantia
3334 4600 3640 4661 κρεηιιιτ.

2059 4718 2217 4771 Tales
2245 4724 2421 4768 autem
2450 4717 2576 4765 sunt
2604 4714 3131 4770 cunctzepreaturaz;
3177 4699 3315 4742 υειιδ
3357 4699 3494 4738 τετυ
3523 4696 3644 4734 cum

2059 4808 2232 4862 bonus
2265 4806 2354 4867 sit,
2390 4802 2509 4858 fons
2537 4810 2590 4854 et
2642 4798 2965 4870 principium
3017 4794 3278 4841 bonorum
3332 4788 3419 4833 est
3464 4801 3477 4833 ;
3522 4775 3646 4829 facit

2063 4900 2227 4969 igitur
2276 4911 2368 4950 eos
2410 4893 2598 4957 bonos,
2653 4890 2845 4958 quibus
2891 4897 2948 4937 se
3007 4875 3268 4945 impertit,
3320 4872 3501 4924 bonus
3539 4880 3647 4935 ipse

2068 4960 2171 5046 nvon
2193 4991 2362 5044 factus
2387 4988 2454 5041 ab
2467 4986 2592 5050 alio,
2615 4982 2706 5038 sed
2719 4978 3049 5035 subsistens:
3078 4970 3198 5025 ideo
3222 4964 3486 5034 capabilis
3514 4960 3647 5030 (tl),

450 5129 472 5161 "
514 5128 673 5181 llebr.
703 5142 787 5183 ιιι.
836 5126 868 5179 7
900 5123 1081 5189 ;Psal.
1130 5138 1269 5177 xcrv.
1334 5120 1388 5176 8.
1465 5121 1486 5152 ⁸
1526 5119 1648 5189 Aet.
1675 5116 1939 5189 xxvm,_2£

2070 5128 2119 5189 q_.
2142 5109 2283 5189 ;_lsa.
2310 5122 2388 5170 vt,
2414 5104 2470 5189 ξ,
2503 5100 2591 5158 10.
2666 5099 2688 5131 ⁹
2725 5095 2848 5151 Act.
2880 5109 2920 5160 ι,
2952 5088 3041 5145 l6.
3118 5086 3163 5117 ¹⁶
3203 5081 3395 5137 Matth.
3421 5094 3520 5142 vn,
3564 5075 3650 5131 11.

385 5200 425 5231 ¹¹
473 5207 601 5252 Luc.
628 5213 703 5259 xl,
753 5197 838 5251 l3.
904 5187 961 5226 “
1002 5194 1164 5249 Hebr.
1187 5209 1242 5260 x,
1273 5191 1363 5246 29.
1443 5190 1488 5222 ³³
1527 5190 1546 5244 l
1577 5188 1704 5244 Cor.
1733 5204 1806 5255 vr,
1843 5187 1939 5242 M.‘

456 5329 533 5394 (7)
574 5328 815 5409 Alterum
848 5328 1019 5409 τὸᾐθχ.
1052 5326 1243 5408 ϐαιτερ
1291 5323 1584 5405 exemplari
1644 5320 1968 5404 addidimus,

386 5393 665 5455 contextui
707 5408 762 5450 et
812 5397 1054 5451 auctoris
1080 5396 1245 5449 menti
1298 5397 1533 5447 maxime
1581 5393 1967 5447 necessarium.

461 5471 536 5535 (8)
599 5468 743 5521 idem
795 5482 925 5521 mss.
977 5467 1028 5520 in
1081 5465 1330 5533 gignendi
1372 5478 1498 5535 casu
1548 5463 1636 5535 διᾲ
1687 5462 1780 5535 τοῦ
1812 5461 1967 5530 ἁγίου

389 5532 729 5609 Πνὲύμετος,
766 5546 820 5591 et.
848 5551 970 5591 mox
1006 5532 1207 5590 statim
1236 5534 1572 5609 Πνευμάτος.
1598 5532 1845 5609 βθοιίυε.

425 5678 435 5688 υ
464 5604 549 5675 (ω’
577 5607 920 5688 Tholosauus
952 5624 1072 5660 cum
1100 5607 1299 5688 nostris
1330 5619 1462 5658 mss.
1493 5614 1547 5657 et
1594 5604 1821 5657 furtasse
1878 5615 1970 5654 ve-

394 5678 531 5758 rius,
568 5696 587 5727 (
621 5678 899 5758 forti-tnudo,
935 5679 1190 5758 quamah
1224 5685 1481 5757 extranea
1518 5676 1743 5755 quadam
1777 5688 1970 5742 opera-

396 5748 543 5800 tione
575 5748 1043 5809 sanctiﬁcationis,
1073 5747 1394 5812 virtutisque
1428 5744 1703 5811 suscipiat.
1732 5762 1750 5794 ι

470 5818 581 5886 (10)
615 5818 741 5870 Erat
773 5819 1068 5887 incongruo
1100 5832 1258 5887 sensu
1314 5822 1370 5867 et
1410 5813 1679 5887 vitioso,_¢
1710 5813 1970 5882 scriptum

397 5884 500 5953 est,
528 5888 669 5958 quod
695 5888 903 5957 spiritui
936 5884 1142 5961 gratiae,
1177 5886 1231 5941 in
1289 5898 1395 5954 quo
1447 5884 1814 5941 sanctiﬁcatus
1868 5891 1969 5949 est,

2010 5175 2057 5216 “
2084 5175 2110 5238 ’1
2149 5181 2272 5235 Cor.
2300 5194 2397 5242 xu,
2422 5175 2477 5229 5.

2075 5315 2457 5375 contumeliam
2490 5310 2716 5369 faciens,
2753 5303 2917 5375 gravi
2942 5297 3197 5375 punietur
3221 5301 3465 5375 peccato,
3491 5302 3659 5375 aqua:

2472 5361 2621 5434 mss.—
2636 5361 2642 5362 ⁷
2659 5361 3065 5441 (ιείεἶὶςθνῑήιιιε.
3118 5362 3384 5443 βςὶηεηιίι
3437 5361 3657 5443 lect-inp}

2073 5430 2275 5513 nostri;
2300 5430 2719 5508 etiavmh'l‘bolos.
2758 5430 2885 5507 ms,
2923 5436 3133 5513 tametsi
3171 5430 3548 5501 in'superiori
3572 5433 3655 5475 at-

2073 5511 2179 5600 que
2214 5525 2455 5600 inferiori
2494 5511 3339 5600 contextu;erroribus-scalpe:
3386 5584 3406 5600 ι
3442 5561 3634 5600 MM“

2146 5563 2266 5667 ἴΗΙ)Ι
2297 5563 2431 5649 lliu’c
2473 5593 2639 5660 probe
2688 5583 2989 5667 intelligis,ﬂ
3018 5563 3663 5667 qutun-sensti“;

2073 5632 2258 5729 lenti),
2297 5632 2496 5718 cludet:
2550 5632 2929 5729 «capacemft
2954 5632 3213 5713 Spiritum
3270 5632 3661 5729 sa'r‘tctumkDif

2078 5702 2273 5809 l(13mins
2327 5735 2491 5787 dicat.
2534 5702 2751 5809 _Netn:pe
2807 5721 2852 5809 si
2900 5735 2919 5766 ι
2952 5702 3205 5809 εεῖρῦειεξῐὶὶ
3236 5702 3663 5809 ’.Πρευιξξήξξῖίςξ

2082 5782 2738 5873 £ii¥§.jf.s,"énn"vmnus,
2752 5800 2889 5873 puta
2918 5782 3221 5873 sapieptire,
3269 5786 3362 5873 apt
3375 5782 3665 5873 “vertitis

2083 5846 2568 5945 li'i'ééi’éi‘,’p3iér5i'
2588 5846 2886 5925 caisﬁvi'deri
2912 5846 3123 5913 aliunde
3154 5846 3535 5917 assumpsisse,
3572 5856 3669 5895 ne-
