3738 6368
202 428 304 486 103⁸1

1254 415 1455 470 LIBER
1490 414 1579 468 DE
1619 415 1889 472 SPIRITU
1931 417 2220 477 SANCTO.

3223 424 3361 480 4058

195 556 338 601 etnon
352 547 512 605 capax.
543 530 855 600 Unigenitus
874 546 1086 601 quoque
1112 531 1298 597 Filius,
1328 533 1443 602 ejus
1471 535 1681 603 sapien-
1711 543 1756 598 Α
1782 534 1939 590 Jesus
1969 538 2352 606 praedicatores
2380 534 2639 591 doctrinae
2670 552 2802 603 suae,
2851 538 3075 607 replevit
3119 554 3211 594 eos
3245 541 3363 609 Spi-

196 639 250 689 tia
291 641 333 684 et
375 624 729 686 sanctiﬁcatio,
794 639 897 677 non
936 623 995 676 ﬁt
1035 624 1267 692 sapiens,
1296 630 1387 679 sed
1418 628 1683 693 sapientes

196 725 315 786 iacit;
341 728 387 771 et
411 732 501 770 non
527 714 916 780 sanetiﬁcatur,
954 714 1046 768 sed
1096 715 1414 769 sanctiﬁcat.
1452 715 1603 769 Unde
1632 726 1685 770 et

194 813 281 881 ipse
307 804 531 877 capabilis
565 815 671 868 est,
703 813 757 858 et
787 819 891 857 non
925 819 1116 872 capax.
1170 804 1302 858 Cum
1355 805 1514 875 igitur
1549 807 1676 860 invi—

190 901 325 956 sibilis
352 906 600 961 creatura,
633 910 792 964 quam
814 895 1181 949 rationabilem
1212 906 1265 948 et
1299 897 1683 965 incorporalem

189 987 479 1046 substantiam
504 985 685 1038 vocari
720 983 1121 1038 consuetudinis
1146 993 1249 1049 est,
1284 998 1388 1037 non
1424 985 1495 1038 sit
1531 1000 1686 1051 capa-

187 1080 294 1142 bilis,
334 1076 415 1130 sed
460 1088 666 1141 capax:
723 1073 769 1127 si
822 1072 965 1126 enim
1019 1073 1275 1141 capabilis
1305 1081 1466 1138 esset,
1494 1075 1687 1127 nullius

186 1170 280 1224 boui
302 1181 448 1235 capax
478 1174 638 1227 esset,
674 1178 769 1233 per
796 1179 857 1218 se
889 1163 1114 1232 simplex
1140 1164 1252 1231 ipsa
1284 1166 1602 1231 subsistens,
1632 1175 1687 1219 et

181 1260 357 1314 alterius
379 1257 486 1310 boni
517 1256 875 1323 receptatrix;
909 1256 1319 1324 participatione
1356 1256 1551 1311 habeat
1590 1259 1687 1310 bo-

182 1365 296 1412 num,
326 1356 372 1400 et
400 1361 493 1400 non
530 1346 594 1399 de
635 1346 718 1399 his
750 1361 869 1414 quae
896 1349 1160 1400 habentur
1187 1348 1254 1401 ab
1305 1347 1450 1412 aliis,
1494 1350 1588 1402 sed
1624 1349 1689 1402 de

178 1442 243 1494 bis
266 1454 366 1508 qua:
392 1437 578 1490 habent
601 1437 699 1489 alia
731 1438 1078 1506 intelligatur,
1138 1438 1298 1493 Patre
1346 1449 1401 1494 et
1428 1440 1565 1494 Filio
1592 1441 1686 1495 ha-

178 1532 275 1583 bitis
314 1529 464 1597 magis
512 1542 668 1594 quam
722 1527 1077 1593 habentibus;
1108 1539 1373 1583 'creatura
1430 1546 1556 1585 vero
1589 1532 1686 1585 ha-

171 1623 320 1681 bente,
349 1629 395 1673 et
422 1633 520 1671 non
557 1619 734 1672 habita
768 1637 781 1671 :
814 1619 879 1672 de
910 1619 1109 1686 Spiritu
1144 1634 1357 1688 quoque
1391 1631 1578 1675 sancto
1606 1636 1692 1675 re-

176 1722 418 1764 tractemus
452 1708 582 1780 (l2),
610 1719 662 1762 et
690 1712 732 1763 si
766 1710 979 1779 quidem
1018 1712 1129 1780 ipse
1159 1726 1368 1779 quoque
1402 1713 1689 1781 participa—

176 1803 286 1856 tione
307 1802 506 1855 alterius
538 1803 907 1855 sanctimonia:
934 1813 1154 1857 sanctus
1185 1811 1286 1869 est,
1325 1818 1687 1859 connumere-

1786 629 1922 693 ritu;
1943 628 2286 687 etinsulllans
2308 630 2356 682 in
2383 628 2571 683 faciem
2598 643 2781 683 eorum
2810 632 3123 700 :tAccipite,
3163 633 3364 702 inquit:

1786 718 2042 786 Spiritum
2092 728 2332 772 sanctum
2361 718 2424 783 ³⁷,
2460 736 2478 769 ι
2555 727 2629 781 et,
2665 736 2683 768 ι
2723 718 2941 779 Euntes,
2967 720 3156 774 docete
3176 736 3365 775 omnes

1787 808 2046 878 gentes”,
2089 826 2108 857 ι
2139 809 2290 876 quasi
2319 822 2506 862 omnes
2554 809 2763 862 cunctis
2811 808 3057 876 gentibus
3104 809 3360 871 mitteret,

1788 896 1969 965 Neque
1995 897 2136 950 enim
2157 912 2345 952 omnes
2393 897 2615 964 apostoli
2651 898 2716 950 ad
2744 912 2929 951 omnes
2957 908 3142 967 gentes
3165 901 3364 966 pariter

1788 996 1913 1039 sunt
1965 985 2217 1056 profecti,
2262 985 2356 1041 sed
2401 989 2620 1055 quidam
2672 986 2722 1038 in
2784 986 2989 1048 Asiam,
3025 988 3241 1054 quidam
3302 988 3354 1041 in

1791 1076 2086 1147 Scythiam,
2114 1088 2168 1131 et
2203 1076 2290 1131 alii
2328 1078 2383 1131 in
2409 1077 2544 1132 alias
2577 1078 2811 1147 dispersi
2850 1078 3124 1145 nationes;
3159 1095 3359 1134 secun-

1790 1167 1916 1221 dum
1956 1170 2407 1237 dispensationem
2441 1169 2582 1222 illius
2639 1184 2799 1237 quem
2852 1185 3033 1224 secum
3083 1172 3355 1226 habebant

1791 1255 2023 1325 Spiritus
2066 1257 2257 1319 sancti,
2285 1273 2390 1326 quo
2424 1257 2579 1311 modo
2616 1267 2670 1311 et
2720 1257 3002 1311 Dominum
3054 1259 3357 1326 dicentem,

1798 1367 1817 1399 ι
1887 1348 2166 1403 Vobiscum
2238 1365 2354 1403 sum
2392 1349 2640 1403 omnibus
2686 1351 2870 1405 diebus
2916 1366 3081 1418 usque
3121 1353 3187 1405 ad
3232 1368 3362 1407 con-

1794 1439 2207 1492 summationem
2273 1438 2452 1492 saeculi
2476 1439 2587 1490 ³⁸.»
2652 1436 2745 1491 His
2775 1448 2830 1491 et
2890 1439 3016 1491 illud
3074 1441 3357 1508 congruit:

1798 1547 1816 1579 ι
1848 1528 2136 1597 Accipietis
2179 1528 2433 1581 virtutem
2481 1528 2903 1597 supervenientis
2958 1527 3054 1599 [aL
3106 1542 3363 1596 superve-

1794 1616 2049 1688 nientemj
2082 1616 2313 1685 Spiritus
2346 1616 2516 1670 sancti
2545 1617 2596 1669 in
2629 1632 2759 1683 vos;
2787 1628 2839 1671 et
2868 1619 3017 1671 eritis
3043 1627 3205 1672 testes
3229 1620 3358 1672 mihi

1793 1708 1847 1762 in
1882 1708 2200 1773 Jerusalem,
2228 1718 2282 1761 et
2306 1711 2357 1760 in
2382 1709 2526 1761 omni
2564 1706 2740 1761 Judae'a
2765 1719 2817 1762 et
2846 1708 3116 1771 Samaria,
3172 1720 3225 1761 et
3270 1725 3359 1763 us-

1795 1816 1899 1869 que
1931 1802 1996 1853 ad
2024 1810 2321 1853 extremum
2360 1809 2515 1853 terra:
2539 1802 2612 1852 '°.
2644 1821 2662 1851 ι
2697 1799 2751 1852 Si
2778 1814 2903 1868 ergo
2938 1801 2988 1852 hi
3023 1800 3074 1852 in
3102 1803 3360 1854 extremis

171 1905 237 1946 tur
258 1894 441 1948 caeteris
467 1894 746 1947 creaturis.
786 1894 840 1947 Si
872 1909 996 1948 vero
1030 1903 1244 1949 sanctos
1291 1894 1421 1948 facit
1460 1910 1685 1964 capaces
1718 1875 1758 1929 Β
1790 1892 1985 1945 ﬁnibus
2018 1901 2174 1945 terra:
2197 1893 2263 1945 ob
2288 1890 2385 1962 [αἱ.
2413 1890 2733 1962 secundum]
2761 1892 3126 1945 teStimonium
3148 1891 3355 1946 Domini

168 1985 248 2047 Sui,
298 2000 403 2037 cum
451 1983 607 2038 Patre
666 1995 896 2052 ponatur
947 1993 1000 2039 et
1036 1985 1190 2039 Filio.
1221 1984 1372 2050 Quod
1412 1995 1589 2040 autem
1620 1988 1690 2042 ab

165 2078 261 2129 aliis
287 2077 514 2143 capiatur
543 2075 775 2142 Spiritus
812 2088 1053 2141 sanctus,
1090 2087 1145 2131 et
1177 2093 1281 2130 non
1334 2078 1438 2131 alia
1489 2078 1686 2147 capiat,

165 2176 207 2219 et
230 2181 367 2228 nunc,
395 2174 447 2219 et
474 2166 524 2217 in
554 2163 830 2219 Sectarum
858 2166 1130 2221 volumine
1171 2167 1349 2236 (prout
1385 2168 1684 2237 potuimus)

161 2258 477 2325 expressimus
497 2256 609 2327 (l5)
635 2274 650 2310 :
681 2268 734 2311 et
760 2271 823 2310 ex
855 2258 1000 2310 omni
1050 2259 1325 2327 Scriptura
1378 2275 1684 2317 sermonem

162 2357 362 2400 nostrum
412 2347 676 2401 allirmare
733 2347 984 2416 perfacile
1049 2358 1149 2403 est.
1218 2349 1413 2404 Beatus
1474 2366 1688 2421 quoque

166 2440 415 2507 Apostolus
457 2440 522 2493 ad
581 2440 838 2509 Ephesios
895 2441 1135 2495 scribens
1179 2442 1295 2495 ait:
1348 2441 1455 2496 (1η
1505 2459 1611 2513 quo
1636 2453 1690 2498 et

161 2533 405 2585 credentes
446 2532 639 2599 signati
667 2532 798 2585 estis
835 2530 1035 2598 Spiritu
1067 2534 1436 2599 promissionis
1477 2547 1687 2601 sancto,

154 2621 226 2687 qui
269 2630 344 2675 est
389 2622 579 2689 pignus
624 2623 949 2676 haereditatis
995 2634 1197 2677 nostrae
1220 2623 1285 2676 ¹⁸.
1312 2642 1331 2674 ι
1360 2623 1415 2678 Si
1446 2624 1585 2677 enim
1614 2625 1688 2678 si-

156 2722 352 2779 gnantur
381 2713 600 2780 quidam
628 2712 830 2782 Spiritu
862 2723 1070 2777 sancto,
1097 2714 1325 2768 formam
1356 2723 1411 2767 et
1445 2714 1685 2782 speciem

153 2803 247 2871 ejus
271 2815 638 2859 assumentes:
678 2820 745 2859 ex
780 2806 862 2859 his
887 2815 970 2860 est
1002 2807 1235 2876 Spiritus
1277 2816 1514 2872 sanctus,
1569 2822 1687 2875 quae

154 2892 395 2958 habentur,
430 2907 486 2948 et
514 2910 622 2949 non
650 2895 883 2950 habent:
928 2897 1252 2951 habentibus
1308 2896 1455 2949 illum
1507 2897 1687 2965 signa-

151 2983 246 3037 culo
269 2985 373 3052 ejus
404 2989 702 3053 impressis.
732 2989 812 3040 Ad
858 2987 1168 3041 Corinthios
1217 2985 1520 3058 [Ephesios]
1553 3002 1686 3056 quo-

149 3088 231 3138 que
254 3075 379 3129 idem
405 3078 670 3141 scribens,
719 3097 737 3129 ι
765 3076 959 3142 Nolite,
992 3096 1011 3128 ι
1065 3079 1255 3147 inquit,
1316 3095 1335 3128 ‹
1364 3079 1686 3132 contristare

150 3163 370 3231 Spiritum
398 3177 669 3234 sanctum,
696 3167 750 3221 in
784 3182 891 3235 quo
920 3169 1114 3237 signati
1141 3170 1271 3222 estis
1294 3169 1359 3233 ⁸⁸,
1395 3187 1414 3219 ι
1448 3170 1685 3238 signatos

146 3269 241 3308 esse
264 3267 564 3314 contestans
592 3274 687 3313 eos
713 3260 801 3328 qui
830 3270 1179 3326 susceperant
1235 3262 1670 3314 communionem

148 3347 345 3414 Spiritus
375 3351 573 3405 sancti.
606 3350 729 3417 Quo
756 3353 915 3406 modo
948 3352 1090 3405 enim
1123 3351 1413 3421 disciplinae
1444 3362 1497 3405 et
1524 3352 1687 3407 virtu~

144 3438 198 3490 tis
222 3452 508 3510 asumptor
573 3444 907 3514 signaculum
937 3453 991 3498 et
1022 3446 1243 3513 liguram
1274 3443 1354 3513 (ut
1380 3443 1449 3496 ita
1486 3443 1683 3514 dicam)

144 3529 186 3579 iu
240 3546 379 3586 suum
427 3550 649 3589 sensum
700 3537 892 3604 recipit
934 3536 1050 3604 ejus
1097 3536 1351 3599 scientiae,
1403 3550 1563 3602 quam
1598 3550 1685 3589 as-

142 3623 369 3688 sumpsit:
404 3626 485 3679 sic
513 3635 570 3679 et
598 3625 647 3680 is
670 3627 757 3695 qui
793 3627 1025 3695 Spiritus
1059 3627 1229 3681 sancti
1272 3626 1539 3694 particeps
1568 3626 1684 3680 eili-

143 3710 272 3776 citur,
306 3730 395 3781 per
431 3719 871 3772 communionem
905 3720 1024 3788 ejus
1058 3719 1115 3772 (it
1155 3717 1454 3775 soiritualis
1479 3719 1683 3786 pariter

142 3804 183 3847 et
206 3815 407 3857 sanctus
434 3805 574 3877 (14).

197 3889 241 3943 6.
270 3890 378 3960 Ipse
407 3912 539 3951 vero
575 3897 810 3967 Spiritus
857 3909 1096 3966 sanctus,
1136 3900 1181 3954 si
1222 3915 1363 3955 unus
1418 3900 1484 3954 de
1536 3913 1690 3953 crea-

147 3982 256 4034 turis
318 3998 479 4051 esset,
527 3989 718 4043 saltem
770 3991 1231 4058 circumscriptam
1288 3990 1508 4045 haberet
1561 3991 1692 4044 sub-

147 4073 395 4142 stantiam,
428 4080 570 4133 sicut
603 4081 848 4135 universa
877 4095 996 4149 quae
1029 4081 1166 4134 facta
1192 4090 1335 4135 sunt.
1392 4078 1523 4134 Nam
1578 4081 1689 4136 etsi

140 4176 221 4215 non
267 4167 781 4226 circumscribantur
836 4173 954 4228 loco
1014 4184 1068 4228 et
1132 4175 1328 4229 ﬁnibus
1380 4174 1679 4229 invisibiles

138 4267 383 4323 creaturae,
423 4270 608 4318 tamen
662 4269 992 4333 proprietate
1036 4267 1350 4321 substantiae
1400 4265 1678 4319 liniuntur.

138 4342 334 4411 Spiritus
362 4364 548 4409 autem
587 4365 830 4423 sanctus,
868 4372 987 4411 cum
1039 4358 1091 4410 in
1138 4357 1379 4425 pluribus
1423 4356 1512 4421 sit,
1572 4370 1680 4408 non

138 4436 647 4500 habetsubstantiam
682 4448 1169 4518 circumscriptam.
1221 4447 1437 4503 Mittens
1485 4446 1684 4515 quippe

192 4640 227 4669 ’⁸
262 4645 449 4704 Euhes.
483 4666 501 4703 1
514 4691 529 4713 ,

136 4720 166 4769 ι,
187 4712 230 4763 κ.
299 4714 338 4742 ’³
367 4712 617 4782 ιυωίιι,
646 4720 737 4773 26.
813 4721 856 4751 ⁹¹
886 4712 1076 4785 Ᾱοιδι,
1106 4720 1196 4774 22.

1789 1984 2085 2047 constituti,
2143 1983 2417 2037 distabant
2478 1984 2620 2037 inter
2675 1998 2733 2037 se
2765 1984 3089 2050 longissimis
3138 1984 3349 2051 spatiis,

1789 2079 1972 2129 aderat
2016 2085 2191 2130 autem
2226 2076 2305 2130 eis
2367 2076 2695 2130 iuhabitator
2727 2075 2954 2144 Spiritus
2992 2088 3229 2140 sanctus,
3278 2078 3359 2130 in-

1787 2166 2257 2232 circumscriptam
2314 2166 2516 2220 habens
2558 2167 2949 2232 substantiam,
3006 2168 3358 2221 demo-nstra-

1791 2255 2007 2327 αις-(15)
2044 2257 2280 2325 angelica
2318 2259 2489 2311 virtus
2536 2256 2603 2310 ab
2636 2257 2737 2310 hoc
2767 2272 2985 2324 prorsus
3025 2258 3216 2312 aliena.
3244 2260 3354 2311 An-

1789 2347 1937 2417 gelus
1966 2349 2162 2417 quippe
2192 2349 2281 2417 qui
2313 2347 2517 2409 aderat,
2562 2348 2708 2401 verbi
2740 2350 2909 2413 gratia
2942 2388 2957 2412 ,
3012 2349 3253 2418 apostolo
3302 2351 3355 2403 in

1787 2441 1912 2493 Asia
1964 2441 2159 2505 oranti,
2217 2456 2319 2493 non
2393 2450 2604 2508 poterat
2672 2441 2829 2494 simul
2882 2446 3068 2495 eodem
3119 2444 3357 2512 tempore

1788 2532 1975 2586 adesse
2003 2533 2126 2586 aliis
2156 2532 2207 2585 in
2257 2534 2465 2586 caeteris
2508 2534 2748 2601 partibus
2810 2535 2988 2586 tnundi
3028 2537 3352 2589 constitutis.

1789 2621 2022 2689 Spiritus
2067 2633 2242 2675 autem
2286 2632 2502 2675 sanctus
2554 2636 2656 2674 non
2710 2621 2896 2709 solum
2953 2623 3262 2692 sejunctisa
3295 2639 3355 2677 se

1789 2712 2094 2766 hominibus
2125 2724 2321 2781 prmsto
2343 2724 2444 2777 cst,
2476 2714 2567 2767 sed
2595 2723 2648 2766 et
2676 2715 2905 2782 singulis
2932 2716 3227 2784 quibusque
3252 2731 3351 2769 an-

1790 2804 1944 2870 gelis,
1980 2804 2396 2871 principatibus,
2452 2805 2683 2868 throuis,
2712 2806 3164 2862 dominationibus
3205 2808 3357 2862 inha-

1788 2893 1987 2946 bitator
2013 2894 2219 2947 assistit
2243 2911 2257 2959 ;
2288 2902 2340 2946 et
2368 2902 2422 2946 ut
2451 2893 2697 2946 homines
2733 2894 3099 2957 sanctiﬁcans,
3133 2896 3354 2950 alterius

1787 2996 1946 3051 quam
1981 2992 2103 3037 sunt
2144 2984 2411 3042 homines.
2461 2996 2545 3036 est
2574 2994 2808 3046 naturae;
2845 2984 2923 3037 sic
2948 2994 3002 3038 et
3032 2985 3165 3039 alias
3198 3001 3356 3039 crea-

1790 3084 1936 3128 turas
1963 3074 2332 3138 sanetiiicans,
2368 3074 2505 3127 alius
2537 3075 2604 3127 ab
2662 3090 2848 3128 earum
2899 3086 2981 3129 est
3027 3078 3353 3143 substantia,

1788 3169 2037 3237 quoniam
2070 3168 2244 3221 onmis
2275 3179 2521 3222 creatura
2558 3184 2660 3220 non
2688 3183 2751 3221 ex
2777 3184 2871 3223 sua
2896 3171 3217 3237 substantia,
3259 3174 3353 3227 sed

1790 3272 1855 3309 ex
1885 3257 2259 3311 communione
2288 3258 2509 3311 alterius
2563 3260 2867 3313 sanctitatis
2904 3269 3092 3315 Sancta
3144 3264 3356 3330 perlici-

1787 3356 1892 3400 tur.
3254 3418 3255 3421 η

1858 3438 1908 3490 7.
1952 3438 2089 3493 Dicti
2131 3448 2255 3493 sunt
2304 3440 2517 3508 quidem
2546 3442 2714 3495 sancti
2753 3443 2925 3511 angeli
2959 3443 3011 3497 in
3044 3444 3354 3515 Evangelio,

1790 3531 2070 3584 Salvatore
2117 3531 2350 3596 dicente,
2400 3541 2682 3585 venturum
2723 3549 2845 3588 esse
2903 3534 3096 3589 Filium
3125 3538 3357 3590 hominis

1788 3620 1840 3673 in
1890 3621 2169 3689 majestate
2218 3638 2313 3674 sua
2365 3630 2419 3676 et
2466 3622 2663 3689 Patris,
2711 3634 2765 3678 et
2801 3636 3109 3680 sanctorum
3136 3628 3356 3696 angelo-

1787 3726 1904 3763 rum
1939 3712 2005 3764 ²¹.
2040 3712 2101 3764 Ει
2146 3713 2425 3767 Cornelius
2460 3715 2508 3766 in
2536 3715 2759 3769 Actibus
2789 3718 3149 3784 apostolorum
3172 3736 3198 3772 a
3228 3736 3356 3774 san—

1787 3812 1873 3856 cto
1913 3804 2102 3873 angelo
2144 3805 2399 3857 scribitur
2454 3805 2550 3876 [aL
2592 3808 2898 3880 subjicitur]
2962 3813 3233 3879 accepisse
3263 3827 3351 3866 re-

1790 3911 2049 3964 sponsum
2077 3897 2144 3957 “,
2188 3906 2243 3949 ut
2290 3895 2511 3950 Petrum
2574 3899 2638 3952 ad
2682 3914 2741 3953 se
2789 3898 2987 3954 Christi
3035 3901 3352 3970 discipulum

1788 3999 2031 4042 vocaret.
2098 3987 2291 4041 Verum
2350 3990 2520 4042 sancti
2565 3998 2692 4043 sunt
2739 3990 2912 4057 angeli
2944 3991 3355 4060 participatione

1791 4077 2025 4147 Spiritus
2072 4080 2265 4141 sancti,
2310 4088 2363 4133 et
2416 4079 2805 4134 inhabitatione
2843 4079 2940 4150 [αι.
2977 4083 3347 4135 communica-

1787 4169 1952 4241 tione]
1990 4172 2249 4240 unigeniti
2279 4170 2396 4223 Filii
2426 4171 2537 4231 Dei,
2572 4171 2663 4240 qui
2704 4174 2961 4225 sanctitas
2995 4179 3096 4236 est,
3128 4183 3182 4227 et
3202 4187 3356 4227 com-

1785 4263 2079 4331 municatio
2103 4264 2278 4315 Patris
2302 4263 2437 4334 (l6).
2465 4263 2540 4317 De
2574 4277 2679 4332 quo
2710 4264 2959 4317 Salvator
2981 4264 3055 4318 ait
3086 4282 3099 4317 :
3139 4282 3157 4314 ε
3190 4262 3355 4318 Pater

1786 4355 2090 4410 sancte'm
2118 4354 2173 4409 Si
2198 4356 2363 4423 igitur
2397 4355 2566 4425 angeli
2607 4370 2711 4410 non
2749 4371 2812 4409 ex
2848 4357 3062 4426 propria
3101 4358 3356 4411 substanv

1788 4447 1858 4500 tia
1888 4446 2057 4500 sancti
2083 4456 2226 4510 sunt,
2263 4446 2354 4500 sed
2391 4460 2457 4500 ex
2488 4446 2900 4514 participatione
2935 4459 3137 4502 sanctae
3173 4446 3357 4500 Trini-

601 4651 690 4703 15.
769 4650 812 4681 ¹⁶
857 4650 1052 4719 Ephes.
1130 4665 1203 4711 tv,
1263 4650 1351 4704 50.
1430 4652 1473 4683 ¹⁷
1512 4650 1665 4705 Joan.

603 4720 737 4777 .26.
813 4720 1196 4777 "Act.x.22.
1273 4718 1661 4777 "Joan.xvtt.

1822 4692 1832 4717 ,
1896 4650 1986 4704 se.
2065 4650 2106 4682 ιε
2145 4650 2335 4703 Matth.
2368 4636 2674 4715 xxvm,19.
2753 4650 3089 4706 “ibid.20.
3165 4652 3349 4705 "Act.

135 4854 217 4921 que
262 4859 321 4897 ex
364 4862 423 4900 se
488 4849 714 4922 habere,
760 4837 919 4920 atque
970 4855 1100 4906 adeo
1142 4869 1302 4921 posse
1354 4856 1677 4922 quandoque
1709 4840 1875 4907 Ddes
1898 4853 1948 4905 in
1974 4849 2420 4922 Paradiso,_cap.
2476 4847 2546 4901 ιι
2593 4848 2828 4922 masime
2848 4862 2974 4922 vero
3028 4846 3251 4922 ilierou.
3297 4847 3348 4900 in

134 4911 367 4991 amittere,
421 4920 572 4985 quod
623 4911 909 4991 aliquando
939 4911 1192 4988 cepisset.
1257 4943 1275 4975 ε
1304 4911 1615 4991 (ᾆδ’ρειῑιίίθῐίι
1650 4945 1668 4975 ι

132 4994 236 5061 vero
260 4987 760 5061 ideo_crede_ndum,
784 4987 1035 5060 quoniam
1067 4994 1287 5061 implere
1317 4987 1462 5045 illum
1488 4996 1670 5058 corda,

134 5060 269 5115 atque
300 5058 514 5130 animas
549 5058 998 5115 ﬁdelium—multis
1052 5058 1185 5116 locis
1229 5062 1517 5130 Scriptura:
1595 5074 1674 5116 te-

130 5129 325 5177 slanlur.
353 5126 668 5179 Consonat”
692 5129 781 5182 alii
815 5130 1020 5184 Patres.
1048 5134 1248 5186 Auctor
1294 5126 1664 5184 Allercationis

131 5202 225 5268 cupi
252 5194 529 5268 l’qscentio
558 5199 753 5268 Ariona
777 5201 905 5253 olim
933 5201 1073 5253 inter
1094 5202 1319 5268 August.
1350 5204 1508 5266 epist.
1544 5203 1670 5256 I77:

136 5255 258 5338 tEst
313 5264 638 5333 incapabilis
714 5268 905 5334 Pater,
962 5286 1120 5334 quem
1178 5255 1319 5338 capit
1374 5255 1541 5324 Filius
1595 5255 1675 5324 to?

130 5334 217 5410 tum
349 5353 368 5385 ι
411 5330 557 5401 tum,
608 5330 926 5403 quibusdam
981 5330 1295 5406 interjectis,
1351 5359 1369 5390 t
1401 5342 1489 5408 qui
1530 5343 1673 5410 capit

129 5407 298 5475 omnia,
324 5418 485 5475 qu_em
523 5417 668 5470 captt
699 5424 883 5471 nemo;
910 5410 1003 5462 sed
1051 5412 1347 5471 hominum,
1379 5407 1499 5461 nam
1532 5407 1672 5463 totus

132 5472 355 5548 Qplllﬁg
381 5472 544 5548 Filio.
586 5494 602 5526 ι
634 5474 689 5527 ln
714 5478 931 5530 Arnobii
969 5488 1017 5530 et
1068 5480 1372 5545 Serapionis
1412 5477 1672 5548 Con/(ictu

129 5540 396 5615 P33:A§5435_:
428 5561 447 5593 ι
482 5544 627 5615 Deus
652 5562 839 5613 capax,
882 5564 984 5599 non
1013 5540 1290 5615 capabilis.
1321 5567 1338 5598 ι

310 5612 475 5685 Qlim,
508 5632 529 5685 ᾳ
567 5614 635 5685 De
654 5604 841 5668 sancto
874 5604 1418 5683 Spiritu'tractemus.
1454 5638 1472 5670 ›

189 5675 287 5756 μδ)
324 5678 467 5756 lijus
511 5683 633 5756 libri
682 5686 844 5756 etiam
902 5675 1056 5753 paulo
1099 5686 1235 5738 infra
1292 5690 1549 5752 meminit,
1581 5690 1670 5743 ubi

131 5745 227 5824 ide
252 5745 465 5824 quibus,
498 5767 518 5799 ι
550 5750 741 5818 inquit,
770 5770 788 5801 t
809 5745 1285 5824 janiabuudanter
1316 5758 1366 5807 iu
1395 5745 1668 5811 Sectnrum

128 5811 826 5886 voluminedisputavimus:
850 5842 868 5873 ι
904 5823 1140 5877 Meminit
1182 5841 1393 5894 quoque
1436 5826 1673 5881 Heracli-

1768 4923 2040 4989 Catalogo,
2086 4917 2383 4989 cap.7109,
2426 4932 2453 4968 a
2528 4932 2636 4989 quo
2686 4918 2857 4989 liher‘
2897 4916 2973 4968 De
3019 4917 3349 4989 dogmatibus

1769 4986 2086 5061 appellatur,
2108 4988 2285 5061 lacile_
2300 4987 2443 5061 enim
2490 4986 2629 5053 Περὶ
2653 4986 2981 5061 -δογμάτῳν
3017 4987 3349 5061 inscribeba-

1771 5055 1876 5127 tur,
1911 5072 1966 5113 ut
1993 5075 2056 5111 ex
2106 5060 2219 5127 ipso
2260 5057 2483 5123 Didymo
2544 5058 2698 5122 paulo
2754 5058 2977 5127 interius
3038 5055 3163 5109 licet
3196 5056 3349 5108 colli-

1769 5126 1916 5198 gere,
1968 5129 2078 5198 ubii
2118 5146 2135 5177 ‹
2169 5126 2426 5192 Spiritum
2463 5140 2731 5198 _SaItCtUII|
2776 5126 3086 5198 Creatorem
3118 5145 3139 5198 rt
3198 5142 3345 5188 esse,

1776 5194 1930 5267 ijatn
1964 5199 2013 5249 in
2045 5197 2362 5262 Dogmatum
2395 5194 2661 5267 volumine
2692 5214 2710 5243 ι
2772 5211 2832 5267 se
2886 5196 3020 5247 dicit
3061 5213 3079 5245 t
3114 5197 3348 5249 breviter

1768 5262 2065 5323 ostendisse
2094 5282 2109 5331 ;
2143 5285 2160 5315 ι
2196 5278 2342 5334 certe
2370 5278 2474 5334 non
2522 5263 2659 5329 Περὶ
2710 5262 3011 5334 αἱρέσεως.
3051 5273 3107 5316 ut
3131 5266 3347 5334 quidaut

1770 5338 1994 5459 opinact)i9
2033 5346 2175 5391 sunt.
2227 5331 2776 5387 Vid.’l‘heodoretutn
2834 5335 2887 5386 in
2954 5333 3090 5386 Hist.
3148 5331 3244 5389 lib.
3275 5350 3349 5398 tv,

1773 5423 1891 5459 can.
1929 5444 1959 5458 ..
2001 5449 2013 5459 .

1773 5423 2214 5547 ωῗίὸῖθῖιιοιοε.
2246 5488 2372 5536 ms.,
2412 5491 2431 5522 ι
2458 5472 2757 5540 spiritualis
2801 5472 3073 5542 particeps
3121 5482 3175 5525 et
3227 5488 3353 5525 sau-

1769 5556 1964 5683 cwibiii;
2006 5613 2314 5680 Perperam,
2348 5622 2405 5664 ut
2431 5610 2689 5683 pleraque
2715 5610 2837 5673 alia,
2863 5610 3195 5683 Tholosan‘us
3224 5627 3347 5669 ms.,

1779 5680 2313 5753 t|incircumscripta
2366 5682 2689 5735 iuhabitauti
2738 5683 3039 5734 Substautia
3110 5680 3339 5734 demou-

1769 5764 2166 5893 s‘rzllgjr.\,’etus
2203 5823 2387 5886 editio,
2439 5840 2457 5872 ι
2481 5831 2535 5874 et
2574 5820 3057 5875 communicatione
3094 5817 3289 5872 Patris.
3322 5836 3339 5865 ι
