3738 6330
398 295 427 303 —

396 364 530 417 1059

1616 350 1848 406 DIDYMI
1888 350 2356 407 ALEXANDRINI

3490 354 3601 409 10111

395 480 555 542 tatis,
602 491 703 528 ana
751 472 1059 540 angelorum
1108 470 1409 525 ostenditur
1459 485 1487 519 δ
1530 467 1794 522 Trinitate
1843 481 1962 521 esse
1992 472 2031 527 Α
2068 468 2329 539 εοίριίηω,
2360 482 2464 522 non
2501 468 2551 522 itt
2582 469 2748 523 cassis
2783 469 3087 525 nominibus
3115 471 3355 526 scientia
3381 472 3603 529 substan-

391 566 709 621 snhstantia.
752 563 822 618 Ut
850 564 993 617 enim
1025 563 1183 616 Pater
1215 558 1579 620 sanctiﬁcans,
1610 558 1746 610 alius
1781 566 1862 611 est
1887 557 1953 610 ab

392 659 475 711 his
507 656 597 725 qui
650 654 1095 717 sanctiﬁcantur;
1132 661 1186 705 et
1239 649 1408 704 Filius
1460 658 1542 702 est
1586 647 1719 701 alius
1767 647 1833 700 ab
1871 647 1956 701 his

390 765 524 817 quos
547 747 710 800 eflicit
750 755 963 798 sanctos
992 761 1006 796 :
1035 743 1105 796 ila
1137 752 1190 795 et
1221 741 1454 809 Spiritus
1482 748 1702 793 sanctus
1733 738 1954 791 alterius

393 852 479 894 est
511 837 823 893 sanIautiae
853 837 920 889 ab
960 835 1044 888 bis
1074 848 1210 901 quos
1256 832 1336 886 sui
1377 831 1660 901 largitione
1711 830 1953 884 sanctiﬁ-

393 944 495 988 cat.
544 932 597 986 Si
626 946 751 984 vero
792 926 1026 984 haeretici
1062 924 1466 994 proposuerint,
1507 938 1569 976 ex
1613 931 1798 975 natura
1826 936 1954 975 con-

392 1024 610 1079 ditionis
669 1036 779 1075 suae
836 1017 1055 1083 angelos
1110 1023 1326 1069 sanctos
1378 1019 1956 1078 essezconseqnenter

389 1125 654 1187 coguntur
690 1115 871 1168 dicere
912 1109 1202 1181 ὁμουσίους
1227 1122 1346 1161 esse
1376 1103 1651 1165 Trinitati,
1690 1112 1743 1157 et
1766 1103 1954 1157 incon-

394 1206 714 1262 vertibiliter
746 1218 839 1257 eos
867 1200 1021 1268 juxta
1070 1197 1425 1253 substantiam
1474 1204 1688 1250 sanctos
1714 1208 1851 1249 esse.
1895 1192 1951 1245 Si

389 1308 565 1353 autem
595 1298 692 1351 hoc
718 1294 1061 1363 refugientes,
1112 1290 1368 1353 dixerint,
1411 1289 1569 1343 unius
1607 1288 1820 1359 quidem
1858 1300 1954 1338 na-

390 1398 521 1443 turae
548 1403 667 1443 esse
693 1402 812 1440 cum
842 1384 1053 1440 caeteris
1092 1381 1383 1445 creaturis,
1432 1397 1536 1437 non
1579 1390 1754 1434 tamen
1805 1391 1955 1431 eam-

389 1483 509 1537 dem
556 1482 758 1535 babere
809 1478 1170 1541 sanctitatem,
1202 1490 1365 1542 quam
1410 1473 1657 1529 homines
1699 1472 1899 1526 habent
1935 1487 1947 1521 :

388 1572 695 1628 necessario
721 1570 1012 1627 deducetur
1040 1567 1175 1640 (t7),
1202 1577 1259 1622 ut
1287 1568 1467 1621 dicant
1507 1565 1674 1620 multo
1716 1562 1952 1618 melioris

389 1665 635 1720 homines
656 1677 775 1718 esse
797 1662 1128 1725 substantiae;
1153 1674 1273 1713 eum
1302 1659 1356 1713 hi
1393 1673 1487 1726 per
1515 1655 1945 1712 communionem

392 1754 675 1808 Trinitatis
696 1752 930 1806 habeant
951 1750 1318 1815 sanetitatem,
1334 1760 1389 1802 et
1408 1746 1827 1818 angeli,propria
1856 1760 1952 1798 na-

2064 562 2188 614 tiam
2245 562 2514 631 possidet;
2572 563 2663 614 sed
2721 577 2816 630 per
2875 573 3120 617 naturam
3177 564 3602 633 sanctiﬁcantem,

2064 660 2118 705 et
2160 652 2470 720 implentem
2516 652 2669 705 bonis
2709 654 2982 718 universa,
3024 654 3194 707 bonus
3224 654 3339 724 ipse
3365 656 3601 721 subsistit,

2056 740 2206 809 juxta
2251 756 2408 809 quam
2444 753 2498 795 et
2534 741 2719 807 repleti
2766 741 2981 810 quidam
3031 742 3231 811 Spiritu
3277 755 3469 797 sancto
3509 760 3604 801 esse

2062 833 2333 897 dicuntur,
2378 844 2435 887 ut
2480 834 2531 886 itt
2576 834 2798 887 Actibus
2848 834 3210 901 apostolorum
3241 836 3500 904 scriptum
3524 850 3604 904 est,

2065 941 2083 973 ι
2110 923 2175 977 Et
2207 923 2388 993 repleti
2426 935 2551 979 sunt
2578 941 2766 978 omnes
2795 926 2998 993 Spiritu
3029 937 3233 991 sancto,
3266 936 3320 981 et
3343 927 3608 995 loqueban-

2061 1023 2146 1068 tur
2171 1016 2391 1069 verbum
2412 1016 2503 1069 Dei
2536 1032 2656 1069 cum
2678 1016 2869 1069 ﬁducia
2900 1017 2965 1068 '9.
2998 1036 3017 1070 ι
3053 1017 3168 1082 Quo
3191 1019 3351 1072 modo
3382 1018 3517 1072 enim
3536 1020 3607 1087 qui

2059 1102 2237 1172 aliqua
2273 1103 2551 1171 disciplina
2586 1104 2775 1173 plenus
2795 1113 2898 1170 est,
2928 1106 3017 1174 qui
3047 1107 3284 1177 perfecte
3310 1122 3432 1162 eam
3454 1107 3606 1171 habet,

2058 1195 2264 1248 erudite
2290 1202 2344 1246 et
2373 1195 2636 1248 subtiliter
2650 1206 2822 1265 potest
2845 1198 2908 1251 dc
2931 1212 2994 1251 ea
3016 1197 3259 1265 proferre
3282 1211 3570 1252 sermonem
3594 1218 3606 1252 :

2057 1286 2137 1339 sic
2178 1285 2266 1354 qui
2307 1282 2566 1354 Spiritum
2615 1296 2857 1339 sanctum
2901 1297 3270 1342 consummate
3308 1288 3609 1357 acceperint,

2060 1377 2132 1431 ita
2156 1385 2212 1430 ut
2232 1376 2552 1445 impleantur
2575 1390 2660 1441 eo,
2686 1392 2810 1431 cum
2838 1377 3026 1431 ﬁducia
3050 1380 3269 1432 verbum
3298 1377 3393 1431 Dei
3422 1376 3611 1446 loquun-

2060 1477 2164 1534 tur,
2181 1466 2303 1535 quia
2328 1481 2561 1535 praesens
2585 1465 2819 1536 Spiritus
2848 1477 3066 1523 sanctus
3089 1470 3303 1538 dignam
3322 1470 3435 1523 Deo
3453 1483 3609 1522 vocent

2064 1560 2356 1613 ministrat.
2406 1557 2545 1612 Hinc
2583 1558 2799 1625 quidam
2844 1556 2941 1630 [αι.
2973 1556 3127 1613 Unde
3157 1570 3212 1613 et
3237 1556 3488 1629 quidam]
3512 1572 3609 1612 cum

2058 1653 2344 1723 supercilio
2400 1652 2518 1708 ait:
2559 1671 2577 1704 ι
2604 1653 2727 1707 [hee
2776 1654 2907 1707 dicit
2950 1652 3183 1722 Spiritus
3237 1662 3461 1707 sanctus
3495 1651 3605 1718 ³⁹ςι

2058 1757 2114 1803 et
2162 1747 2493 1817 Apostolus:
2550 1747 2714 1802 t-Sed
2778 1746 3109 1816 implemini,
3160 1746 3373 1816 inquit,
3434 1745 3611 1815 Spiritu

391 1858 506 1901 tura
526 1845 721 1910 sancti,
748 1845 816 1899 ab
838 1858 897 1896 ea
924 1844 1030 1897 sint
1055 1841 1234 1896 alieni.
1258 1841 1364 1896 Sed
1385 1848 1504 1894 vota
1528 1850 1649 1894 sunt
1670 1839 1945 1894 hominum
1979 1845 2021 1903 Β
2050 1848 2236 1893 saneto
2260 1839 2341 1906 ³¹;
2368 1859 2386 1891 ι
2418 1848 2473 1895 et
2501 1839 2553 1893 in
2579 1838 2763 1893 multis
2808 1838 2939 1894 locis
2984 1839 3217 1894 Actuum
3250 1838 3611 1908 apostolorum,

389 1936 792 2004 perfectorum,
850 1942 902 1987 et
955 1933 1020 1985 ad
1074 1930 1595 1987 consummationem
1649 1929 1949 1984 sanctitatis

388 2025 751 2087 venientium,
822 2022 1054 2091 aequales
1106 2021 1311 2092 angelis
1382 2020 1498 2075 ﬁeri
1564 2019 1695 2090 (l8).
1762 2019 1950 2089 Angeli

387 2116 584 2185 quippe
629 2114 955 2179 hominibus,
1000 2122 1053 2168 et
1104 2128 1209 2167 non
1262 2112 1507 2167 homines
1555 2110 1759 2181 angelis
1791 2110 1947 2164 auxi-

388 2206 518 2259 lium
552 2204 791 2258 tributmt
818 2245 833 2270 ,
879 2202 1244 2257 ministrantes
1270 2202 1348 2257 eis
1377 2202 1630 2264 salutem,
1655 2210 1710 2255 et
1743 2215 1952 2254 annun-

388 2295 586 2348 tiantes
634 2293 713 2347 eis
762 2292 993 2358 largiora
1038 2291 1130 2345 Dei
1179 2290 1441 2345 beneﬁcia
1470 2290 1603 2360 (l9).
1634 2290 1710 2344 Ex
1748 2305 1856 2360 quo
1884 2291 1953 2344 li-

391 2384 555 2453 quido
584 2382 891 2437 ostenditur
937 2380 1365 2436 honorabiliores
1404 2390 1459 2435 et
1500 2381 1667 2436 multo
1702 2381 1954 2437 meliores

391 2490 512 2529 esse
542 2472 758 2544 angelos
788 2472 1113 2537 hominibus,
1161 2485 1257 2539 per
1300 2473 1718 2542 germaniorem,
1771 2480 1830 2526 ut
1878 2472 1950 2526 ita

388 2568 584 2629 dicam,
609 2574 663 2619 et
693 2564 983 2634 pleniorem
1003 2562 1284 2617 Trinitatis
1312 2563 1752 2632 assumptionem.

457 2657 510 2711 8.
552 2654 888 2724 Quapropter
911 2669 1032 2709 cum
1062 2653 1201 2707 alius
1236 2654 1308 2708 sit
1340 2652 1575 2723 Spiritus
1617 2664 1837 2709 sanctus
1869 2655 1938 2708 ab

387 2748 472 2802 his
498 2764 616 2817 quae
642 2749 753 2816 ipse
780 2745 1102 2810 sanctiﬁcat,
1131 2759 1234 2799 non
1262 2753 1346 2799 est
1380 2745 1538 2798 unius
1571 2754 1795 2809 naturae,
1828 2760 1950 2799 cum

387 2842 597 2895 caeteris
627 2839 889 2894 creaturis
924 2852 1042 2908 qua:
1078 2852 1198 2892 eum
1228 2837 1515 2907 recipiunt.
1564 2838 1619 2892 Si
1660 2847 1838 2892 autem
1877 2837 1954 2891 al-

390 2933 559 2986 terius
588 2940 669 2986 est
700 2940 904 2984 natura:
928 2944 956 2982 a
978 2928 1268 2994 creaturis,
1299 2938 1353 2982 et
1386 2929 1439 2983 in
1465 2929 1676 2997 propria
1714 2929 1959 2983 subsistit

391 3024 647 3088 essentia,
705 3022 979 3076 increatus
1010 3031 1064 3076 et
1096 3020 1376 3076 ineffectus
1419 3022 1743 3077 ostenditur.
1780 3021 1957 3076 Multa

393 3116 684 3185 Scriptura:
723 3125 869 3178 sunt,
917 3128 1035 3183 quae
1090 3113 1210 3169 sine
1252 3114 1603 3184 ambiguitate
1634 3115 1957 3169 convincant

2058 1929 2198 1996 pleni
2260 1929 2426 1984 fuisse
2472 1929 2677 1996 Spiritu
2727 1938 2918 2003 sancto
2971 1930 3216 1999 discipuli
3254 1929 3467 1983 Domini
3499 1930 3615 1983 seri.

2059 2017 2300 2072 buntur:
2337 2038 2355 2071 ι
2387 2020 2736 2074 Considerate
2761 2033 2914 2088 ergo,
2950 2017 3169 2084 fratres,
3194 2020 3343 2073 viros
3385 2034 3452 2072 ex
3490 2019 3619 2073 vobis

2062 2110 2420 2166 testimonium
2483 2111 2746 2166 habentes
2786 2120 3012 2182 septem,
3048 2111 3232 2181 plenos
3260 2111 3469 2181 Spiritu
3501 2126 3609 2166 sanv

2059 2210 2147 2256 cto
2174 2211 2227 2256 et
2263 2201 2522 2269 sapientia
2557 2203 2677 2268 ³⁹;›
2722 2212 2776 2257 et
2821 2204 2889 2257 de
2930 2202 3245 2271 Stephano:
3287 2219 3307 2253 t
3365 2201 3503 2257 Cum
3541 2218 3620 2255 au-

2062 2300 2168 2346 tem
2226 2291 2416 2360 plenus
2469 2282 2614 2347 esset
2658 2293 2857 2361 Spiritu
2911 2304 3118 2357 sancto,
3158 2297 3376 2348 intuens
3430 2295 3487 2348 in
3524 2309 3620 2348 cte—

2061 2382 2192 2449 lnm,
2222 2383 2355 2437 vidit
2389 2384 2615 2454 gloriam
2656 2385 2768 2449 Dei,
2799 2393 2852 2439 et
2878 2384 3064 2440 Jesum
3092 2395 3327 2441 stantem
3361 2402 3391 2440 a
3429 2387 3620 2441 dextris

2066 2474 2153 2526 Dei
2178 2474 2274 2538 ³³;›
2297 2485 2351 2528 et
2374 2475 2438 2528 de
2462 2474 2741 2530 electionis
2765 2490 2891 2530 vase
2913 2476 3109 2531 dicitur
3132 2489 3149 2529 :
3177 2475 3406 2530 «Saulus
3429 2486 3619 2540 autem,

2062 2563 2230 2629 quiet
2275 2562 2492 2629 Paulus,
2546 2565 2736 2631 plenus
2790 2564 2992 2635 Spiritu
3043 2575 3253 2632 saneto,
3313 2567 3532 2621 intuens
3578 2568 3622 2620 in

2060 2667 2183 2704 eum
2211 2653 2283 2705 ait
2309 2652 2382 2717 “;
2410 2672 2428 2705 ι
2467 2662 2521 2707 et
2562 2655 2615 2707 in
2650 2669 2935 2708 commune
2960 2654 3026 2709 de
3055 2655 3321 2710 universis
3363 2656 3620 2710 credenti-

2063 2742 2162 2795 bus
2190 2752 2482 2797 annotatnr
2509 2761 2523 2797 :
2562 2762 2579 2795 t
2609 2744 2861 2812 Discipuli
2891 2759 3104 2813 quoque
3133 2745 3482 2813 replebantur
3504 2761 3621 2813 gau-

2062 2831 2150 2884 dio
2195 2844 2247 2887 et
2300 2834 2500 2902 Spiritu
2537 2843 2722 2889 sancto
2747 2835 2811 2888 ³⁸.
2856 2854 2875 2887 ι
2907 2836 3092 2904 Angeli
3114 2846 3295 2891 autem
3324 2844 3620 2906 praesentia,

2062 2922 2177 2976 sive
2220 2922 2447 2993 alicujus
2488 2924 2711 2979 alterius
2739 2926 3049 2981 excellentis
3081 2937 3311 2991 naturae,
3341 2943 3463 2996 quae
3495 2928 3622 2981 facta

2062 3021 2165 3078 est,
2200 3030 2301 3067 non
2326 3016 2510 3084 implet
2542 3028 2778 3071 mentem
2819 3027 2979 3088 atque
3009 3033 3257 3086 sensum;
3292 3021 3418 3089 quia
3445 3032 3499 3074 et
3528 3022 3627 3089 ipsa

2062 3107 2274 3162 aliunde
2324 3109 2638 3176 completur.
2670 3110 2785 3176 Quo
2814 3113 2971 3164 modo
3030 3112 3171 3164 enim
3205 3126 3271 3164 ex
3311 3112 3629 3181 plenitudine

393 3201 613 3256 alterius
663 3215 864 3254 eutu-a
910 3202 1117 3255 cunctis
1162 3200 1556 3257 conditionibus
1584 3216 1704 3257 esse
1729 3212 1954 3257 naturae.
1984 3205 2025 3262 c
2062 3198 2182 3265 quis
2233 3198 2501 3266 accipiens
2548 3197 2866 3262 salvatoris.
2916 3199 3105 3268 plenus
3157 3198 3389 3253 efficitur
3427 3200 3630 3268 sapien-

394 3293 619 3358 Quidam
653 3292 813 3346 etiam
865 3292 1068 3361 Spiritu
1130 3302 1317 3347 sancto
1352 3292 1490 3361 pleni
1525 3308 1649 3348 esse
1673 3294 1954 3359 dicuntur;

394 3398 550 3438 nemo
597 3393 774 3437 autem
817 3384 929 3437 sive
965 3382 1015 3435 in
1058 3382 1372 3452 Scripturis,
1418 3385 1530 3439 sive
1574 3386 1626 3439 in
1672 3394 1958 3439 consuetu-

391 3473 560 3537 dine,
618 3472 805 3541 plenus
854 3481 1112 3541 ‘creatura
1163 3473 1377 3528 dicitur.
1435 3473 1622 3545 Neque
1676 3476 1816 3530 enim
1868 3484 1961 3529 aut

392 3563 676 3631 Scriptura
720 3562 821 3616 sibi
864 3562 965 3616 hoc
1006 3562 1261 3642 vintt‘lical,
1291 3572 1383 3617 aut
1415 3579 1594 3618 sermo
1636 3564 1955 3630 communis,

395 3666 454 3709 ut
491 3655 638 3709 dicas
665 3653 877 3723 plenum
907 3668 1026 3708 esse
1048 3656 1353 3723 quempiam
1382 3655 1590 3724 angelo,
1624 3657 1836 3723 throno,
1866 3658 1961 3710 do-

392 3747 721 3810 minatione;
751 3744 847 3799 soli
874 3745 1070 3815 quippe
1107 3744 1301 3799 divinae
1348 3756 1552 3799 naturae
1593 3746 1683 3801 hic
1712 3748 1963 3801 convenit

393 3849 593 3891 sermo.
636 3834 869 3888 Dicimus
892 3845 1073 3887 autem
1112 3834 1324 3887 virtutis
1365 3842 1418 3887 et
1457 3834 1752 3901 diseiplinae
1796 3848 1961 3902 quos-

394 3929 516 3980 dam
568 3942 687 3980 esse
736 3925 1047 3994 plenoszut
1084 3924 1212 3978 illud
1292 3922 1589 3991 «Replettts
1627 3932 1709 3977 est
1758 3922 1960 3992 Spiritu

391 4028 579 4072 sancto
610 4016 685 4083 “;
709 4036 728 4068 ι
761 4032 864 4070 non
896 4016 1039 4069 aliud
1072 4013 1434 4083 signiﬁcantes
1454 4031 1611 4082 quam
1639 4014 1824 4084 plenos
1845 4028 1964 4069 esse

392 4122 777 4167 consummata:
803 4120 961 4177 atque
994 4107 1245 4176 perfecta:
1274 4107 1509 4161 virtutis.
1570 4106 1839 4174 Scriptum
1875 4113 1960 4159 est

396 4202 461 4254 de
498 4199 743 4255 Joanne:
778 4216 796 4248 ι
828 4197 891 4249 Ει
949 4195 1149 4263 Spiritu
1201 4200 1393 4248 sancto
1438 4192 1748 4261 implebitur
1783 4191 1957 4245 adhuc

392 4307 458 4345 ex
498 4300 650 4344 utero
693 4290 877 4341 matris
911 4301 1020 4341 suae
1048 4285 1093 4315 "
1115 4324 1130 4347 ,
1156 4303 1174 4335 ι
1215 4294 1270 4338 et
1307 4284 1539 4336 iterum:
1576 4300 1595 4332 ι
1618 4280 1837 4350 Repleta
1883 4288 1967 4334 est

395 4375 595 4442 Spiritu
625 4382 813 4427 sancto
844 4370 1115 4424 Elisabeth
1144 4368 1265 4437 ἐκ)
1302 4377 1356 4421 et
1394 4376 1513 4437 post
1544 4367 1644 4420 alia
1672 4382 1686 4419 :
1719 4366 1807 4418 «Et
1837 4363 1960 4433 Spi-

396 4468 500 4519 ritu
550 4474 738 4519 sancto
780 4461 1010 4531 repletus
1059 4471 1140 4514 est
1194 4458 1484 4512 Zacharias
1507 4467 1659 4527 pater
1701 4458 1896 4527 ejus”.
1942 4475 1958 4509 ν

2065 3288 2161 3351 tia,
2191 3300 2241 3341 et
2272 3289 2466 3343 virtute
2507 3288 2637 3360 (20),
2670 3302 2716 3342 et
2738 3290 2967 3358 justitia,
3004 3300 3059 3346 et
3101 3305 3352 3346 sermone
3389 3291 3521 3345 Dei:
3559 3292 3628 3344 sic

2064 3381 2153 3448 qui
2185 3380 2385 3449 Spiritu
2417 3392 2602 3434 sancto
2632 3382 2824 3451 plenus
2868 3392 2971 3448 e5t,
3023 3383 3201 3436 statim
3236 3383 3513 3436 universis
3541 3382 3633 3434 do-

2065 3472 2373 3526 nationibus
2396 3471 2489 3526 Dei
2518 3473 2778 3542 repletur,
2807 3474 3091 3544 sapientia,
3118 3474 3369 3537 scientia,
3398 3473 3525 3535 ﬁde,
3543 3488 3633 3525 ra:-

2064 3564 2297 3633 terisque
2323 3566 2626 3623 virtutibus.
2654 3566 2752 3633 Qui
2783 3568 2945 3638 igitur
2969 3568 3152 3637 implet
3183 3570 3468 3621 universas
3489 3581 3637 3620 crea-

2066 3663 2232 3721 turas,
2265 3671 2384 3724 qua:
2422 3668 2597 3711 tatnen
2633 3669 2857 3728 possunt
2890 3659 3003 3729 (21)
3038 3660 3315 3724 virtutem,
3344 3667 3402 3712 et
3431 3658 3634 3726 sapien-

2064 3745 2196 3798 tiam
2230 3760 2424 3815 capere
2461 3787 2476 3812 ,
2517 3765 2618 3802 non
2652 3760 2734 3802 est
2768 3766 2831 3803 ex
2865 3750 2947 3803 bis
2980 3764 3098 3819 quae
3127 3752 3241 3818 ipse
3271 3750 3521 3818 complet.
3560 3743 3629 3797 Ex

2065 3849 2172 3903 quo
2222 3836 2496 3905 colligitur
2543 3838 2766 3892 alterius
2798 3849 2920 3892 eum
2954 3853 3073 3893 esse
3105 3840 3439 3900 substantiae,
3476 3848 3631 3902 quam

2067 3936 2195 3980 sunt
2222 3944 2411 3982 omnes
2430 3940 2709 3984 creaturze.
2740 3931 2983 3985 Diximus
3011 3941 3068 3984 et
3100 3931 3251 3993 alibi,
3284 3931 3411 3999 quia
3451 3941 3633 3996 super-

2066 4016 2397 4088 intelligatur
2430 4020 2481 4073 in
2515 4020 2684 4075 sancti
2721 4023 2955 4090 Spiritus
2996 4021 3296 4077 substantia
3323 4021 3485 4075 etiam
3526 4020 3635 4088 ple-

2066 4109 2251 4163 nitudo
2279 4103 2557 4165 munerum
2594 4114 2920 4169 divinorum.

2137 4200 2191 4255 9.
2234 4202 2473 4267 Denique
2522 4204 2853 4274 impossibile
2899 4216 2983 4261 est
3025 4215 3253 4275 gratiam
3309 4205 3405 4260 Dei
3457 4204 3636 4260 sortiri

2066 4293 2394 4362 quempiam,
2442 4294 2487 4347 si
2537 4310 2642 4348 non
2696 4295 2892 4350 habeat
2947 4296 3204 4366 Spiritum
3260 4305 3551 4351 sanctum:
3586 4296 3637 4348 in

2070 4397 2179 4451 quo
2205 4386 2565 4453 approbamns
2594 4385 2706 4456 (22)
2745 4398 2937 4443 cuncta
2990 4389 3088 4442 Dei
3134 4390 3272 4443 dona
3321 4393 3639 4443 consistere.

2068 4472 2218 4538 Quod
2255 4490 2383 4529 vero
2414 4477 2458 4530 is
2486 4479 2576 4545 qui
2622 4477 2822 4531 habeat
2870 4495 3017 4545 eum,
3074 4496 3380 4535 sermonem
3419 4494 3630 4549 quoqvc

400 4557 551 4611 llaud
593 4554 833 4620 dubittnt,
890 4554 1018 4622 quin
1065 4564 1118 4606 et
1154 4550 1389 4605 Joannes
1429 4548 1786 4617 prophetavit.
1832 4545 1965 4600 Nec—
2000 4566 2044 4621 ι)
2074 4566 2445 4634 δηρίριιιίερ,ρι
2468 4568 2670 4638 reliqua
2698 4569 2834 4625 bona
2865 4570 3101 4639 perfecte
3123 4545 3642 4626 consecutugsitgﬂ

402 4664 505 4702 non
544 4649 595 4702 itt
631 4646 852 4700 Actibus
889 4645 1249 4712 aposmlorum
1284 4643 1349 4695 de
1392 4640 1575 4695 ntultis
1625 4641 1967 4695 credentibus

397 4739 487 4806 qui
522 4738 573 4790 in
608 4751 769 4788 tuntm
804 4738 1199 4798 convenerant,
1240 4730 1510 4783 refertur:
1554 4747 1571 4779 t
1600 4728 1805 4797 llepleti
1842 4738 1967 4782 sunt

396 4831 600 4902 Spiritu
651 4840 838 4885 sancto
881 4827 945 4880 ’³.
977 4846 995 4878 ι
1054 4828 1187 4881 Cum
1236 4837 1415 4878 autem
1456 4821 1842 4891 participabilis
1895 4823 1965 4877 sit

393 4926 627 4995 Spiritus
653 4931 895 4984 sanctus,
927 4919 994 4974 ad
1039 4916 1444 4973 similitudinem
1476 4915 1752 4984 sapienti-aa
1784 4929 1848 4970 ac
1878 4914 1962 4968 di-

462 5105 508 5136 “
544 5103 711 5158 Exod.
744 5117 895 5168 xxxi,
926 5101 980 5155 ὅ.
1057 5100 1103 5132 ’⁸
1133 5097 1264 5152 Luc.
1289 5114 1327 5160 ι,
1359 5098 1462 5168 ta.
1514 5097 1567 5168 7"
1598 5096 1705 5150 ibid
1746 5096 1836 5151 41.

394 5176 436 5207 ⁸¹
467 5176 661 5243 Epltes.
699 5188 748 5238 v,
788 5174 874 5225 18.

464 5294 578 5364 (17)
622 5293 831 5357 Scribe,
865 5292 1037 5361 inquit
1075 5289 1349 5354 Barthius,
1397 5288 1744 5344 «necessario
1780 5305 1845 5345 eo
1868 5292 1961 5346 de-

394 5365 677 5426 ducentur,
708 5381 726 5413 ι
759 5374 860 5417 etc.

469 5435 582 5501 (l8)
620 5432 819 5487 Contra
856 5432 1117 5499 Origenes
1147 5428 1351 5497 angelis
1375 5437 1429 5482 et
1452 5427 1763 5501 hominibus
1794 5444 1957 5484 unam

398 5500 753 5571 eamdemque
789 5513 1031 5555 naturam
1063 5501 1265 5561 tribuit,
1315 5501 1377 5571 i_is
1402 5501 1608 5571 gsaltem
1638 5500 1727 5571 qui
1758 5503 1960 5553 sancti-

402 5576 528 5625 tatis
558 5568 765 5642 apicem
797 5582 998 5642 essent
1027 5571 1284 5624 assecuti.
1319 5568 1600 5642 Didymus,
1634 5568 1725 5642 qui
1765 5571 1957 5642 Orige-

404 5644 561 5693 niana
590 5638 835 5711 dogmata
862 5640 1060 5709 passim
1093 5642 1290 5693 dicitur
1324 5638 1608 5711 reeepisse,
1642 5640 1763 5711 vide
1794 5639 1863 5691 ab
1894 5654 1955 5692 ea

405 5707 969 5778 doctrina'qttatttum
1023 5711 1333 5761 abhorreat.
1387 5707 1584 5778 Confer
1632 5709 1793 5778 etiam
1838 5724 1958 5775 qua:

407 5788 535 5833 tom.
559 5779 579 5833 l
605 5774 763 5851 [Ορρ.
798 5778 1128 5849 lfieron.|ad
1144 5780 1463 5847 Synodicam
1491 5774 1790 5845 Theophili,
1821 5774 1874 5831 et
1906 5782 1956 5832 in

1916 5102 1961 5132 ’⁷
1998 5102 2129 5157 ibid.
2188 5102 2278 5156 67.
2351 5103 2398 5135 ’⁸
2434 5103 2553 5159 Act.
2613 5120 2677 5168 tt,
2733 5104 2788 5160 4.

951 5171 995 5201 ³¹
1030 5172 1150 5223 Act.
1186 5184 1261 5235 vt,
1295 5168 1350 5221 5.
1425 5167 1470 5198 ⁸³
1494 5167 1615 5221 Act.
1643 5182 1738 5232 vtt,
1762 5168 1851 5221 55.
1927 5170 1972 5203 “
2004 5175 2125 5227 Act.
2161 5190 2279 5237 xm,
2311 5174 2365 5229 9.

2077 4672 2217 4719 nunc
2266 4657 2553 4713 manifeste
2598 4674 2782 4713 sermo
2824 4668 3180 4725 demonstrat,
3220 4672 3279 4714 et
3311 4658 3468 4727 paulo
3514 4670 3641 4711 ante

2072 4739 2326 4805 diximus,
2349 4744 2697 4798 substantiam
2719 4753 2974 4800 bonorum
2998 4748 3087 4801 Dei
3111 4745 3371 4814 Spiritum
3391 4757 3638 4799 sanctum

2069 4844 2221 4898 esse;
2255 4847 2374 4885 cum
2416 4838 2692 4902 posuimus
2726 4839 3053 4907 exemplum,
3100 4854 3118 4887 t
3146 4836 3302 4889 Dabit
3333 4836 3489 4889 Pater
3511 4836 3632 4904 Spi-

2070 4921 2232 4976 ritum
2276 4934 2519 4978 sanctum
2543 4926 2853 4995 petentibus
2885 4942 2944 4981 se
2970 4924 3047 4957 ³⁸·
3075 4944 3095 4977 ι
3126 4934 3218 4979 et:
3251 4941 3271 4975 ι
3298 4925 3450 4979 Dabit
3480 4922 3643 4978 Pater

2960 5105 3090 5161 ibid.
3166 5105 3212 5137 ³⁸
3247 5104 3371 5160 Act.
3404 5120 3511 5173 xxt,
3552 5104 3638 5159 11.

2442 5174 2490 5205 ⁸⁸
2519 5175 2648 5229 ibid.
2677 5174 2768 5231 52.
2845 5174 2890 5205 ³⁸
2941 5173 3071 5229 Luc.
3099 5190 3176 5241 ιι,
3208 5176 3298 5230 15.

2066 5294 2217 5362 Epist
2250 5295 2331 5368 ad
2349 5295 2565 5349 Avitum
2597 5292 2997 5368 annotavimus.
3074 5362 3109 5368 __
3464 5358 3475 5368 ,

2139 5368 2248 5435 (19)
2289 5363 2462 5417 Vatie.
2498 5381 2600 5418 ms.
2631 5380 2750 5435 cum
2777 5365 2993 5430 antiqua
3027 5362 3182 5426 edit.,
3210 5379 3229 5413 ι
3256 5362 3645 5414 annuntiantcs

2064 5432 2157 5489 eis
2172 5435 2479 5501 largitorem
2511 5435 2649 5502 ejus.
2677 5432 2750 5485 Ex
2776 5448 2903 5499 quo,
2941 5450 2960 5483 ι
3003 5444 3110 5484 etc.

2136 5504 2245 5573 (20)
2272 5508 2383 5556 Duo
2411 5520 2537 5557 mss.
2579 5518 2699 5555 eum
2727 5503 2895 5573 veteri
2925 5502 3183 5564 editione,
3218 5520 3238 5552 ι
3264 5511 3320 5555 et
3344 5502 3593 5554 veritate.
3617 5513 3637 5544 ι

2138 5570 2248 5638 (2|)
2295 5574 2458 5627 Vetus
2511 5575 2699 5627 eadem
2742 5570 2931 5636 editio,
2991 5582 3339 5630 «creaturas,
3380 5577 3643 5635 quantum

2064 5652 2313 5714 possunt,
2349 5662 2367 5693 ι
2398 5654 2503 5697 etc.

2136 5714 2250 5779 (22)
2290 5702 2372 5765 Al.
2425 5730 2443 5761 ι
2470 5711 2895 5781 approbantur,»
2950 5714 3008 5761 et
3061 5722 3185 5761 mox
3228 5706 3443 5762 Tbolos.
3487 5702 3649 5765 eod.,

2068 5778 2480 5851 «consurgere,»
2504 5778 2611 5851 pro
2639 5799 2658 5833 t
2680 5778 3036 5837 consistere.»
