3758 6320
132 328 277 383 1041

1282 327 1484 384 LIBER
1533 326 1621 381 DE
1660 321 1926 380 SPlRl'l‘U
1969 320 2257 377 SANCTO.

3257 317 3396 373 1042

125 450 285 503 bona
334 456 642 517 petentibus
674 461 733 503 se
760 450 827 503 ⁸⁷.
860 468 879 501 ι
937 448 1046 505 Nec
1076 450 1393 505 existimare
1426 451 1704 515 debemus,
1736 458 1784 511 Α
1810 445 2074 516 spondere
2095 444 2140 475 “
2165 485 2180 498 .
2211 464 2229 498 ι
2263 442 2462 513 Spiritu
2488 456 2616 496 vero
2642 449 2830 495 sancto
2854 440 3119 495 tribuente
3143 443 3394 511 apostolis

136 540 413 609 Spiritum
465 550 711 594 sanctum
746 542 1038 596 secundum
1069 543 1398 597 substantias
1442 542 1540 615 [aL
1589 544 1720 597 sub-

122 629 426 702 stantiam]
471 646 591 686 esse
629 631 882 693 «livisum,
935 633 1057 701 quia
1110 632 1396 686 multitudo
1456 632 1720 686 honorum

126 720 358 774 dicatur
400 738 416 774 :
453 721 804 790 impassibilis
863 725 1051 787 enim,
1111 731 1166 778 et
1227 723 1570 777 indivisihilis
1639 733 1723 776 at-

126 826 246 878 que
306 812 656 866 immutabilis
716 823 846 878 est;
913 815 1006 868 sed
1047 813 1198 881 juxta
1253 813 1559 868 diﬂ‘ereutes
1611 812 1725 867 elli-

126 903 375 956 cientias
411 944 427 969 ,
484 913 538 958 et
592 904 939 969 intellectus,
1002 906 1182 958 multis
1243 905 1499 959 bonorum
1562 918 1722 958 voca-

128 994 285 1048 bulis
372 1006 767 1063 nuncupatur;
841 996 965 1064 quia
1052 996 1343 1065 participes
1411 1010 1539 1051 suos
1615 1010 1720 1050 non

117 1086 292 1152 juxta
325 1102 489 1139 unam
536 1088 893 1155 eamdemque
930 1089 1183 1141 virtutem
1216 1090 1595 1142 communione
1636 1088 1716 1141 sui

120 1180 342 1243 «tonet,
395 1178 595 1248 quippe
649 1195 772 1233 cum
823 1180 889 1232 ad
956 1180 1239 1233 utilitatem
1305 1181 1721 1249 uniuscujusque

120 1278 301 1335 aptus
340 1270 432 1334 sit,
483 1280 537 1323 et
585 1269 788 1338 repleat
835 1270 990 1324 bonis
1018 1285 1134 1335 eos,
1179 1270 1376 1340 quibus
1415 1270 1618 1336 judicat
1661 1286 1721 1325 se

125 1359 342 1413 adesse
404 1360 621 1414 debere.
683 1359 927 1429 Denique
987 1359 1293 1427 Stephanus
1367 1361 1575 1430 primus
1633 1360 1721 1418 ille

121 1450 297 1504 testis
352 1452 613 1517 veritatis,
646 1458 702 1505 et
735 1451 924 1520 dignus
969 1467 1069 1506 suo
1115 1452 1329 1506 nomine
1364 1452 1500 1523 (23),
1533 1453 1721 1521 plenus

122 1541 439 1609 sapientia,
480 1553 533 1596 et
579 1542 784 1612 Spiritu
844 1554 1034 1598 sancto
1073 1544 1250 1600 dictus
1295 1556 1420 1601 est:
1454 1548 1717 1616 sapientia

126 1643 539 1702 consequenter
581 1650 742 1705 super
779 1635 1071 1700 intellecta,
1138 1646 1507 1693 commorante
1554 1638 1606 1691 in
1653 1653 1718 1693 eo

129 1724 353 1794 Spiritu
389 1736 600 1791 sancto,
650 1728 791 1781 sicut
823 1728 1061 1797 loquitur
1086 1726 1366 1798 Scriptura
1394 1745 1409 1783 :
1448 1748 1467 1780 «
1500 1728 1563 1782 Et
1605 1728 1715 1783 ele-

1824 539 1987 594 verba
2020 537 2279 593 adversus
2308 553 2399 592 eos
2424 539 2514 605 qui
2548 535 2843 604 Evangelio
2868 536 3229 598 contraihant,
3267 538 3398 589 dilu-

1823 629 1941 683 cide
1983 629 2278 683 ostenditur
2308 630 2359 681 in
2428 626 2725 681 substantia
2755 629 2877 697 ejus
2899 627 3280 695 superintelligi
3312 643 3398 681 sa-

1822 720 2035 789 pientia:
2102 729 2159 771 et
2227 718 2465 771 scientiae
2517 733 2841 772 sermonem.
2891 716 3166 783 Quomodo
3216 728 3395 772 autem

1825 809 2074 864 Salvator
2119 810 2169 863 in
2236 809 2320 864 illa
2362 810 2493 863 hora
2541 823 2601 863 os
2653 819 2707 863 et
2756 809 3069 877 sapientiam
3121 809 3396 878 discipulis

1822 902 2099 973 largiatur,
2148 901 2344 970 quibus
2393 901 2763 955 contradicere
2818 918 2922 955 non
2972 910 3191 970 queant,
3235 916 3301 954 ne
3338 901 3395 954 hi

1820 993 2037 1063 quidem
2089 994 2179 1062 qui
2222 994 2360 1062 apud
2394 992 2640 1048 homines
2671 994 3093 1063 eloquentissimi
3120 1003 3392 1061 putantur,

1821 1099 1926 1136 non
1954 1092 2037 1137 est
2068 1084 2226 1152 hujus
2254 1085 2515 1152 temporis
2540 1084 2809 1139 disserere
2828 1124 2843 1148 ,
2875 1085 3002 1154 quia
3036 1100 3176 1139 nunc
3199 1101 3395 1152 propo-

1818 1176 2022 1228 suimus
2058 1177 2339 1229 ostendere
2392 1175 2781 1242 Superintelligi
2822 1191 3036 1243 semper
3084 1176 3133 1227 in
3190 1176 3394 1245 Spiritu

1819 1274 2008 1319 sancto
2041 1266 2177 1319 dona
2210 1268 2504 1333 virtutum;
2538 1267 2609 1320 ita
2642 1276 2696 1319 ut
2729 1268 2772 1320 is
2806 1269 2894 1335 qui
2923 1282 3043 1319 eum
3078 1266 3256 1328 habet,
3297 1269 3394 1321 do—

1823 1354 2131 1410 nationibus
2178 1355 2271 1409 Dei
2329 1356 2517 1425 plenus
2559 1356 2841 1410 habeatur.
2880 1354 3031 1410 Unde
3059 1364 3113 1410 et
3142 1356 3193 1409 in
3235 1355 3391 1423 lsaia,

1822 1444 1937 1513 ipse
1990 1445 2131 1499 Deus
2169 1447 2377 1501 cuidam
2411 1447 2583 1502 dicit:
2624 1447 2863 1502 «Ponam
2911 1445 3169 1516 Spiritum
3214 1464 3391 1503 meum

1816 1557 1977 1611 super
2013 1557 2195 1598 semen
2244 1552 2415 1609 tuum,
2471 1554 2525 1599 et
2579 1546 2979 1601 benedictiones
3022 1557 3171 1598 meas
3232 1557 3394 1610 super

1818 1633 1954 1689 ﬁlios
1982 1643 2101 1690 tuos
2123 1634 2190 1693 ⁸⁸.
2219 1655 2238 1688 ι
2270 1635 2552 1706 Nunquam
2581 1639 2721 1691 enim
2757 1637 2949 1706 accipit
2979 1637 3257 1706 quisquam
3284 1635 3394 1702 spi-

1818 1726 2038 1782 rituales
2091 1727 2491 1782 henedictioues
2539 1728 2656 1793 Dei,
2713 1729 2812 1783 nisi
2856 1726 3189 1797 praecesserit
3224 1723 3394 1794 Spiri-

120 1826 336 1885 gerunt
385 1817 717 1887 Stephanum
760 1820 972 1888 plenum
1017 1821 1119 1876 ﬁde
1163 1832 1218 1876 et
1282 1820 1483 1889 Spiritu
1527 1830 1714 1875 sancto
1748 1812 1790 1865 Β
1819 1828 1901 1871 tus
1934 1827 2173 1875 sanctus.
2202 1819 2300 1884 Qui
2328 1818 2467 1872 enim
2496 1820 2765 1888 acceperit
2812 1818 3069 1886 Spiritum
3123 1826 3391 1877 sanctum,

118 1909 370 1977 apostoli
398 1910 479 1977 ³⁸;
510 1929 529 1962 ι
549 1920 631 1964 et:
664 1910 1001 1979 «Stephanus
1029 1923 1229 1978 autem,
1263 1912 1451 1983 plenus
1476 1913 1646 1982 gratia
1663 1921 1718 1967 et

117 2004 358 2066 virtute,
395 2001 625 2056 faciebat
654 2006 895 2074 prodigia
948 2005 1061 2073 (‘24)
1115 2014 1170 2058 et
1219 2006 1368 2075 signa
1420 2019 1614 2075 magna
1664 2006 1716 2059 in

117 2093 337 2161 populo
366 2092 433 2147 ”.
466 2112 487 2145 ι
525 2094 591 2147 Ει
628 2096 803 2150 adhuc
822 2098 886 2150 de
918 2099 1105 2151 eodem
1145 2117 1158 2152 :
1191 2117 1210 2149 «
1241 2098 1306 2152 Et
1337 2114 1440 2152 non
1467 2099 1717 2152 valebant

122 2186 404 2238 resistere
453 2187 747 2253 sapientiae,
779 2196 834 2241 et
867 2186 1121 2257 Spiritui,
1152 2189 1243 2258 qui
1294 2189 1613 2259 loquebatur
1660 2189 1711 2241 in

124 2275 223 2330 illo
256 2274 328 2329 “.
363 2294 383 2327 ι
429 2276 625 2331 Plenus
656 2278 797 2332 enim
834 2278 1036 2347 Spiritu
1078 2289 1266 2335 sancto
1295 2282 1379 2334 vir
1408 2280 1616 2344 beatus,
1660 2288 1716 2333 et

118 2364 256 2419 ﬁdei
302 2364 528 2418 eﬂectus
568 2372 650 2418 est
701 2367 994 2437 particeps,
1026 2383 1147 2437 quae
1189 2384 1257 2423 ex
1292 2368 1496 2439 Spiritu
1528 2378 1714 2423 sancto

114 2451 306 2515 venit,
330 2452 484 2518 juxta
518 2452 672 2519 illud,
707 2471 726 2505 «
749 2454 851 2509 Alii
882 2465 1060 2511 autem
1092 2458 1244 2525 ﬁdes,
1278 2458 1330 2511 in
1360 2459 1548 2513 eodem
1590 2457 1714 2529 Spi-

116 2543 231 2595 ritu
265 2542 334 2595 “.
368 2561 389 2594 ι
431 2543 493 2597 Et
524 2545 753 2614 gratiam
790 2556 954 2617 atque
986 2549 1238 2604 virtutem
1277 2550 1429 2620 juxta
1464 2554 1710 2607 eumdem

113 2633 395 2700 Spiritum
450 2634 677 2700 habens,
708 2636 859 2707 signa
898 2650 952 2693 et
972 2641 1211 2711 prodigia
1253 2658 1443 2710 magna
1485 2642 1713 2697 faciebat

112 2726 169 2779 in
224 2725 452 2795 populo.
496 2725 710 2783 Necnon
757 2740 812 2785 et
859 2730 965 2785 illis
1004 2733 1385 2789 donationibus
1414 2736 1707 2790 secundum

112 2819 381 2874 eumdem
428 2820 690 2889 Spiritum
717 2822 987 2891 adluebat,
1018 2841 1136 2895 qua:
1172 2837 1435 2883 vocantur
1467 2830 1707 2883 curatio-

52 2978 55 2979 ν
117 2925 256 2963 num
302 2911 498 2979 gratia:
523 2921 685 2982 atque
716 2915 962 2971 virtutes.
1000 2917 1065 2970 Et
1098 2918 1208 2972 haec
1236 2920 1379 2973 enim
1412 2921 1462 2973 in
1495 2935 1710 2976 enume-

116 3000 346 3055 ratione
403 3004 666 3057 donorum
716 3003 833 3070 Dei,
880 3008 973 3077 qui
1024 3008 1249 3076 Spiritu,
1302 3020 1357 3064 et
1407 3011 1701 3067 secundum

120 3090 429 3161 Spiritum,
465 3094 518 3149 in
561 3096 735 3164 prima
765 3100 993 3166 apostoli
1030 3099 1177 3155 Pauli
1220 3102 1456 3172 Epistola
1490 3105 1555 3158 ad
1595 3103 1701 3161 Coo

119 3187 368 3241 rinthios
417 3187 751 3243 collocantur
782 3190 846 3243 δ’.
875 3190 1356 3250 lntantumautem
1401 3195 1707 3266 Stephanus

113 3276 307 3331 divina
341 3278 517 3348 gratia
545 3279 877 3346 abundabat,
914 3294 970 3337 ut
1011 3302 1168 3339 nemo
1201 3289 1702 3355 contradicentiutn,

112 3378 166 3422 et
214 3384 415 3424 eorum
454 3371 545 3440 qui
594 3372 852 3429 adversus
879 3391 1001 3429 eum
1054 3377 1422 3447 disputabant,
1467 3382 1707 3437 valerent

116 3460 389 3515 resistere
434 3462 735 3532 sapientiae,
769 3475 825 3520 et
870 3464 1093 3536 Spiritui
1143 3469 1231 3539 qui
1285 3471 1604 3540 loquebatur
1649 3475 1703 3529 in

114 3550 229 3605 illo.
270 3549 405 3604 Erat
447 3553 646 3622 quippe
689 3569 722 3609 e
778 3556 983 3624 Spiritu
1034 3570 1224 3614 sancto
1276 3562 1493 3629 sapiens
1556 3562 1692 3635 (9.5).

120 3640 283 3697 Unde
323 3651 384 3697 et
418 3644 485 3697 ad
536 3645 829 3715 discipulos
883 3664 1011 3703 suos
1054 3648 1210 3705 Iesus
1257 3654 1545 3723 perspicue
1581 3671 1706 3725 pro-

119 3733 329 3789 clamat
367 3751 382 3789 :
422 3734 556 3816 Cum
592 3737 878 3795 introducti
916 3740 1131 3797 fueritis
1165 3744 1231 3799 ad
1262 3745 1612 3815 principatus,
1653 3756 1708 3803 et

119 3836 447 3894 potestates,
495 3837 550 3884 et
597 3831 845 3898 concilia,
900 3843 955 3888 et
999 3850 1319 3907 synagogas,
1372 3839 1537 3894 nolite
1583 3855 1705 3896 esse

121 3918 346 3974 solliciti
392 3922 521 3991 quid
576 3938 670 3979 vos
705 3937 954 3998 oporteat
982 3929 1189 3997 dicere,
1230 3939 1321 3984 aut
1358 3931 1485 3999 quid
1510 3931 1707 4001 loqua-

118 4014 251 4067 mini
286 4014 342 4068 in
376 4016 468 4072 illo
500 4026 764 4087 tempore.
808 4019 1091 4074 Dabuntur
1117 4022 1263 4076 enim
1317 4023 1469 4077 vobis
1503 4040 1532 4077 a
1575 4024 1701 4093 Spi-

125 4106 231 4158 ritu
267 4117 465 4161 sancto
508 4122 789 4164 sermones
819 4110 1116 4176 sapientiae,
1140 4110 1336 4180 quibus
1362 4128 1468 4167 non
1502 4123 1706 4182 queant

117 4196 519 4263 contradicere,
548 4216 618 4256 ne
643 4201 697 4255 hi
723 4202 938 4272 quidem
961 4202 1053 4271 qui
1078 4206 1428 4260 vehementer
1450 4205 1503 4260 in
1528 4207 1705 4277 dispu-

123 4288 432 4345 tationibus
462 4292 683 4348 callent.

186 4378 278 4433 10.
325 4378 435 4434 Sed
484 4397 751 4451 ponamus
795 4385 966 4455 ipsum
1015 4385 1400 4451 tcstimonium,
1448 4388 1588 4456 quod
1630 4389 1702 4442 ita

116 4470 434 4525 contexitur
480 4489 494 4526 :

118 4575 425 4633 synagogas
456 4564 524 4618 ad
554 4566 890 4635 principatus
920 4578 976 4622 et
1010 4578 1323 4637 petestates,
1361 4570 1525 4625 nolite
1554 4572 1701 4627 solli-

116 4655 206 4709 citi
255 4669 380 4710 esse
412 4659 685 4725 quomodo
712 4668 807 4712 aut
839 4661 967 4729 quid
1020 4663 1413 4731 respondeatis,
1459 4665 1699 4733 Spiritus

117 4745 258 4798 enim
270 4754 497 4800 sanctus
526 4747 912 4803 docebitvosin
934 4751 1124 4804 eadem
1148 4754 1279 4804 hora
1307 4766 1425 4819 quae
1452 4762 1696 4817 oporteat

115 4836 295 4890 dicere
326 4834 395 4888 “.
436 4854 458 4889 ι
496 4836 560 4891 Et
612 4839 666 4893 in
720 4839 825 4894 alio
852 4840 1141 4913 Evangelio
1197 4863 1213 4898 :
1283 4862 1302 4898 «
1344 4843 1534 4901 Ponite
1575 4863 1704 4918 ergo

117 4925 166 4979 in
209 4928 473 4984 cordibus
524 4934 724 4987 vestris
766 4949 871 4986 non
914 4935 1299 5004 praemeditari,
1347 4940 1699 5006 quemadmo-

117 5020 239 5071 dum
278 5022 836 5094 respondeatis:Ego
872 5026 1070 5095 quippe
1123 5028 1261 5082 dabo
1308 5030 1461 5085 vobis
1512 5045 1593 5093 os,
1646 5042 1701 5083 et

117 5111 442 5181 sapientiam
494 5114 580 5169 cui
638 5131 746 5171 non
796 5117 1012 5171 Valeant
1064 5122 1456 5187 contradicere,
1490 5137 1582 5177 aut
1614 5138 1702 5177 re-

181 5267 225 5299 ”
263 5266 570 5327 Ilatth.vtt,
602 5269 691 5322 ll.

551 4472 735 4527 «Cum
794 4488 974 4529 autem
1028 4477 1428 4532 introduxerint
1489 4495 1585 4541 vos
1648 4482 1700 4535 in
1736 4511 1778 4566 ι)

1820 1920 2208 1978 consequenter
2242 1910 2459 1964 habebit
2508 1911 2928 1974 benedictiones,
2962 1909 3012 1963 id
3042 1917 3143 1973 est,
3180 1906 3394 1975 sapien-

1823 2002 1969 2065 tiam,
1996 2010 2049 2057 et
2078 2002 2425 2068 intellectum,
2453 2010 2505 2056 et
2532 2012 2746 2067 caetera,
2775 2002 2841 2056 de
2867 2000 3061 2070 quibus
3100 1999 3171 2052 ita
3203 1997 3393 2053 scribit

1818 2094 2105 2162 Apostolus
2143 2117 2155 2150 :
2198 2113 2216 2145 «
2242 2093 2467 2164 Propter
2509 2094 2611 2148 hoc
2654 2104 2709 2149 et
2749 2109 2867 2156 nos,
2900 2108 2963 2146 ex
2988 2107 3096 2162 quo
3125 2091 3210 2145 die
3240 2089 3394 2143 audi-

1817 2187 2009 2251 vimus,
2052 2202 2156 2241 non
2196 2201 2470 2241 cessamus
2501 2196 2717 2243 orantes
2756 2203 2852 2256 pro
2894 2187 3066 2251 vobis,
3102 2193 3155 2239 et
3184 2184 3375 2253 depre~

1819 2285 2026 2341 cantes,
2084 2287 2146 2332 ut
2201 2278 2531 2347 impleamini
2582 2279 2892 2347 cognitione
2949 2277 3241 2331 voluntatis
3276 2274 3392 2343 ejus

1821 2365 1872 2419 in
1909 2366 2054 2420 omni
2089 2368 2377 2436 sapientia,
2429 2378 2483 2423 et
2532 2369 2886 2438 intelligentia
2937 2367 3204 2437 spirituali
3234 2384 3246 2420 :
3279 2382 3395 2419 am-

1814 2455 2060 2511 bulantes
2115 2458 2272 2529 digne
2336 2460 2443 2514 Deo
2490 2460 2557 2512 “.
2596 2479 2614 2512 ι
2692 2460 2798 2515 Eos
2862 2459 3007 2513 enim
3075 2458 3167 2526 qui
3233 2458 3393 2526 digne

1814 2548 1914 2601 sibi
1950 2546 2046 2619 [αι.
2082 2550 2261 2623 bonis]
2310 2567 2407 2621 per
2445 2568 2631 2618 opera,
2659 2562 2715 2607 et
2745 2567 3043 2614 sermones,
3074 2559 3129 2605 et
3156 2550 3391 2620 pruden-

1817 2640 1946 2692 tiam
1994 2640 2273 2709 incedunt,
2296 2644 2529 2713 {impleri
2559 2645 2637 2698 ait
2664 2643 2943 2699 voluntate
2988 2642 3105 2708 Dei,
3144 2640 3392 2713 ponentis

1812 2745 1974 2800 super
1996 2747 2088 2788 eos
2122 2733 2385 2802 Spiritum
2420 2747 2694 2802 sanctum,
2727 2745 2787 2791 ut
2818 2736 3142 2807 impleantur
3171 2735 3389 2804 sapien-

1813 2822 1883 2876 tia
1923 2831 1979 2878 et
2026 2824 2321 2891 intellectu,
2367 2835 2424 2881 et
2472 2827 2691 2897 reliquis
2745 2827 3120 2897 spiritualibus
3196 2826 3387 2892 bonis;

1813 2915 2076 2981 sapientia
2132 2928 2354 2984 autem,
2412 2928 2467 2975 et
2517 2920 2842 2985 intellectus,
2897 2936 3017 2990 qua:
3073 2920 3125 2975 in
3187 2917 3389 2988 Spiritu

1806 3016 1996 3061 sancto
2013 3016 2203 3074 suut,a
2234 3009 2341 3064 Deo
2363 3010 2557 3065 dantur
2581 3011 2713 3083 (26).
2743 3031 2763 3064 «
2814 3012 3091 3076 Dominus,
3140 3029 3158 3063 θ
3197 3012 3389 3080 inquit,

1817 3100 1999 3154 «dabit
2019 3102 2338 3171 sapientiam
2366 3113 2456 3170 ;et
2485 3119 2513 3158 a
2533 3103 2669 3160 facie
2690 3103 2805 3173 ejus
2839 3105 3123 3173 sapientia,
3155 3112 3209 3159 et
3238 3103 3393 3159 intel-

1816 3193 1986 3248 lectus
2030 3194 2270 3263 procedit
2296 3195 2380 3260 ‘7;
2413 3214 2431 3247 ι
2469 3211 2591 3251 cum
2634 3212 2694 3251 ea
2746 3196 3008 3267 sapientia
3038 3211 3158 3266 qua:
3191 3196 3257 3249 ab
3294 3194 3393 3249 ho-

1816 3284 2053 3339 minibus
2105 3287 2272 3352 venit,
2317 3304 2420 3343 non
2461 3289 2533 3342 sit
2582 3288 2898 3359 spiritualis,
2956 3288 3050 3343 sed
3097 3301 3291 3342 carnea
3338 3294 3392 3341 et

1814 3374 2069 3431 humana.
2103 3377 2178 3432 De
2230 3379 2333 3434 hac
2384 3380 2565 3448 itaque
2610 3380 2900 3448 Apostolus
2952 3377 3187 3433 scribit:
3224 3397 3242 3430 «
3273 3375 3386 3430 Non

1816 3464 1867 3518 in
1917 3466 2182 3536 sapientia
2236 3468 2461 3535 carnali,
2516 3469 2611 3523 sed
2659 3469 2711 3522 in
2752 3469 2928 3539 gratia
2960 3467 3054 3522 Dei
3082 3466 3386 3522 conversati

1814 3572 1998 3612 sumus
2027 3558 2079 3611 in
2110 3556 2205 3630 [αι.
2242 3558 2292 3612 in
2323 3558 2444 3631 hoc]
2483 3560 2678 3613 mundo
2704 3560 2785 3626 ‘3;
2816 3577 2834 3611 ι
2870 3558 3140 3613 carnalem
3171 3557 3388 3625 sapien-

1817 3651 1942 3703 tiam
1987 3650 2195 3715 dicens,
2246 3667 2365 3721 qua:
2416 3653 2468 3705 in
2513 3653 2675 3707 rebus
2722 3652 2996 3720 corporeis
3039 3666 3106 3705 ex
3156 3650 3391 3703 humano

1813 3741 2057 3797 subsistit
2075 3744 2307 3812 cogitatu
2335 3743 2465 3815 (27').
2498 3744 2665 3798 Porro
2692 3744 2989 3814 spiritualis
3012 3742 3283 3812 sapientia
3332 3751 3389 3796 et

1815 3833 2217 3901 intellectualis,
2272 3836 2419 3890 circa
2462 3836 2755 3891 invisibilia
2803 3845 2859 3892 et
2915 3835 3292 3891 intellectualia
3329 3848 3390 3889 se

1816 3931 2024 3988 tenens,
2060 3940 2155 3995 per
2182 3928 2555 3994 operationem
2587 3927 2826 3997 Spiritus
2854 3930 3027 3983 sancti
3051 3928 3399 3997 capientibus.

1814 4030 1873 4071 se
1924 4016 2007 4071 sui
2059 4020 2402 4087 praesentiam
2456 4021 2667 4075 tribuit.
2709 4021 2765 4075 In
2809 4020 2995 4076 multis
3021 4034 3237 4089 quoque
3266 4018 3395 4074 aliis

1812 4110 1947 4165 locis
1970 4110 2260 4179 Apostolus
2291 4121 2557 4166 memorat
2587 4112 2639 4166 in
2674 4111 2911 4179 Spiritus
2935 4111 3106 4166 sancti
3138 4112 3388 4165 substan-

1815 4203 1883 4254 tia
1914 4201 2003 4256 Dei
2032 4217 2253 4255 munera
2279 4204 2597 4257 commorari
2632 4201 2727 4274 [αι.
2755 4201 3224 4275 commemorari];
3249 4204 3389 4256 sicut

1814 4296 1865 4349 in
1900 4296 1989 4350 illo
2018 4314 2031 4349 :
2067 4295 2239 4351 «Deus
2265 4305 2443 4350 autem
2466 4297 2579 4365 spei
2616 4297 2822 4366 repleat
2869 4312 2964 4352 vos
3000 4299 3146 4351 omni
3172 4297 3387 4366 gaudio,

1812 4397 1865 4441 et
1889 4402 2020 4457 pace
2047 4388 2098 4441 in
2126 4388 2414 4453 credendo,
2443 4397 2500 4443 ut
2563 4388 2846 4444 abundetis
2874 4388 2928 4443 in
2959 4402 3075 4459 spe,
3106 4400 3160 4443 et
3192 4388 3389 4443 virtute

1814 4476 2047 4550 Spiritus
2075 4481 2247 4534 sancti
2276 4480 2345 4535 δ’.
2378 4498 2398 4532 ι

1879 4572 1966 4626 ll.
2013 4574 2149 4627 Deus
2188 4584 2367 4627 autem
2412 4572 2635 4642 largitor
2673 4574 2935 4627 bonorum
2964 4612 2979 4637 ,
3021 4585 3169 4640 spem
3214 4583 3377 4639 quam

1809 4664 2099 4734 promisit,
2140 4665 2330 4719 reddet
2378 4662 2506 4734 [αι.
2550 4662 2773 4735 reddit]
2823 4664 2877 4717 in
2916 4663 3116 4717 virtute
3156 4662 3387 4730 Spiritus

1816 4755 1989 4810 sancti
2015 4796 2031 4820 ,
2070 4756 2156 4811 his
2183 4757 2274 4825 qui
2306 4756 2509 4810 habent
2538 4755 2689 4809 illum
2718 4772 2733 4819 ;
2767 4753 2959 4819 gaudio
2991 4762 3045 4807 et
3073 4767 3203 4822 pace
3232 4768 3381 4805 com-

1807 4847 1916 4915 plet
1954 4862 2047 4902 eos
2099 4848 2189 4917 qui
2254 4848 2701 4918 imperturbatam
2738 4856 2793 4900 et
2827 4848 3066 4899 sedatam
3104 4845 3387 4914 cogitatio-

1807 4954 1925 4992 nem
1959 4941 2329 5008 possidentes,
2363 4940 2513 4995 laatas
2552 4940 2751 4994 habent
2784 4947 3022 5001 mentes,
3057 4946 3111 4992 et
3142 4936 3209 4991 ab
3238 4935 3384 4990 omni

1805 5033 2271 5100 perturbationum
2319 5038 2638 5101 tempestate
2678 5029 3026 5099 tranquillas.
3063 5028 3162 5094 Qui
3204 5037 3382 5080 autem

1809 5121 1860 5174 iu
1888 5122 2086 5175 virtute
2114 5120 2350 5184 Spiritus
2377 5122 2549 5176 sancti
2579 5122 2832 5192 praedicta
2862 5121 3006 5175 bona
3033 5122 3232 5175 fuerint
3258 5133 3388 5173 con-

769 5270 812 5303 ³⁸
840 5270 958 5324 Act.
997 5287 1070 5337 Vl,
1095 5272 1148 5327 5.
1224 5270 1268 5305 ³³
1302 5273 1430 5328 ibid.
1454 5272 1507 5328 8.
1582 5274 1667 5329 “il

1858 5314 1872 5328 .
1947 5276 1989 5307 δι
2017 5277 2035 5330 1
2063 5278 2186 5333 Cor.
2227 5277 2389 5339 xn,9.
2467 5276 2756 5330 “ibidJO.
2835 5273 3029 5329 “Luc.
3069 5270 3385 5339 xn,ll,12.

120 5335 160 5366 “
194 5336 333 5391 Luc.
361 5353 475 5404 ut,
531 5339 619 5405 M,
666 5338 757 5397 15.
829 5340 875 5375 ⁸³
915 5340 1021 5396 lsa.
1058 5335 1210 5409 ‘xuv,
1241 5343 1296 5398 5.
1372 5345 1418 5376 ⁸⁸
1447 5345 1655 5401 Coloss.

1854 5349 1883 5381 ’⁷
1916 5346 2084 5401 Eccli.
2109 5353 2227 5416 1,4.
2302 5335 2347 5379 ‘”
2386 5348 2429 5402 ll
2461 5347 2586 5402 Cor.
2623 5364 2678 5415 ι,
2718 5345 2808 5400 12.
2884 5344 2930 5377 ⁴⁹
2971 5345 3127 5399 Rom.
3152 5335 3263 5409 av,
3292 5342 3377 5394 l5.

186 5484 302 5552 (25)
332 5482 532 5569 Notum
558 5485 951 5569 «Stephanum,
968 5509 985 5541 ι
1004 5489 1189 5546 Graece
1202 5491 1495 5562 Στέφανον,
1513 5493 1704 5550 Latine

123 5568 759 5626 coronam_tnterpretart.

189 5623 305 5699 (ἓξ)
346 5623 671 5699 (immanior
695 5629 902 5699 habent
928 5645 1084 5695 mss.,
1122 5640 1450 5699 «portenta.»

132 5762 138 5768 '
192 5692 796 5776 (25)“νιιιὶυ.,ἰ;ιιριρε.
831 5712 885 5754 et
910 5692 1277 5776 vetusved'it,
1302 5722 1319 5754 «
1350 5714 1467 5758 erat
1503 5705 1705 5776 quippe

125 5765 272 5830 juxta
305 5765 471 5821 Deum
503 5776 560 5822 et
593 5766 857 5837 Spir‘tum
897 5779 1141 5827 sanctum
1167 5765 1400 5843 sapiens,
1435 5794 1451 5826 ι
1490 5765 1597 5830 etc.

1883 5495 1993 5567 (26)
2051 5497 2293 5567 Tholos.,
2368 5516 2386 5547 «
2415 5506 2470 5549 ut
2525 5495 2784 5565 impleant
2831 5494 3093 5566 sapientia
3137 5501 3189 5544 ct
3231 5489 3387 5542 intel-

1810 5566 1979 5626 lecm,
2014 5582 2136 5634 quae
2168 5569 2221 5620 in
2252 5566 2456 5637 Spiritu
2486 5576 2673 5621 sancto
2701 5584 2728 5619 a
2762 5567 2867 5620 Deo
2897 5571 3184 5637 donantur.
3221 5579 3240 5610 ›

1884 5638 1996 5707 (27)
2034 5633 2213 5701 idem,
2245 5659 2261 5688 «
2293 5633 2412 5706 quae
2444 5640 2636 5691 horum
2669 5638 3027 5705 corporibus,
3059 5643 3111 5686 et
3150 5633 3385 5684 humano

1812 5709 2116 5766 subsistunt
2143 5712 2373 5780 cogitatu
2395 5749 2411 5776 ,
2447 5726 2467 5760 ι
2501 5719 2608 5762 etc.
