3738 6308
178 304 287 362 1085

1242 295 1444 351 LIBER
1484 295 1570 350 DE
1609 295 1880 353 SPIRITU
1925 297 2215 358 SANCTO.

3212 304 3353 362 1046

174 425 354 494 propter
367 410 495 484 quod
511 424 681 480 neque
694 410 1079 481 sempiternum
1092 420 1194 467 est.
1209 411 1327 468 Non
1346 412 1517 468 solum
1533 413 1692 482 igitur
1720 418 1769 474 Α
1796 428 1988 469 nomen
2010 415 2320 485 signiﬁcans
2342 416 2581 471 omnium
2608 418 2968 474 substantiam
2996 418 3352 475 lnvisilibium

173 509 286 581 quod
326 507 372 559 in
418 502 715 557 hominibus
760 513 845 557 est
879 503 1173 572 rationale,
1223 508 1579 573 convertitur,
1630 515 1686 559 et

171 612 370 662 creatur,
424 611 601 650 verum
650 598 811 650 etiam
861 597 912 651 in
965 599 1214 652 omnibus
1261 598 1524 653 creaturis
1567 598 1684 652 haec

170 696 317 749 eadem
345 688 613 744 conversio
648 689 932 756 reperitur.
966 687 1099 743 Nam
1132 702 1185 742 et
1212 689 1521 758 angelorum
1551 703 1682 742 con-

173 785 399 839 versioncs
446 789 497 832 et
551 780 736 833 ruinas
784 780 961 834 divina
1018 780 1227 848 eloquia
1289 780 1685 835 demonstrant.

132 883 137 891 '
170 877 291 931 Licet
316 874 442 927 enim
474 872 759 925 mttltitudo
787 874 1097 941 angelorum
1126 914 1140 937 ,
1168 884 1221 928 et
1250 874 1477 927 aliarum
1507 872 1687 927 excel-

170 968 355 1024 lentium
379 967 628 1018 virtutum
647 1006 664 1030 ,
691 966 741 1017 in
768 966 1095 1020 beatitudine
1120 977 1174 1020 et
1196 966 1551 1036 sanctimonia
1572 981 1687 1035 per-

167 1066 407 1121 severeltt,
442 1064 616 1109 tamen
662 1072 782 1110 cum
826 1057 881 1110 in
926 1072 987 1110 ea
1035 1072 1155 1126 quae
1198 1056 1431 1110 similem
1489 1056 1689 1111 habent

168 1158 373 1203 naturam
396 1161 651 1200 conversa
680 1146 817 1209 sint,
845 1147 1077 1203 dilucide
1101 1150 1405 1202 ostenditur
1433 1148 1485 1201 in
1515 1147 1687 1217 primo

167 1255 242 1292 eos
262 1246 383 1291 statu
418 1250 518 1288 non
552 1250 649 1303 per
676 1237 1159 1291 immutaliilitatem
1194 1254 1305 1292 sure
1332 1238 1647 1293 substantia:
1666 1279 1683 1305 ,

166 1327 240 1380 sed
267 1342 350 1395 per
382 1324 656 1378 sollicitius
692 1326 742 1379 in
786 1324 1014 1381 Domino
1039 1327 1316 1380 servitium
1347 1342 1683 1394 permanere.

165 1414 317 1483 Neque
341 1414 472 1468 enim
499 1423 675 1483 potest
704 1414 1051 1482 coaequalium
1082 1416 1291 1469 diversa
1322 1430 1444 1470 esse
1471 1424 1682 1470 natura.

173 1505 281 1559 Nam
313 1506 427 1571 quia
462 1519 621 1557 omne
658 1519 826 1573 genus
867 1505 1137 1557 hominum
1182 1506 1407 1560 mortale
1460 1515 1575 1570 est,
1630 1514 1685 1562 et

164 1596 327 1665 singuli
354 1595 591 1649 homines
620 1596 872 1650 mortales
899 1606 1057 1662 sunt,
1090 1605 1149 1649 ut
1171 1612 1200 1650 e
1230 1597 1441 1651 diverso
1470 1612 1684 1667 quoque

163 1685 197 1738 si
225 1699 312 1753 qua
349 1684 409 1736 de
443 1684 816 1752 superioribus
846 1684 1167 1738 immortalia
1207 1695 1367 1749 sunt,
1405 1686 1543 1741 haud
1578 1688 1677 1740 du-

1793 514 2187 561 creaturarum.
2208 504 2391 575 Neque
2416 509 2559 561 enim
2587 509 2679 563 ulli
2703 511 2917 579 quidem
2942 511 3274 581 angelorum,
3300 522 3355 567 et

1784 596 1904 651 alia:
1935 597 2146 653 cuidam
2174 600 2474 654 rationabili
2512 612 2775 657 creaturae
2806 605 2941 658 dixit
2973 606 3141 658 Deus:
3168 623 3185 656 ι
3214 605 3352 658 Sede

1785 702 1815 741 a
1842 688 2045 742 dextris
2070 689 2225 743 meis.
2258 707 2276 740 ι
2305 688 2362 742 ln
2389 704 2673 746 commune
2703 693 2881 762 itaque
2911 708 3087 748 sermo
3116 710 3354 763 pronun-

1787 780 1885 833 tiat
1907 819 1921 843 ,
1953 796 2057 834 non
2089 796 2212 835 esse
2241 781 2446 835 dictum
2492 783 2761 851 cuiquam.
2785 796 3074 848 creaturae,
3104 803 3122 835 ι
3152 786 3290 839 Sede
3320 799 3348 837 a

1788 874 1991 927 dextris
2019 874 2169 927 meis.
2206 892 2223 925 ι
2258 873 2323 926 Et
2354 875 2453 929 hoc
2487 875 2538 928 in
2573 890 2859 930 commune
2888 877 2954 930 de
2980 886 3246 931 creatura.
3287 877 3352 929 Et

1788 966 2143 1032 pronuntians
2175 969 2239 1021 de
2272 971 2523 1025 omnibus
2553 969 2914 1024 invisibilibus
2944 971 3209 1025 creaturis
3231 1011 3244 1033 ,
3276 973 3352 1024 ait

1787 1071 1880 1110 eas
1909 1072 2027 1111 esse
2050 1059 2511 1116 administratores
2533 1062 2770 1131 spiritus.
2804 1063 3026 1132 Pr0pter
3048 1063 3187 1131 quod
3215 1065 3347 1116 sub-

1781 1143 1949 1211 jecit:
1984 1163 2003 1196 ι
2034 1144 2221 1201 Nonne
2265 1163 2450 1204 omnes
2498 1160 2626 1204 sunt
2674 1151 3136 1211 administratores
3184 1150 3347 1219 spiri-

1789 1246 1905 1302 ttts,
1938 1236 1991 1290 in
2025 1238 2384 1293 ministerium
2417 1241 2612 1295 missi?
2641 1260 2658 1292 ι
2688 1241 2836 1296 Licet
2861 1242 3002 1296 enim
3033 1257 3133 1295 non
3163 1256 3350 1295 omnes

1786 1326 2094 1396 singillatim
2124 1328 2416 1384 invisibiles
2437 1342 2700 1386 creatura:
2716 1332 2893 1386 missa:
2920 1340 3041 1386 sunt
3067 1330 3160 1402 [aL
3186 1330 3348 1402 sint],

1787 1424 1964 1472 tamen
1992 1420 2115 1488 quia
2162 1421 2401 1491 ejusdem
2443 1423 2656 1492 generis
2689 1435 2743 1478 et
2772 1424 2992 1478 honoris
3024 1424 3137 1477 alia;
3174 1423 3354 1477 missae

1784 1518 1941 1574 sunt,
1967 1511 2360 1579 quodammodo
2382 1522 2436 1566 et
2462 1514 2588 1581 ipsas
2610 1515 2961 1582 possibilitate
2983 1526 3107 1569 sunt
3136 1518 3338 1569 missae:

1783 1602 2068 1655 missarum
2119 1613 2402 1658 consortes
2442 1606 2766 1674 aequalisque
2844 1607 3176 1661 substantiae.
3230 1607 3345 1672 Quo

1782 1693 1941 1747 modo
1964 1693 2124 1762 igitur
2146 1694 2280 1748 alius
2302 1704 2384 1749 est
2406 1697 2471 1749 ab
2498 1698 2765 1751 universis
2788 1700 3051 1753 creaturis
3075 1700 3351 1761 Dominus,

166 1776 286 1831 bium
308 1816 322 1838 ,
356 1774 473 1842 quin
515 1775 693 1827 omnia
732 1774 783 1826 in
815 1777 1000 1829 eodem
1031 1789 1229 1843 genere
1260 1784 1316 1830 et
1345 1776 1523 1845 specie
1552 1793 1682 1833 con-
1712 1758 1754 1815 Β
1790 1799 1887 1854 per
1917 1800 2076 1854 quem
2108 1786 2434 1855 principium
2477 1789 2541 1841 ad
2590 1790 2910 1859 loquendum
2952 1802 3228 1858 acceperat
3266 1792 3353 1844 illa

162 1872 312 1922 stituta
338 1905 352 1929 ,
386 1867 489 1919 sint
530 1865 877 1920 immortalia.

216 1959 287 2011 l3.
322 1958 444 2012 Cum
470 1967 649 2011 autem
679 1958 791 2012 hzec
816 1972 876 2012 se
901 1959 971 2012 ita
997 1958 1265 2024 habeant,
1289 1958 1450 2012 etiam
1479 1958 1523 2012 si
1552 1973 1688 2014 unus

162 2049 347 2118 angelus
367 2047 733 2102 convertibilis
753 2048 1085 2117 apparuerit,
1103 2063 1289 2102 omnes
1312 2048 1687 2103 convertibiles

159 2149 306 2205 erunt,
328 2139 445 2193 licet
467 2154 572 2193 non
598 2139 705 2193 sint
726 2138 971 2194 conversi
1000 2140 1052 2192 in
1083 2140 1413 2194 beatitudine
1436 2154 1685 2209 perseve-

160 2239 340 2295 rantes;
373 2231 640 2299 quomodo
671 2238 725 2284 et
760 2239 952 2287 cuncta
980 2230 1259 2284 hominum
1294 2246 1518 2301 corpora
1554 2232 1688 2287 divi-

160 2320 304 2374 sibilia
331 2332 468 2385 sunt,
494 2336 801 2391 quanquam
834 2336 938 2375 non
967 2322 1145 2376 omnia
1176 2322 1503 2376 dividantur.
1528 2322 1686 2389 Qua:-

157 2411 254 2463 dam
294 2411 423 2464 enim
470 2425 659 2465 eorum
695 2426 850 2481 passa
886 2412 1200 2467 divisionem
1222 2453 1238 2479 ,
1268 2421 1320 2468 et
1350 2413 1679 2483 reliquorum

157 2501 372 2554 similium
401 2502 521 2567 sui,
558 2511 802 2556 naturam
835 2503 1281 2571 interpretantur.
1319 2503 1411 2560 His
1439 2506 1511 2558 ita
1543 2505 1688 2559 edis-

155 2593 548 2655 sertis,alterius
575 2595 890 2649 substantiae
918 2610 947 2649 a
976 2578 1276 2650 visibilibus
1309 2597 1360 2649 in
1402 2596 1687 2650 invisibili-

156 2684 236 2738 bus
257 2686 503 2740 creaturis
539 2683 772 2755 Spiritus
798 2696 1015 2741 sanctus
1051 2686 1373 2740 ostenditur.
1410 2685 1466 2740 Si
1506 2696 1684 2741 autem

154 2776 237 2831 hoc
256 2792 424 2831 verum
450 2786 534 2833 est
558 2819 571 2843 ,
600 2779 915 2848 impiissime
946 2779 1161 2848 quidam
1188 2778 1327 2833 inter
1348 2779 1528 2834 omnia
1555 2793 1686 2833 con-

158 2880 403 2924 numerant
443 2870 709 2940 Spiritum
742 2882 988 2925 sanctum
1019 2912 1033 2937 ,
1070 2871 1313 2926 dicentes
1349 2872 1401 2928 in
1441 2885 1506 2925 eo
1538 2870 1683 2940 quod

157 2960 305 3012 omnia
336 2975 428 3028 per
458 2958 694 3015 Verbum
725 2975 753 3013 a
784 2959 891 3014 Deo
919 2962 1059 3015 facta
1093 2970 1253 3027 sunt,
1280 2960 1441 3015 etiam
1478 2961 1686 3028 signiﬁ-

1787 1890 1978 1945 magna
2012 1876 2158 1930 salus
2184 1916 2200 1941 ,
2252 1874 2404 1944 cujus
2453 1876 2795 1948 negligentes
2832 1880 3121 1951 Apostolus
3166 1882 3353 1936 nolens

1786 1981 1882 2020 nos
1910 1983 2055 2031 esse,
2102 1967 2266 2024 aitzi
2298 1970 2572 2034 Quomodo
2624 1987 2721 2027 nos
2776 1972 3092 2045 eliugienms
3146 1984 3349 2027 tantam

1786 2058 2115 2129 negligentes
2141 2062 2371 2117 salutem
2399 2100 2413 2125 ,
2446 2077 2565 2130 quae
2610 2064 2935 2133 principium
2977 2064 3249 2132 accipiens
3280 2065 3348 2118 ad

1786 2149 2106 2220 loquendum
2141 2168 2236 2223 per
2266 2153 2551 2209 Dominum
2576 2156 2603 2219 ,‘
2629 2154 2695 2208 ab
2732 2156 2817 2208 bis
2844 2156 2931 2222 qui
2969 2156 3256 2209 audierunt
3293 2157 3346 2209 in

1786 2256 1884 2295 nos
1917 2245 2233 2299 confirmata
2262 2249 2387 2302 est?
2416 2267 2434 2300 ι
2469 2246 2561 2302 sed
2599 2253 2653 2299 et
2686 2246 2828 2300 Deus
2856 2247 2946 2315 qui
2985 2247 3351 2301 testimonium

1786 2331 2030 2399 perhibet
2058 2335 2223 2404 signis
2254 2347 2306 2391 et
2339 2340 2602 2406 portentis
2637 2336 2723 2393 isti
2755 2336 2962 2401 saluti,
2996 2338 3133 2392 alius
3163 2347 3244 2391 est
3278 2338 3348 2391 ab

1785 2422 2032 2478 omnibus
2062 2425 2540 2481 adniinistratoriis
2568 2425 2847 2496 spiritibus
2876 2444 2889 2482 :
2924 2427 3003 2480 sic
3034 2437 3088 2480 et
3118 2426 3352 2494 Spiritus

1786 2522 2041 2579 sanctus,
2076 2516 2226 2584 cujus
2276 2517 2634 2573 divisionibus
2670 2520 2825 2590 juxta
2868 2525 3196 2575 voluntatem
3238 2520 3354 2589 ejus

1789 2606 2148 2660 testimonium
2181 2608 2428 2676 perhibet
2468 2610 2607 2665 Deus
2628 2651 2646 2674 ,
2680 2611 3012 2668 distribuens
3044 2624 3166 2667 eum
3191 2649 3207 2675 ,
3244 2626 3351 2664 non

1786 2712 1881 2765 per
1905 2698 2228 2753 concisionis
2259 2711 2471 2770 partes,
2504 2705 2595 2757 sed
2622 2719 2718 2772 per
2752 2707 3185 2760 communionem
3225 2703 3352 2775 qui-

1785 2790 1886 2844 bus
1932 2805 2054 2844 eum
2092 2802 2351 2860 praestare
2401 2794 2739 2849 decreverit:
2773 2796 2995 2851 alterius
3022 2805 3104 2851 est
3145 2805 3199 2852 et
3239 2797 3356 2866 ipse

1784 2881 2095 2937 substantiae
2118 2886 2184 2937 ah
2217 2884 2303 2938 his
2338 2884 2390 2938 in
2419 2900 2538 2954 qua:
2566 2886 2890 2955 dispartitur
2920 2886 3139 2942 eli‘usus.

1854 2970 1940 3023 M.
1982 2969 2150 3039 Igitur
2180 2973 2433 3040 quoniam
2473 2974 2887 3042 approbavimus
2912 2975 3067 3043 juxta
3106 2975 3351 3045 Scriptu-

155 3050 245 3102 cari
272 3049 491 3119 Spiritus
521 3053 695 3106 sancti
726 3051 1010 3107 facturam.
1042 3051 1226 3120 Neque
1252 3054 1393 3105 enim
1425 3067 1586 3105 unum
1617 3066 1681 3106 ex
1712 3098 1753 3154 Ο
1789 3074 1968 3112 rarum
2002 3076 2213 3115 sensum
2238 3102 2252 3125 ,
2281 3061 2444 3115 alium
2476 3072 2628 3117 extra
2658 3064 2870 3119 Omnem
2898 3074 3199 3119 creaturam
3229 3079 3353 3121 esse

153 3141 398 3203 omnibus.
424 3144 517 3197 sed
550 3143 694 3196 aliud
726 3153 873 3197 extra
902 3143 1079 3195 omnia
1114 3158 1209 3212 per
1237 3144 1589 3198 substantiam
1620 3158 1685 3197 ex

154 3240 348 3299 utroque
378 3234 775 3287 demonstratus
807 3241 891 3288 est
921 3232 1154 3301 Spiritus
1190 3244 1430 3287 sanctus.
1467 3231 1600 3286 Nam
1636 3233 1684 3287 si

153 3329 360 3375 creatura
381 3362 396 3387 ,
431 3332 484 3377 ut
519 3324 770 3391 superius
796 3324 1130 3379 ostendimus
1150 3365 1162 3384 ,
1197 3324 1453 3377 dividitur
1482 3326 1533 3377 in
1566 3339 1690 3378 cor-

155 3412 356 3476 poralia,
390 3423 443 3467 et
478 3414 880 3482 incorporalia:
928 3424 981 3468 et
1033 3414 1282 3468 conditus
1327 3424 1410 3468 est
1457 3413 1688 3483 Spiritus

158 3510 342 3556 sanctus
368 3504 552 3573 utique
586 3515 677 3559 aut
711 3506 967 3570 visibilis,
1005 3514 1096 3558 aut
1130 3505 1412 3558 invisibilis
1442 3517 1689 3559 creatura

157 3592 275 3652 erit,
313 3594 360 3646 id
397 3604 479 3649 est
505 3635 521 3660 ,
570 3597 902 3666 corporalis,
942 3610 1035 3650 aut
1075 3596 1449 3664 incorporalis.
1489 3596 1686 3651 Verum

158 3694 319 3751 corpus
354 3700 692 3756 nequaquam
735 3688 870 3751 erit,
916 3688 1055 3742 sicut
1089 3690 1236 3757 prius
1269 3688 1536 3751 diximus,
1569 3703 1686 3741 cum

162 3771 347 3839 doceat,
382 3788 435 3830 et
465 3778 753 3832 scientiam
790 3788 1041 3847 praestet,
1078 3786 1131 3831 et
1162 3794 1189 3830 a
1229 3793 1386 3831 sensu
1422 3786 1474 3832 et
1507 3778 1687 3831 anima

156 3866 379 3931 Capiatur.
434 3869 540 3922 Sed
597 3883 770 3939 neque
812 3869 1096 3923 invisibilis
1138 3879 1388 3922 creatura
1440 3870 1580 3933 erit,
1632 3878 1690 3922 ut

157 3954 284 4019 paulo
309 3966 427 4010 ante
454 3958 521 4011 de
555 3973 621 4011 eo
655 3959 1067 4027 disputavimus.
1106 3958 1257 4013 Unde
1298 3971 1351 4013 et
1391 3959 1684 4027 Apostolus

156 4043 197 4095 in
227 4045 441 4114 Epistula
482 4064 646 4116 quam
687 4051 751 4103 ad
795 4048 1047 4104 Hebraeos
1083 4049 1336 4117 scripsit,
1370 4050 1531 4103 alium
1564 4065 1686 4103 cum

154 4147 249 4186 esse
279 4137 339 4189 ab
362 4141 614 4192 omnibus
644 4138 849 4209 angelis
879 4141 1251 4204 demonstrat,
1288 4140 1469 4193 dicens
1498 4158 1511 4194 ε
1545 4157 1563 4190 ‹
1590 4139 1686 4193 Cui

156 4229 269 4279 enim
312 4232 623 4299 angelorum
672 4234 808 4286 dixit
855 4233 1183 4301 aliquando:
1240 4233 1378 4287 Sede
1412 4248 1442 4284 a
1480 4233 1686 4286 dextris

155 4319 294 4383 meis,
322 4323 485 4377 donec
515 4339 710 4390 ponam
744 4325 990 4378 inimicos
1017 4332 1137 4378 tuos
1168 4324 1463 4377 scabellum
1492 4324 1685 4392 pedum

1797 3150 2054 3217 Spiritum
2087 3142 2372 3217 sanctum,
2419 3153 2687 3207 incassum
2715 3192 2730 3218 ,
2774 3153 2882 3208 imo
2927 3154 3087 3224 impie
3133 3156 3351 3223 quidam

1794 3251 2031 3293 creatum
2061 3255 2182 3293 eum
2210 3256 2330 3296 esse
2371 3244 2661 3297 ostendere
2712 3245 2956 3299 volentes
2980 3284 2997 3311 ,
3049 3247 3357 3301 testimonio

1794 3340 2037 3396 utuntur,
2067 3347 2173 3399 quo
2218 3334 2400 3386 omnia
2434 3348 2529 3403 per
2560 3332 2795 3407 Verbum
2832 3335 2972 3389 facta
3012 3334 3357 3402 referuntur;

1743 3442 1749 3447 ι
1793 3433 1850 3475 ιιι
1882 3423 2088 3478 scilicet
2114 3424 2166 3476 in
2195 3425 2446 3478 omnibus
2475 3425 2638 3480 etiam
2671 3434 2875 3480 aeterna
2902 3427 3198 3482 substantia
3228 3442 3358 3480 con-

1793 3513 2050 3567 tineatur.
2082 3513 2149 3567 Et
2177 3514 2300 3582 quia
2330 3515 2396 3568 ad
2425 3515 2787 3579 conditionem
2817 3514 2932 3584 ejus
2958 3515 3356 3585 approbandam

1792 3606 1957 3659 etiam
2012 3607 2385 3675 propheticum
2446 3621 2751 3660 sermonem
2800 3616 3097 3676 usurpant,
3152 3606 3363 3659 dicente

1796 3697 1923 3765 Deo,
1947 3716 1965 3747 ί
1987 3695 2125 3750 Creo
2150 3696 2406 3767 Spiritum
2430 3714 2445 3750 :
2483 3716 2501 3747 ι
2529 3698 2692 3750 etiam
2722 3698 2773 3752 in
2802 3698 2903 3752 hoc
2931 3712 3023 3753 eos
3054 3706 3363 3752 monstrare

1792 3786 2051 3841 debemus
2080 3802 2307 3854 prorsus
2339 3787 2406 3839 ab
2438 3786 2709 3841 intellectu
2744 3788 2984 3842 veritatis
3012 3788 3237 3842 alienos.
3266 3786 3363 3842 Ne-

1793 3893 1897 3947 que
1930 3878 2072 3931 enim
2108 3879 2173 3931 de
2210 3877 2411 3947 Spiritu
2450 3891 2638 3934 sancto
2680 3879 2984 3948 propositus
3013 3893 3192 3933 sermo
3223 3893 3354 3947 pro-

1794 3969 1967 4037 phetae
1999 3965 2123 4033 fuit,
2158 3974 2217 4020 ut
2263 3981 2327 4021 ex
2358 3966 2473 4036 ipsa
2502 3968 2640 4020 serie
2673 3976 2727 4022 et
2752 3975 3007 4020 contextu
3044 3966 3241 4034 eloquii
3275 3965 3364 4018 in-

1797 4055 2070 4123 telligitur.
2097 4053 2371 4123 Siquidem
2403 4053 2568 4107 Amos
2611 4055 2871 4123 propheta
2899 4069 2965 4108 ex
2994 4068 3219 4121 persona
3244 4053 3361 4117 Dei,

1800 4164 1817 4196 ε
1849 4145 2212 4214 Ρτειιρδτθτθμ
2252 4146 2453 4215 inquit,
2487 4146 2583 4199 «ad
2611 4146 2967 4200 invocandum
2992 4146 3155 4199 Deum
3182 4156 3361 4209 tuum,

1795 4251 1826 4289 ο
1853 4236 2018 4291 Israel
2048 4254 2061 4290 ε
2100 4236 2352 4305 quoniam
2388 4252 2485 4306 ego
2520 4253 2636 4292 sum
2668 4238 2891 4291 lirmans
2944 4238 3235 4292 tonitruum
3260 4278 3275 4303 ,
3310 4245 3366 4291 et

1793 4343 1982 4382 creans
2002 4327 2248 4394 spiritum
2271 4366 2284 4387 ,
2311 4336 2363 4380 et
2388 4327 2712 4379 annuntians
2739 4327 2788 4379 in
2815 4326 3059 4381 homines
3088 4324 3363 4379 Christum

159 4413 378 4465 tuorum?
415 4412 605 4469 Nonne
634 4432 824 4469 omnes
857 4428 983 4471 sunt
1018 4417 1488 4471 administratores
1524 4415 1685 4483 spiri-
1721 4435 1765 4490 ι)
1794 4433 1947 4471 suum
1978 4437 1989 4470 :
2021 4416 2224 4471 faciens
2253 4416 2546 4471 diluculum
2579 4425 2634 4471 et
2662 4415 2911 4470 nebulam
2931 4455 2948 4481 ,
2978 4425 3033 4471 et
3066 4415 3365 4471 ascendens

159 4504 255 4563 lus,
282 4502 329 4555 in
369 4507 722 4560 ministerium
759 4509 940 4571 missi,
978 4519 1196 4578 pr0pter
1253 4523 1345 4565 eos
1399 4509 1489 4576 qui
1527 4523 1688 4562 acce-

158 4593 272 4655 pturi
301 4606 449 4649 erant
483 4598 716 4653 salutem
752 4598 838 4651 6"?
872 4618 892 4652 ι
921 4599 983 4652 Et
1022 4610 1145 4669 post
1176 4599 1278 4652 alia
1308 4618 1322 4654 :
1356 4618 1374 4651 ι
1409 4600 1690 4666 Quomodo

1795 4525 1957 4578 super
1982 4510 2195 4563 excelsa
2219 4518 2376 4564 terrae
2406 4527 2418 4562 :
2458 4509 2709 4563 Dominus
2732 4507 2876 4563 Deus
2901 4509 3237 4577 omnipotens
3272 4520 3367 4559 no-

1798 4617 1919 4656 men
1956 4599 2071 4668 ejus
2097 4602 2162 4656 ⁶⁶.
2200 4620 2219 4652 ι
2249 4602 2392 4655 Deus
2428 4602 2569 4656 enim
2600 4600 2689 4669 qui
2719 4614 2776 4653 se
2819 4600 3064 4669 spiritum
3094 4598 3204 4668 (52)
3234 4611 3364 4651 con-

159 4697 235 4737 nos
260 4684 573 4757 eﬂ'ugiemus
615 4701 816 4745 tantam
871 4692 1202 4762 negligentes
1246 4692 1473 4747 salutem
1500 4693 1523 4746 ?
1562 4691 1693 4759 Quae
1791 4693 1916 4747 dere
1941 4692 2112 4748 fuerat
2135 4694 2490 4762 prmlocutus,
2513 4693 2810 4748 etfacere:
2839 4700 2893 4745 et
2917 4691 3206 4745 tonitruum
3231 4689 3368 4741 dixit

157 4775 443 4843 principium
477 4783 753 4850 accipiens
786 4782 850 4835 ad
884 4782 1208 4850 loquendum
1241 4799 1336 4853 per
1370 4784 1649 4837 Dominum
1675 4825 1689 4849 ,

159 4866 211 4915 ab
237 4867 305 4921 bis
328 4871 412 4938 qui
444 4873 735 4926 audierunt
767 4875 817 4927 in
848 4889 943 4928 nos
971 4874 1285 4927 confirmata
1312 4885 1424 4939 est,
1457 4876 1692 4929 testimo-

158 4956 276 5010 nium
307 4961 462 5015 dante
494 4964 603 5018 Deo
634 4966 801 5035 signis
824 5006 838 5030 ,
873 4977 927 5021 et
959 4967 1217 5037 prodigiis
1242 4977 1294 5021 et
1322 4970 1491 5021 variis
1521 4968 1690 5020 virtu-

160 5044 304 5117 tibus,
327 5061 377 5107 et
404 5054 640 5124 Spiritus
667 5060 842 5115 sancti
869 5060 1220 5113 divisionibus
1245 5060 1395 5129 juxta
1424 5074 1574 5115 suam
1606 5074 1696 5111 vo-

159 5134 381 5198 luntatem
406 5149 471 5201 ⁸⁸.
504 5167 522 5199 ι
557 5149 667 5203 Hoc
690 5150 832 5205 enim
862 5153 1000 5219 quod
1032 5153 1142 5215 ait,
1170 5171 1187 5202 (
1211 5152 1296 5206 cui
1323 5150 1688 5219 angelorum”

158 5242 282 5301 tque
304 5238 581 5309 accipitur,
618 5257 682 5296 ac
710 5243 756 5297 si
786 5244 1019 5310 diceret,
1052 5245 1181 5299 nulli
1209 5260 1221 5297 :
1261 5260 1358 5314 per
1390 5243 1692 5309 angelicum

214 5431 254 5464 ⁸⁵
290 5432 439 5491 Hebr.
470 5453 487 5489 ι
548 5438 762 5494 15.14:
831 5439 975 5496 Psal.
1007 5457 1093 5496 crx
1116 5483 1130 5501 .
1165 5443 1215 5496 l.

219 5573 313 5643 (32)
352 5576 589 5645 Vitiose,
621 5590 674 5635 et
720 5591 906 5637 contra
951 5586 1233 5651 scriptoris
1276 5599 1507 5643 mentem
1535 5628 1549 5648 .
1574 5598 1693 5642 erat

164 5654 293 5698 antea
329 5664 347 5698 ι
376 5652 697 5725 concedere,
733 5672 751 5703 ι
800 5656 938 5719 quod
975 5671 1036 5708 ex
1080 5655 1253 5710 Vatic.
1298 5677 1399 5712 ms.
1433 5660 1689 5710 emenda—

168 5725 282 5781 υιυει
307 5720 389 5787 qui
433 5720 562 5775 item
595 5735 691 5790 pro
724 5724 903 5779 verbis
939 5742 956 5776 ι
1011 5738 1066 5782 et
1112 5729 1289 5785 facere
1323 5747 1341 5781 ι
1387 5728 1546 5783 habet
1581 5728 1692 5782 fere

1296 5442 1340 5474 °'
1376 5442 1539 5497 Hebr.
1577 5459 1652 5509 ll,
1687 5447 1742 5511 '5,
1773 5447 1827 5499 4.

1792 4784 2011 4839 ﬁrmare
2038 4793 2092 4839 et
2123 4785 2412 4840 diluculum
2443 4796 2497 4840 et
2523 4783 2745 4838 nebulas
2773 4782 2973 4836 facere.
3009 4781 3064 4834 Si
3118 4780 3280 4848 igitur
3311 4780 3369 4832 in

1798 4877 2050 4947 praedicta
2088 4877 2398 4932 narratione
2429 4891 2838 4946 perseveramus
2860 4916 2876 4939 ,
2910 4874 2960 4927 id
2993 4883 3109 4940 est,
3143 4872 3197 4925 in
3228 4871 3368 4925 toni-

1796 4978 1918 5023 truo
1957 4976 2010 5022 et
2038 4968 2271 5023 diluculo
2315 4976 2369 5023 ct
2416 4967 2685 5031 nubibus,
2742 4966 2991 5021 eumdem
3043 4963 3370 5018 narrationis

1799 5060 2042 5115 ordinem
2065 5062 2228 5115 etiam
2256 5062 2307 5114 in
2334 5061 2524 5130 spiritu
2553 5070 2738 5115 tenere
2760 5060 3014 5114 debemus
3034 5098 3048 5123 ,
3078 5066 3134 5111 ut
3156 5056 3206 5110 id
3229 5055 3370 5124 quod

1799 5150 1997 5204 dicitur
2017 5166 2047 5204 a
2078 5152 2184 5205 Deo
2211 5151 2317 5206 tale
2343 5152 2414 5205 sit
2438 5169 2451 5205 :
2478 5148 2548 5205 Ut
2573 5150 2789 5204 invoces
2820 5163 2926 5215 me,
2950 5148 3039 5217 qui
3066 5147 3205 5201 Deus
3229 5160 3371 5207 sum,

1800 5242 1890 5311 qui
1927 5243 2179 5298 universa
2211 5258 2439 5297 orocuro
2459 5282 2473 5310 ,
2505 5241 2598 5312 qui
2629 5251 2683 5298 et
2712 5250 2922 5298 creator
2949 5255 3069 5295 sum
3095 5237 3332 5294 omnium
3356 5274 3372 5300 ,

1905 5445 1950 5476 “
1988 5447 2152 5497 Amos
2181 5457 2255 5508 iv,
2292 5440 2379 5508 12,
2412 5442 2500 5495 1⁸5.

1796 5586 2147 5649 concinnius,
2203 5602 2223 5635 ε
2266 5584 2467 5651 pariter
2514 5581 2739 5647 effatus,
2780 5603 2799 5635 ι
2848 5592 2950 5638 etc.
2998 5581 3117 5636 Mox
3146 5579 3366 5634 Tholos.

1804 5676 1821 5706 ι
1861 5656 2097 5708 formare
2138 5673 2155 5705 ι
2203 5654 2334 5723 legit
2363 5669 2460 5722 pro
2496 5671 2513 5704 ί
2555 5654 2796 5716 lirinare,
2845 5672 2863 5705 ι
2891 5656 3030 5723 quod
3065 5652 3371 5720 promiscue

1800 5728 1938 5780 intra
1966 5725 2055 5779 alii
2086 5722 2418 5780 etiamimss.
2453 5722 2761 5793 praferunt.
