3738 6310
312 262 447 316 £017

1547 280 1780 337 DIl)YMl
1820 283 2284 339 ALEXANDRINI

3424 303 3537 357 ms

309 380 401 445 qui
431 380 587 433 tirnto
620 381 946 449 tonitruum,
971 396 1027 441 et
1055 390 1231 445 condo
1259 394 1546 461 spiritum,
1592 400 1685 468 qui
1732 400 1875 455 dilu-
1906 415 1952 467 Α
1983 403 2190 457 dictum
2214 413 2319 465 est,
2363 420 2382 454 ι
2415 405 2507 473 qui
2532 418 2681 471 creo,
2719 425 2738 459 ι
2767 408 2894 476 quia
2926 422 3030 463 non
3064 412 3232 465 semel
3262 417 3407 469 venti
3429 418 3540 474 facti

305 466 482 522 cuium
515 480 570 524 et
593 472 841 528 nebulam
868 477 933 530 ad
957 481 1215 547 quasdam
1249 485 1508 543 utilitates
1534 466 1674 545 facio
1701 493 1877 547 homi-

305 576 429 611 num
455 578 471 627 ;
502 577 823 632 praeparare,
855 579 913 621 ιιι
942 571 1187 638 invoces,
1217 590 1249 628 ο
1275 577 1474 645 Israel;
1504 590 1563 635 ut
1594 598 1713 638 cum
1741 601 1878 654 pra:-

303 663 523 718 paratus
563 654 731 710 fueris
758 661 823 711 ad
873 662 1259 731 invocandum,
1288 678 1343 722 et
1371 685 1456 724 me
1481 675 1749 740 oraveris,
1784 677 1874 745 qui

302 747 604 813 supradicta
637 754 933 818 constituo,
982 756 1239 815 felicitate
1281 773 1614 836 temporum,
1644 778 1698 822 et
1737 770 1874 825 alio-

301 851 419 891 tum
451 840 712 897 bonorum
755 844 1126 917 largitionibus
1164 852 1496 922 perfruaris,
1534 874 1617 913 me
1654 861 1747 914 tibi
1782 878 1877 927 per

300 930 542 999 singulos
582 950 750 989 annos
775 941 953 992 omnia
985 942 1137 1007 juxta
1186 955 1391 999 natura:
1428 949 1671 1004 ordinem
1710 954 1873 1005 mini-

302 1030 537 1087 strante,
570 1034 627 1077 ut
655 1024 877 1081 fecunde
905 1043 1079 1085 annus
1109 1031 1277 1099 ﬂuat,
1311 1047 1367 1087 ut
1400 1039 1513 1092 suis
1542 1042 1733 1109 spatiis
1776 1043 1874 1095 ho-

302 1124 485 1164 rarum
515 1125 782 1171 montenta
807 1118 1131 1188 decurrant,
1157 1133 1213 1178 ut
1236 1142 1335 1180 suo
1365 1137 1607 1199 tempore
1637 1132 1873 1189 tonitrua

306 1206 581 1273 mugiunt,
628 1218 686 1261 ut
723 1214 980 1268 salutaris
1010 1230 1139 1269 aura
1172 1222 1489 1287 opportunis
1533 1222 1747 1279 ﬂatibus
1791 1226 1874 1279 in-

301 1296 487 1364 Spiret.
518 1298 575 1352 Si
605 1315 732 1356 vero
758 1319 854 1372 per
890 1304 1241 1376 allegoriam,
1295 1314 1591 1367 tonitruum
1641 1326 1697 1369 et
1735 1317 1874 1371 dilu-

300 1385 509 1451 culum,
545 1398 597 1442 et
628 1391 852 1461 nebula,
886 1404 940 1448 et
973 1398 1181 1452 creatio
1228 1401 1449 1468 spiritus
1484 1403 1868 1474 intelligantur,

301 1491 405 1530 non
446 1478 801 1537 substantiam
857 1486 972 1553 rei,
1016 1490 1110 1544 sed
1141 1490 1423 1562 figuratam
1468 1495 1874 1567 interpretatio-

299 1582 420 1619 nem
450 1570 846 1639 significabant.

371 1659 460 1716 15.
514 1662 664 1727 Quod
700 1667 746 1721 si
780 1682 811 1721 e
850 1668 1066 1725 diverso
1099 1674 1412 1741 opposuerit
1461 1677 1752 1734 manifeste
1803 1680 1871 1735 de

1983 499 2133 554 sunt,
2168 491 2260 544 sed
2292 491 2343 543 iu
2371 505 2437 545 eo
2466 495 2609 561 quod
2632 496 2960 561 subsistunt,
2987 500 3235 567 quotidie
3266 501 3420 557 fiunt.
3451 505 3544 561 Ne-

1987 595 2092 649 que
2126 581 2271 635 euim
2308 581 2507 637 frustra
2554 586 2672 639 sine
2700 587 2944 651 articulo,
2982 592 3073 657 qui
3118 591 3173 644 itt
3208 592 3406 647 ϐωτςο
3436 612 3544 649 ser-

1981 686 2140 727 mone
2186 673 2585 743 singularitatis
2624 679 2964 743 significatur
3000 691 3116 746 est,
3156 699 3301 737 nunc
3334 688 3547 753 spiritus

1982 773 2197 819 creatus
2222 765 2441 831 dicitur,
2466 768 2723 836 quoniam
2751 786 2857 824 non
2887 782 2969 826 est
2994 784 3239 837 sanctus,
3272 792 3395 829 cum
3424 794 3549 845 pene

1979 870 2195 925 semper
2237 856 2473 925 Spiritus
2527 872 2748 914 sanctus
2792 876 2914 915 cum
2962 865 3193 919 articulo
3224 869 3548 933 nominetur,
3601 856 3611 869 ’

1978 959 2035 1000 ιιι
2066 950 2116 1001 ἱιι
2155 950 2249 1003 illo
2273 950 2405 1003 αὐτὸ
2434 950 2495 1004 τὸ
2526 951 2773 1021 Πνεῦμα,
2802 954 2853 1007 id
2883 964 2966 1009 est
3007 974 3026 1007 ι
3063 957 3175 1024 ipse
3209 959 3448 1027 Spiritus
3481 972 3551 1015 te-

1975 1041 2288 1093 stimonium
2327 1042 2576 1109 perhibet
2619 1045 2830 1111 spiritui
2879 1056 3063 1101 nostro
3109 1049 3193 1113 “;
3231 1069 3251 1102 ι
3309 1062 3369 1105 et
3392 1052 3548 1117 alibi,

1974 1131 2149 1194 Λὺτός
2168 1133 2314 1186 ἐστιν
2338 1134 2398 1185 τὸ
2424 1134 2719 1198 ζωοποιοῦν
2742 1138 2876 1207 (54),
2900 1140 2948 1193 id
2972 1152 3102 1207 est,t
3125 1145 3237 1212 ipse
3262 1153 3341 1197 est
3359 1146 3453 1214 qui
3483 1147 3554 1198 vi.

1976 1221 2157 1274 viﬁcat
2185 1222 2283 1278 δ’.»
2321 1222 2385 1277 Ει
2415 1240 2662 1278 rursum:
2690 1244 2708 1276 ι
2748 1226 2839 1281 Sic
2865 1236 2919 1282 et
2946 1245 3064 1296 qua!
3095 1232 3185 1285 Dei
3221 1242 3371 1295 sunt,
3402 1249 3553 1288 nemo

1974 1314 2228 1380 cognovit
2259 1316 2361 1368 nisi
2391 1315 2452 1367 τὸ
2480 1314 2727 1387 Πνεῦμα,
2767 1337 2787 1369 ι
2824 1318 2875 1370 id
2907 1330 2990 1372 est
3023 1339 3041 1371 ι
3079 1320 3323 1390 Spiritus
3353 1323 3446 1377 Dei
3480 1342 3494 1377 :
3527 1343 3547 1376 ι

1972 1402 2033 1454 τὸ
2078 1402 2188 1475 γὰρ
2216 1404 2465 1475 Πνεῦμα,
2500 1407 2600 1461 hoc
2623 1417 2727 1471 est,
2771 1428 2789 1459 ι
2830 1411 3068 1476 Spiritus
3104 1415 3250 1466 enim
3278 1425 3554 1470 scrutatur

1973 1497 2178 1562 omnia,
2224 1499 2387 1552 etiam
2416 1500 2523 1553 alta
2562 1502 2653 1554 Dei
2690 1503 2757 1556 ⁷ο.
2805 1523 2823 1554 ι
2866 1505 2929 1558 Ει
2954 1510 3121 1560 multa
3154 1525 3275 1573 qua!
3300 1509 3371 1564 de
3411 1510 3553 1564 Scri-

1979 1586 2156 1651 pturis
2197 1589 2373 1642 sacris
2407 1603 2702 1658 excerpere
2742 1594 3003 1659 possibile
3039 1607 3146 1652 est.
3183 1599 3340 1666 Quod
3383 1601 3549 1656 sicubi

1975 1689 2099 1729 raro
2164 1676 2281 1730 sine
2343 1678 2575 1733 articulo
2635 1682 2948 1737 nominatur
3002 1683 3238 1754 Spiritus
3295 1699 3549 1755 sanctus,

298 1748 500 1819 Spiritu
533 1765 724 1811 sancto
768 1759 885 1815 haec
911 1761 1039 1827 dici,
1071 1766 1198 1833 quia
1231 1766 1498 1823 inferatur
1523 1771 1589 1824 ad
1638 1773 1871 1827 creatio-
1905 1751 1945 1806 Β
1980 1766 2264 1822 sciendum
2285 1778 2369 1823 est
2396 1784 2518 1823 cum
2541 1772 2913 1828 additamento
2934 1791 3055 1829 eum
3092 1780 3365 1832 nominari
3389 1782 3550 1850 signi-

297 1857 420 1896 nem
455 1845 728 1914 Spiritus,
768 1851 899 1906 illud
944 1856 1088 1923 quod
1142 1859 1392 1927 sequitur
1426 1878 1440 1915 :
1480 1878 1499 1913 ι
1552 1861 1619 1915 Ει
1665 1879 1874 1920 annun-

301 1935 443 1992 tians
475 1938 527 1992 in
564 1956 756 1997 omnes
792 1942 907 2016 (3'5)
936 1946 1183 2003 homines
1222 1949 1495 2009 Christum
1528 1971 1715 2023 suum;
1759 1975 1777 2009 t
1817 1958 1871 2010 itt

299 2025 527 2084 Hebraeo
552 2032 806 2101 habetur,
839 2054 857 2088 ι
892 2040 1179 2094 annuntiat
1208 2042 1260 2095 in
1298 2043 1571 2101 hominem
1603 2048 1871 2116 loquelam

295 2135 487 2187 suam;
525 2142 544 2175 ι
582 2129 725 2194 quod
758 2128 968 2185 scilicet
998 2132 1088 2201 qui
1117 2143 1333 2190 creator
1354 2148 1440 2191 est
1467 2141 1730 2205 omnium,
1762 2141 1874 2209 ipse

298 2213 463 2268 etiam
514 2219 793 2287 prepltetis
832 2219 929 2293 [αι.
968 2224 1286 2298 prophetas]
1337 2228 1598 2298 inspiret,
1631 2240 1686 2285 et
1716 2247 1870 2287 suam

301 2318 402 2373 per
429 2320 523 2361 eos
562 2308 871 2367 hominibus
918 2312 1119 2370 indicet
1146 2317 1502 2375 voluntatem.
1554 2321 1621 2376 Et
1654 2324 1721 2379 ad
1769 2324 1874 2379 hoc

296 2400 733 2467 respondendum
765 2414 864 2467 est,
895 2408 1024 2475 quia
1056 2408 1275 2477 quidam
1310 2412 1549 2467 haeretici
1578 2415 1739 2470 alium
1776 2432 1873 2472 ex-

304 2500 388 2543 tra
418 2498 720 2549 creatorem
766 2494 1052 2553 Dominum
1099 2500 1319 2558 Patrem
1368 2503 1671 2563 Salvatoris
1716 2526 1870 2564 tuen-

295 2578 525 2646 tiuntur,
559 2583 661 2638 hoc
692 2584 1011 2654 itnpiissime
1042 2592 1400 2659 praedicantes
1430 2612 1445 2650 :
1483 2612 1588 2651 non
1630 2599 1867 2653 scelera-

297 2680 404 2724 tam
433 2687 622 2728 eorum
658 2676 1024 2744 suspicionem
1061 2684 1411 2750 providentes
1442 2701 1470 2739 a
1500 2687 1609 2743 Deo
1637 2692 1867 2758 percuti,

291 2762 505 2819 dicente
537 2782 550 2818 :
582 2766 698 2838 Ego
726 2768 968 2826 formans
997 2770 1207 2844 [Vatic.
1244 2775 1497 2851 ﬁrmans]
1543 2782 1867 2849 tonitruum,

292 2865 345 2909 et
386 2871 583 2914 creans
609 2861 858 2929 spiritum
887 2874 944 2919 et
977 2865 1113 2921 alias
1141 2870 1326 2922 mundi
1357 2880 1538 2937 partes
1582 2871 1785 2925 faciens
1815 2884 1870 2928 et

292 2942 627 3013 gubernans,
668 2950 935 3004 annuntio
967 2950 1022 3004 in
1069 2951 1323 3008 homines
1354 2955 1630 3008 Christum
1666 2973 1866 3011 meum.

291 3032 357 3088 Et
392 3036 496 3093 hoc
531 3040 674 3094 enim
724 3043 1083 3111 providentiae
1126 3059 1260 3101 mea:
1297 3062 1431 3115 opus
1479 3063 1643 3117 super
1678 3051 1860 3104 omnia

1975 1859 2171 1913 ticante
2210 1861 2665 1930 magniﬁcentiam
2707 1864 2846 1932 ejus.
2886 1865 3167 1936 Siquidem
3203 1870 3412 1924 dicitur
3459 1872 3553 1924 ati-

1972 1952 2189 2019 quando
2217 1961 2273 2007 et
2306 1954 2423 2008 sine
2449 1955 2680 2009 articulo
2703 1996 2717 2021 ,
2752 1972 2875 2011 cum
2910 1973 3015 2013 non
3052 1960 3167 2028 ipse
3200 1976 3300 2031 per
3331 1975 3394 2014 se
3415 2006 3431 2028 ,
3463 1964 3552 2017 sed

1974 2045 2321 2116 participatio
2350 2048 2467 2118 ejus
2516 2050 2826 2104 ostenditur
2875 2069 2889 2106 :
2944 2062 3005 2105 ut
3052 2062 3202 2121 puta,
3242 2072 3261 2105 ι
3316 2055 3556 2123 Spiritus

1974 2138 2103 2193 Elia:
2132 2140 2214 2203 τίς
2248 2157 2267 2191 ι
2300 2148 2375 2204 et,
2412 2159 2430 2192 ι
2467 2140 2678 2209 Spiritu
2716 2143 2993 2200 ambulate
3022 2146 3090 2212 ",
3123 2165 3143 2198 ι
3192 2153 3249 2202 et
3294 2162 3553 2216 quacun-

1972 2244 2077 2298 que
2110 2230 2193 2283 ltis
2225 2229 2421 2283 similia
2457 2241 2602 2283 sunt.

2048 2322 2134 2375 i6.
2179 2320 2444 2387 Quoniam
2482 2322 2644 2392 igitur
2671 2338 2737 2378 ex
2766 2325 2871 2388 his,
2900 2340 3020 2394 quae
3053 2328 3376 2387 memoravi,
3408 2336 3463 2383 et
3489 2344 3551 2383 ex

1972 2412 2157 2468 multis
2210 2412 2354 2478 aliis,
2392 2429 2496 2467 non
2558 2429 2680 2469 esse
2750 2426 3054 2470 creatusaut
3118 2415 3387 2487 Spiritum
3430 2434 3557 2472 sau-

1983 2515 2130 2560 ctum
2186 2506 2619 2559 demonstratum
2661 2518 2778 2572 est,
2821 2523 3087 2576 nusquam
3142 2511 3558 2565 conditionibus

1976 2608 2405 2652 cenuumeratus
2440 2608 2543 2660 est,
2581 2599 2676 2652 sed
2711 2612 2927 2666 semper
2960 2615 3081 2652 cum
3118 2598 3283 2654 Patre
3326 2610 3385 2654 et
3420 2598 3557 2655 Filio

1970 2688 2181 2756 positus
2215 2706 2228 2742 :
2262 2703 2408 2743 nunc
2434 2689 2716 2744 videamus
2741 2706 2904 2760 quam
2937 2706 3059 2744 cum
3094 2700 3327 2760 utroque
3361 2691 3555 2746 habeat

1971 2778 2397 2833 indifferentiam
2436 2778 2537 2851 [aL
2577 2778 2989 2854 diﬂ'erentiam].
3041 2781 3098 2836 In
3144 2782 3252 2837 fine
3299 2782 3554 2852 Epistula:

1971 2874 2254 2938 secundae,
2288 2890 2451 2944 quam
2485 2876 2550 2928 ad
2582 2874 2894 2930 Corinthios
2928 2877 3119 2930 scribit
3152 2876 3383 2941 Paulus,
3430 2877 3503 2930 ait
3536 2895 3550 2931 :

1977 2984 1994 3015 ι
2035 2964 2223 3020 Gratia
2274 2964 2487 3021 Domini
2533 2968 2704 3022 nostri
2752 2966 2879 3021 Jesu
2929 2968 3172 3034 Christi,
3220 2978 3279 3023 et
3315 2970 3555 3023 cltaritas

1968 3056 2101 3122 Dei,
2137 3066 2191 3110 et
2227 3059 2651 3114 communicatio
2687 3060 2860 3114 sancti
2901 3058 3172 3129 Spiritus,
3213 3060 3290 3113 sit
3340 3074 3556 3129 semper

290 3144 454 3196 opera
478 3147 597 3186 mea
628 3143 735 3200 est,
771 3146 829 3190 ut
854 3152 959 3191 non
992 3138 1166 3192 solum
1194 3153 1383 3194 eorum
1408 3156 1527 3209 quae
1553 3141 1684 3197 foris
1713 3156 1859 3213 sunt,
1892 3113 1935 3170 ϐ
1971 3164 2093 3202 cum
2126 3149 2380 3203 omnibus
2408 3150 2561 3205 vobis
2582 3151 2649 3203 ⁷³.
2690 3170 2709 3204 ι
2745 3151 3068 3207 Ostenditur
3096 3152 3301 3221 quippe
3332 3166 3399 3206 ex
3438 3168 3550 3206 ser-

292 3224 386 3277 sed
416 3234 471 3278 et
497 3242 620 3296 qua:
652 3229 721 3284 ad
746 3230 1176 3285 emolumentum
1213 3231 1409 3286 anima:
1437 3242 1493 3287 et
1528 3235 1726 3290 mentis
1752 3236 1859 3288 uti-

291 3316 498 3371 litatem
543 3317 640 3391 [αι.
697 3321 1082 3394 humilitatem]
1119 3323 1429 3393 pertinent,
1463 3340 1625 3380 causa
1685 3328 1861 3381 subsi-

290 3417 454 3461 stant.
496 3408 609 3478 Ego
647 3410 752 3465 hoc
783 3413 929 3481 quod
964 3412 1201 3478 dicitur,
1239 3432 1258 3465 ι
1297 3412 1437 3469 Creo
1496 3415 1781 3483 spiritum,
1837 3435 1855 3468 ι

289 3513 442 3568 mque
470 3502 709 3558 arbitror
739 3506 999 3575 positum,
1029 3519 1094 3560 ac
1121 3505 1165 3561 si
1195 3504 1493 3573 diceretur,
1511 3523 1706 3563 creans
1734 3522 1865 3563 ven-

296 3599 429 3645 tum.
460 3591 600 3649 Deus
629 3596 830 3665 quippe
859 3594 1024 3651 ﬂatus
1054 3596 1153 3652 hos
1172 3635 1188 3664 ,
1223 3597 1314 3666 qui
1343 3612 1439 3667 per
1481 3599 1624 3654 aeris
1660 3609 1863 3654 motum

290 3680 631 3752 efﬁciuntur,
665 3684 1026 3757 dispositione
1059 3701 1159 3742 sua
1194 3687 1365 3754 ducit,
1401 3690 1699 3744 secundum
1736 3688 1865 3744 illud

290 3775 434 3841 quod
465 3775 595 3831 alibi
628 3776 862 3847 legimus
892 3792 907 3832 :
941 3797 959 3831 ι
1001 3779 1103 3847 Qui
1137 3780 1392 3850 producit
1415 3790 1608 3837 ventos
1636 3781 1702 3836 de
1740 3782 1863 3836 the-

289 3865 466 3919 sauris
507 3867 621 3923 suis
647 3868 716 3923 ⁸⁷.
750 3888 769 3922 ι
802 3869 948 3925 Bene
979 3880 1163 3925 autem
1194 3871 1337 3942 quod
1368 3873 1420 3927 in
1450 3872 1564 3944 ipsa
1595 3874 1865 3929 sententia

288 3972 393 4011 non
427 3959 542 4024 ait;
584 3959 676 4029 qui
713 3962 895 4017 creavi
926 3981 941 4016 :
973 3962 1069 4018 sed
1102 3980 1123 4015 ι
1166 3964 1260 4033 qui
1291 3978 1418 4019 creo
1444 3966 1717 4036 spiritum.
1750 3985 1768 4019 ι
1803 3967 1862 4022 Si

284 4050 431 4117 enim
459 4050 525 4106 de
548 4052 1011 4110 substantialitate
1033 4054 1273 4125 Spiritus
1296 4061 1467 4112 sancti
1492 4074 1672 4115 sermo
1694 4068 1859 4127 esset,

284 4146 517 4201 dixisset
566 4145 787 4213 utique,
834 4147 925 4216 qui
973 4149 1177 4203 creavi.
1224 4147 1409 4220 Neque
1454 4152 1598 4206 enim
1648 4166 1864 4223 semper

282 4237 529 4292 eumdem
573 4243 749 4293 creat.
786 4235 940 4293 Nunc
969 4246 1149 4294 autem
1191 4251 1594 4312 consequenter
1634 4243 1703 4299 de
1729 4241 1859 4299 ﬂatu

1972 3255 2133 3295 mone
2182 3241 2435 3306 praesenti
2482 3258 2589 3297 nua
2629 3240 2917 3297 Trinitatis
2959 3245 3261 3313 assumptio
3298 3261 3313 3297 :
3348 3258 3475 3296 cunt
3511 3243 3554 3297 is

1972 3332 2063 3401 qui
2100 3332 2330 3402 gratiam
2376 3333 2577 3388 Christi
2618 3335 2866 3404 accepit,
2915 3334 3112 3389 habeat
3141 3350 3264 3389 eam
3298 3341 3413 3387 tam
3458 3348 3552 3402 per

1970 3423 2493 3479 administrationem
2520 3423 2719 3493 Patris,
2745 3441 2906 3495 quam
2931 3440 3027 3496 per
3054 3426 3405 3495 largitionem
3434 3426 3554 3495 Spi-

1968 3514 2106 3570 ritus
2148 3516 2344 3570 sancti.
2386 3517 2555 3571 Datur
2583 3518 2728 3572 enim
2760 3532 2789 3571 a
2823 3519 2931 3572 Deo
2958 3518 3118 3574 Patre
3162 3529 3217 3573 et
3248 3518 3351 3590 [αι.
3382 3534 3414 3572 a
3450 3516 3554 3571 Do-

1968 3605 2140 3678 mitio]
2167 3605 2294 3661 Jesu
2326 3608 2565 3674 Christo,
2586 3607 2740 3677 juxta
2770 3609 2897 3663 illud
2928 3628 2944 3666 ;
2976 3628 2995 3661 ι
3028 3609 3213 3665 Gratia
3242 3612 3549 3675 vobiscum,

1966 3708 2020 3753 et
2049 3714 2150 3769 pax
2184 3714 2215 3753 a
2256 3700 2365 3754 Deo
2398 3698 2578 3768 Patre,
2623 3710 2678 3757 et
2725 3702 2954 3757 Domino
3002 3700 3129 3756 Jesu
3164 3702 3391 3757 Christo
3419 3702 3488 3765 ⁷⁸,
3526 3719 3547 3752 ι

1970 3806 2076 3844 non
2108 3790 2270 3844 aliam
2307 3790 2470 3845 dante
2501 3792 2731 3859 gratiam
2766 3792 2925 3848 Patre
2958 3802 3013 3848 et
3043 3793 3202 3847 aliam
3236 3793 3545 3847 Salvatore.

1968 3878 2247 3948 Siquidem
2292 3889 2347 3933 et
2393 3894 2421 3932 a
2465 3877 2626 3934 Patre
2672 3890 2725 3935 et
2770 3879 2995 3936 Domino
3021 3879 3148 3936 Jesu
3180 3880 3409 3935 Christo
3434 3894 3549 3933 eam

1966 3970 2083 4025 dari
2110 3970 2376 4026 describit
2407 3971 2612 4043 [Vatia
2645 3972 2887 4045 scribit],
2924 3973 3161 4041 Spiritus
3188 3973 3369 4027 sancti
3402 3987 3551 4026 cout-

1965 4064 2335 4119 tttunicatione
2358 4065 2701 4135 completam.
2734 4065 2867 4119 Nunt
2894 4076 2947 4120 et
2970 4066 3084 4135 ipse
3104 4065 3348 4134 Spiritus
3376 4064 3552 4117 dictus

1964 4164 2048 4209 est
2078 4155 2277 4225 gratia,
2305 4158 2604 4211 secundum
2638 4158 2766 4211 illud
2795 4176 2808 4212 :
2847 4175 2866 4209 ι
2904 4158 2970 4212 Ει
2998 4157 3212 4227 spiritui
3246 4158 3441 4226 gratiae
3468 4156 3551 4207 in-

1958 4245 2162 4315 juriam
2193 4247 2421 4313 faciens,
2451 4249 2503 4301 in
2539 4264 2647 4319 quo
2681 4250 3051 4305 sanctilicatus
3078 4259 3164 4305 est
3185 4250 3256 4304 ".
3299 4269 3319 4302 ι
3356 4248 3417 4303 lu
3447 4247 3550 4303 Za-

350 4411 396 4445 ⁶¹¹
429 4411 571 4468 Psal.
601 4429 820 4481 cxxxtv,
851 4413 1029 4496 7.__"
1068 4412 1229 4496 ξος).
1261 4417 1486 4496 vtn,1§.
1523 4488 1535 4496 _
1561 4420 1605 4496 ff
1630 4418 1865 4496 Joangt.

2057 4422 2104 4453 "°
2143 4420 2314 4496 lCor.
2340 4438 2401 4496 tt.
2431 4423 2531 4496 to.
2594 4424 2638 4455 '”
2682 4422 2747 4496 IY
2774 4423 2905 4496 Reg.
2932 4440 2992 4491 ιι,
3026 4423 3115 4479 i5.
3190 4425 3239 4457 "
3278 4423 3463 4481 Galat.
3494 4440 3548 4491 v,

283 4484 369 4538 16.
445 4485 492 4517 ⁷³
520 4486 562 4539 ll
586 4487 711 4543 Cor.
742 4502 865 4553 xm,
901 4487 992 4543 15.

1075 4486 1123 4517 ⁷⁸
1161 4485 1319 4541 Rom.
1358 4504 1398 4554 t,
1429 4488 1490 4554 7;
1521 4488 1690 4545 ICur.
1724 4508 1761 4555 ι,
1788 4490 1858 4558 5;
1886 4493 2092 4548 Coloss.
2122 4509 2158 4555 ι,
2187 4494 2242 4547 5.

2352 4495 2399 4526 ’⁵
2442 4494 2603 4551 Hebr.
2635 4509 2691 4553 ιι.
2717 4495 2808 4549 29.

353 4624 469 4709 (55)
513 4625 717 4709 Vocem
748 4647 994 4709 «omnes
1022 4652 1042 4687 ι
1085 4649 1263 4705 neque
1292 4652 1421 4693 mss.
1453 4640 1648 4699 nostri.
1680 4638 1856 4709 neque
1886 4643 1933 4701 ι)
1959 4653 2111 4709 suum
2185 4635 2329 4709 quod
2395 4636 2661 4691 llebraice
2729 4638 2928 4693 dicitur
3005 4638 3231 4704 Messio,
3285 4640 3552 4694 scribitur

280 4696 463 4778 ᾼιιιυεί
492 4707 671 4778 textus
705 4702 923 4769 habent,
958 4696 1191 4778 eamque
1218 4720 1349 4761 sane
1379 4709 1561 4762 malint
1595 4696 1853 4778 expun'gi.

280 4766 918 4850 annotationemnporro
961 4766 1309 4850 esHHebraao
1365 4794 1471 4831 non
1530 4797 1592 4833 ex
1647 4766 1856 4850 Didyini

282 4835 521 4917 ingenio,
552 4841 645 4910 qui
692 4835 989 4917 Hebraicas
1034 4845 1247 4901 litteras
1289 4849 1508 4917 penitus
1551 4835 1856 4915 ignorabat,

283 4905 376 4986 sed
408 4905 696 4986 u_tiqué_ex
747 4912 1076 4983 tlieronynto
1105 4905 1418 4986 profecisse.
1464 4905 1597 4973 milii
1636 4905 1860 4986 persna;

1960 4722 2054 4777 per
2087 4706 2439 4777 Itashlitteras
2496 4724 2509 4760 :

2568 4723 2701 4772 usu,
2755 4724 2859 4772 sm,
2914 4724 3032 4773 ton,
3080 4725 3245 4772 nam,
3302 4721 3359 4763 et
3420 4726 3551 4773 μιν,

1955 4775 2098 4846 quod
2146 4775 2288 4830 LXX
2349 4788 2694 4844 putaverunt.
2725 4778 2819 4831 Sin
2871 4792 3048 4834 autem
3104 4791 3162 4834 ιιι
3206 4783 3257 4833 in
3291 4779 3549 4844 Hebraeo,

1954 4858 2004 4902 et
2032 4847 2173 4916 apud
2218 4847 2445 4917 reliquos
2499 4848 2806 4918 interpretes
2852 4860 2955 4915 est,
3006 4850 3090 4905 his
3119 4850 3317 4905 litteris
3349 4854 3551 4903 scribi-

1958 4928 2064 4979 tur,
2129 4934 2263 4976 usit.
2314 4933 2405 4983 ne,
2460 4921 2601 4985 quod
2664 4931 2747 4973 est
2807 4935 2901 4988 tu,

2983 4922 3084 4975 hoc
3137 4930 3218 4974 est
3265 4922 3432 4989 quod,
3464 4921 3551 4974 vel

282 4975 402 5060 deo.
438 4977 571 5032 Nam
699 4996 914 5060 quoque
946 4975 1269 5060 Ambrosius
1303 4975 1518 5055 quilib.
1553 5005 1592 5043 ιι
1624 4975 1702 5043 be
1733 4991 1857 5059 Spi-
1953 4975 2101 5059 quid.
2164 4989 2366 5060 Deinde
2392 4975 2403 4983 ’
2434 4975 2539 5060 sitv.
2575 5004 2691 5046 tuo.
2735 4975 2902 5053 nam:
2954 4992 3096 5057 quod
3151 4975 3386 5060 legium:
3418 4975 3548 5050 'SIA.

281 5045 391 5129 ritu
420 5060 601 5129 sancto
620 5045 750 5129 huic
781 5045 847 5105 ex
876 5057 1206 5129 AlllQSiAIOCO
1231 5045 1520 5124 objectioni
1550 5045 1853 5129 respondet,

287 5117 426 5170 hanc
452 5123 591 5192 apud
609 5120 902 5192 Didyntum
928 5125 1254 5182 solutionem
1281 5117 1345 5183 ex
1383 5129 1608 5183 Hebraeo
1638 5117 1699 5184 se
1728 5117 1858 5184 indi;

285 5196 373 5265 cat
399 5203 504 5240 non
520 5188 735 5265 legisse,
755 5208 878 5265 cum
904 5195 1046 5265 illam
1066 5198 1289 5251 omnino
1314 5201 1634 5253 dissimulet.
1656 5202 1859 5265 Argue-

286 5255 419 5308 bant
463 5255 639 5310 autem
687 5261 923 5339 baaretici
960 5280 1025 5319 ex
1068 5284 1132 5321 eo
1170 5269 1321 5330 loco,
1378 5271 1549 5339 creari
1593 5255 1858 5339 δρὶνίῖιιιιι

1956 5056 2006 5113 id
2048 5068 2130 5111 est
2155 5056 2440 5127 eloquium.
2483 5059 2557 5129 ΟίΔ
2588 5061 2747 5129 igitur
2780 5062 2920 5128 quod
2953 5056 3327 5127 scribitur'per
3369 5061 3547 5113 solam

1959 5130 2196 5181 litteram
2238 5144 2365 5189 vau,
2395 5127 2587 5191 αὑτοῦ,
2612 5127 2690 5185 ἰιι
2713 5127 2807 5183 εει
2834 5132 2971 5197 ejus,
3008 5133 3302 5194 signiﬁcat,
3343 5132 3546 5184 simul-

1958 5214 2063 5265 que
2108 5199 2451 5252 contmistunt
2503 5201 2698 5266 legitur
2749 5203 2941 5257 masio.
2976 5220 2995 5252 ι
3048 5200 3203 5255 Unde
3261 5201 3549 5255 cuncludit

1961 5271 2128 5322 Deum
2179 5284 2274 5336 per
2309 5271 2603 5336 prophetas
2669 5272 2907 5325 indicare
2962 5272 3293 5325 voluntatem
3356 5287 3544 5334 suam,

288 5336 559 5409 sanctum,
600 5337 658 5382 ιιι
687 5330 995 5409 hominibus
1022 5338 1373 5392 annuntiaret
1401 5330 1862 5409 Cltristnt'n.’Qui-
1956 5330 2435 5409 eosque-turpiter
2475 5356 2682 5402 errare,
2736 5343 2827 5409 qui
2876 5343 3040 5395 alium
3097 5354 3249 5394 extra
3313 5341 3547 5396 Creato-

287 5395 389 5474 bus
414 5407 471 5449 ut
492 5408 717 5474 reponat
738 5398 1119 5474 Hieronymus,
1146 5423 1249 5461 nou
1282 5410 1350 5460 ita
1380 5411 1428 5461 in
1457 5408 1685 5464 Hebraeo
1712 5395 1859 5464 fonte

289 5466 643 5540 lcgiasserit,
674 5484 737 5540 ac
774 5474 914 5539 apud
944 5466 1118 5540 LXX,
1156 5476 1248 5531 sed
1284 5479 1468 5531 haberi
1501 5498 1519 5529 ι
1570 5479 1858 5533 annuntiat

289 5533 342 5614 in
397 5537 666 5616 hominem
702 5533 968 5609 loquelam
1012 5533 1185 5598 suam.
1237 5564 1256 5597 ι
1300 5548 1479 5616 Atque
1530 5550 1602 5603 ita
1639 5549 1856 5617 quidem

289 5604 817 5685 ipsejt‘t'te'rpretattis
843 5621 949 5685 est,
971 5616 1331 5685 exposuitque
1355 5604 1406 5670 ίιί
1427 5604 1855 5683 Commentariis,

292 5674 381 5726 ubi
410 5674 728 5756 LXX‘verb-i
760 5674 1112 5756 similitudine
1140 5697 1193 5740 et
1226 5674 1579 5756 ambiguitate
1602 5674 1856 5755 deceptos

294 5753 465 5799 notat.
497 5768 515 5797 ι
551 5746 810 5817 Sienitn,
863 5769 881 5803 ι
926 5753 1119 5824 inquit,
1190 5775 1211 5808 ι
1258 5746 1525 5826 ιεεθῖιιιιε,
1582 5746 1855 5813 Christum

1961 5425 2105 5488 rem,
2139 5408 2584 5493 Patretn'Cltristi
2627 5408 3129 5493 ittiluceb_attt,_cntn
3150 5414 3546 5493 AIIIOSIEOIIJIC.

1965 5479 2169 5551 Spiritu
2198 5482 2305 5551 sed
2342 5480 2409 5551 de
2434 5490 2613 5546 vento,
2638 5496 2814 5551 neque
2835 5482 2902 5537 de
2942 5482 3181 5549 Christo,
3211 5482 3306 5535 sed
3340 5483 3409 5535 de
3446 5481 3545 5536 Dei

1964 5549 2316 5602 meditatione
2348 5548 2617 5617 loquatur.

2034 5617 2281 5702 (5.1)nSic
2310 5621 2557 5702 equidem
2582 5620 2719 5702 editi
2741 5622 2944 5702 habent
2963 5633 3017 5677 et
3046 5623 3542 5702 mss.,sed"pel:peo

1965 5704 2100 5763 rain.
2144 5688 2380 5763 finienda
2415 5705 2481 5763 e_x
2530 5691 2646 5763 ipso
2696 5692 2919 5747 Joannis
2977 5705 3149 5757 textu,
3184 5692 3248 5745 τὸ
3305 5688 3542 5763 Πνεῦμα

1963 5756 2081 5810 ἐστὶ
2108 5756 2170 5812 τὸ
2200 5757 2521 5828 ζωοποιοῦν,
2553 5756 2571 5811 ι
2607 5760 2842 5831 Spiritus
2866 5773 2969 5831 est,
2993 5764 3083 5835 qui
3110 5756 3364 5819 viviﬁcat.
3399 5785 3420 5816 ι
