3738 6308
402 264 533 320 1051

1622 259 1857 315 ΒΙΒΥΜΙ
1893 258 2365 315 ALEXANDRINI

3488 263 3597 321 1°52

406 381 552 447 bilis,
594 379 886 434 secundum
927 386 1199 441 naturam,
1234 384 1448 429 ostensa
1484 382 1567 427 est
1603 373 1861 427 Trinitas.
1907 371 1961 425 In
1992 377 2037 430 Α
2066 372 2132 423 ab
2170 371 2275 423 alio
2321 368 2638 438 sapientiam
2672 405 2684 418 .
2744 379 2916 436 neque
2947 380 3040 435 per
3074 365 3351 435 cujusdam
3404 370 3598 433 alterius

398 476 505 528 alio
535 488 744 541 quoque
774 468 1060 539 Evangelia
1090 468 1287 541 dicitur
1316 483 1330 519 :
1359 484 1377 517 ‹
1422 466 1534 519 Non
1554 467 1697 519 enim
1720 479 1812 518 vos
1830 466 1961 517 estis

395 566 487 636 qui
521 540 818 632 loquimini,
868 562 958 614 sed
997 540 1226 626 Spiritus
1249 555 1425 611 Patris
1462 556 1623 609 vestri
1647 556 1737 624 qui
1788 554 1958 622 loqui-

398 667 487 711 tur
510 656 560 709 in
585 654 733 708 vobis
759 654 829 706 ⁹².
863 673 881 704 ο
908 653 964 706 Si
989 668 1118 720 ergo
1144 651 1375 721 Spiritus
1410 647 1586 701 Patris
1623 647 1673 700 in
1708 646 1962 716 apostolis

396 748 651 818 loquitur,
698 746 894 799 docens
932 759 1025 797 eos
1056 760 1174 811 qua:
1212 742 1439 796 debeant
1496 740 1853 809 respondere,
1906 747 1961 797 et

399 856 518 910 qua:
571 841 832 892 docentur
887 852 914 889 a
972 834 1173 903 Spiritu
1210 832 1470 901 sapientia
1517 842 1620 893 est,
1652 845 1811 898 quam
1854 844 1956 882 non

397 948 679 1003 possumus
714 931 873 983 aliam
909 935 1100 996 praeter
1141 924 1332 978 Filium
1364 924 1697 993 intelligere,
1758 922 1958 989 liquido

397 1030 617 1089 apparet
661 1019 895 1088 ejusdem
931 1026 1132 1069 natum
1166 1014 1422 1082 Spiritum
1455 1029 1576 1068 esse
1618 1030 1737 1067 cum
1778 1014 1954 1079 Filio,

394 1121 445 1164 et
479 1126 597 1164 cum
650 1107 841 1173 Patre,
888 1108 1039 1173 cujus
1093 1104 1324 1174 Spiritus
1381 1112 1483 1159 est.
1522 1104 1689 1158 Porro
1712 1103 1869 1158 Pater
1903 1113 1957 1158 et

394 1200 564 1254 Filius
602 1216 763 1252 unum
800 1208 943 1253 sunt.
1000 1198 1165 1268 Igitur
1207 1196 1803 1257 Trinitassubstantiae
1835 1197 1953 1249 uni-

397 1301 506 1346 tate
547 1290 799 1343 sociatur.

468 1384 558 1436 20.
599 1381 702 1435 Per
728 1381 866 1434 aliud
917 1396 1131 1450 quoque
1161 1378 1558 1447 Seripturarnm
1610 1376 1911 1446 exemplum
1936 1415 1951 1440 ,

397 1474 681 1530 Trinitatis
712 1477 911 1527 unitas
952 1483 1005 1527 et
1043 1482 1234 1526 natura
1265 1471 1397 1542 (40),
1432 1480 1486 1525 et
1520 1470 1689 1523 virtus
1719 1469 1955 1523 ostendi-

396 1576 503 1620 tur.
527 1564 694 1619 Filius
722 1574 775 1619 et
816 1578 1028 1629 manus,
1070 1572 1124 1617 et
1165 1562 1404 1627 dextera,
1448 1571 1503 1615 et
1541 1561 1819 1615 brachium
1850 1558 1953 1612 Pa-

393 1660 494 1715 tris
544 1658 759 1712 dicitur.
815 1657 965 1711 Sicut
1003 1655 1192 1710 crebro
1240 1656 1553 1719 docuimus,
1585 1670 1647 1707 ex
1683 1655 1763 1708 bis
1794 1669 1953 1707 voca-

392 1750 554 1815 bulis,
594 1750 752 1804 uuius
794 1759 999 1801 natura:
1034 1745 1392 1800 inditl'erentia
1428 1748 1828 1800 demonstratur
1855 1746 1951 1817 [αι.
1986 1711 2027 1765 Β

394 1840 812 1895 indill‘erentiam
876 1837 1280 1909 demonstrari].
1341 1838 1576 1905 Spiritus
1612 1838 1775 1891 etiam
1822 1854 1949 1892 Satt-

392 1943 532 1995 ctus,
565 1931 759 2000 digitus
800 1928 917 1994 Dei,
954 1929 1245 1981 secundum
1277 1926 1707 1994 coniunctionem
1744 1940 1950 1981 natura:

395 2022 571 2076 Patris
630 2032 679 2075 et
725 2018 864 2096 Filii.
898 2020 1225 2074 nominatur.
1285 2020 1558 2088 Siquidem
1622 2022 1672 2073 in
1727 2037 1834 2076 uno
1884 2022 1950 2075 de

397 2113 697 2182 Evangeliis
728 2115 984 2166 adversus
1010 2129 1101 2168 eos
1128 2114 1215 2182 qui
1247 2114 1412 2181 signis
1445 2114 1653 2168 Domini
1695 2113 1953 2167 detrahe-

392 2207 554 2270 bant,
583 2207 821 2261 dicentes
851 2224 865 2260 :
902 2223 920 2255 ι
963 2204 1019 2258 In
1046 2204 1343 2259 Beelzebub
1375 2206 1612 2273 principe
1656 2205 1948 2259 (lanionia-

395 2313 511 2350 rum
558 2298 703 2367 ejicit
749 2298 1003 2351 dmntonia
1038 2297 1113 2363 9³,
1155 2316 1172 2347 ι
1222 2297 1507 2351 sciscitans
1540 2294 1785 2351 Salvator
1829 2298 1902 2349 ait
1937 2315 1951 2351 :

397 2408 415 2439 ι
448 2388 501 2443 Si
533 2404 631 2458 ego
672 2389 722 2441 in
750 2388 1045 2443 Beelzebub
1079 2388 1236 2457 ejicio
1268 2388 1554 2452 daemonia,
1581 2388 1669 2441 lilii
1701 2388 1861 2441 vestri
1902 2388 1953 2441 in

391 2496 497 2549 quo
524 2481 783 2550 ejiciunt?
813 2479 867 2535 Si
897 2490 1068 2535 autem
1098 2496 1198 2551 ego
1248 2482 1297 2534 in
1327 2480 1491 2550 digito
1526 2481 1615 2534 Dei
1644 2481 1801 2549 ejicio
1842 2481 1951 2535 (ιω-

394 2572 571 2624 tnouia
629 2589 641 2624 :
696 2586 824 2641 ergo
858 2574 1165 2639 supervenit
1219 2572 1270 2624 in
1324 2586 1417 2625 vos
1461 2588 1681 2641 regnum
1711 2572 1799 2626 Dei
1830 2571 1897 2627 ".
1929 2591 1947 2624 ι

393 2660 547 2717 Hunc
604 2664 849 2717 eumdem
912 2665 1127 2728 locum,
1183 2663 1319 2716 alius
1387 2664 1711 2734 evangelista
1760 2665 1955 2719 descri-

398 2752 563 2815 bens,
592 2751 894 2819 loquentem
929 2753 1104 2807 intulit
1140 2754 1332 2807 Filium
1364 2772 1378 2808 :
1418 2773 1434 2803 ι
1473 2752 1527 2806 Si
1562 2764 1739 2807 autem
1769 2770 1867 2824 ego
1902 2756 1951 2808 in

395 2840 595 2910 Spiritu
649 2843 736 2896 Dei
788 2842 943 2913 ejicio
975 2844 1236 2898 daemonia
1268 2846 1335 2898 ⁸⁵.
1381 2864 1398 2896 ι
1434 2844 1509 2898 Ex
1541 2845 1737 2912 quibus
1775 2856 1955 2899 osten-

398 2931 543 2985 ditur
576 2933 799 3003 digitum
837 2934 928 2988 Dei
962 2952 1080 2989 esse
1122 2935 1380 3004 Spiritum
1425 2946 1689 2989 sanctum.
1731 2935 1785 2989 Si
1827 2952 1954 3009 ergo

390 3022 707 3089 conjunctns
745 3033 827 3076 est
869 3024 1064 3090 digitus
1119 3024 1319 3088 manui,
1370 3035 1423 3077 et
1458 3041 1646 3080 manus
1699 3025 1746 3079 ei
1802 3028 1953 3096 cujus

392 3125 579 3164 manus
609 3123 726 3177 est;
781 3123 834 3165 et
880 3116 1079 3183 digitus
1114 3116 1230 3169 sine
1257 3115 1418 3171 dubio
1456 3117 1521 3171 ad
1553 3117 1671 3186 ejus
1701 3120 1952 3174 substan-

396 3202 523 3255 tiam
551 3204 800 3268 refertur,
834 3205 985 3273 cujus
1017 3208 1211 3277 digitus
1247 3220 1347 3262 est.

461 3293 553 3352 2i.
593 3297 790 3350 Verum
824 3313 955 3352 cave
987 3316 1053 3352 ne
1084 3302 1148 3353 ad
1203 3301 1423 3356 humilia
1461 3302 1719 3371 dejectus,
1748 3314 1801 3357 et
1825 3304 1959 3358 obli-

399 3395 483 3440 tus
519 3393 781 3445 sermonis
806 3430 821 3455 ,
859 3393 925 3445 de
982 3408 1089 3461 quo
1118 3409 1259 3448 nunc
1318 3394 1642 3464 diSputatnr,
1705 3396 1958 3465 depingas

393 3478 445 3532 in
479 3481 656 3535 animo
706 3493 796 3535 tuo
825 3486 1183 3553 corporalium
1219 3497 1431 3540 artuum
1464 3489 1802 3542 diversitates
1831 3505 1845 3551 ;
1897 3498 1951 3541 et

392 3572 615 3639 incipias
680 3575 770 3627 tibi
835 3578 1250 3646 magnitudines,
1302 3589 1355 3632 et
1412 3581 1843 3648 inmqualitates,
1902 3588 1955 3632 et

390 3674 582 3715 cetera
624 3678 907 3732 corporum
942 3668 1144 3733 majora
1194 3669 1275 3721 vel
1319 3670 1525 3722 minora
1562 3670 1801 3722 membra
1828 3683 1958 3721 con-

392 3752 631 3819 tingere;
685 3755 868 3810 dicens
920 3758 1145 3827 digitum
1211 3775 1240 3812 a
1296 3776 1495 3828 manu,
1543 3770 1595 3815 et
1638 3776 1852 3813 manum
1892 3762 1957 3814 ab

391 3858 457 3895 eo
481 3844 637 3909 cujus
664 3857 745 3898 est
779 3861 971 3899 manus
993 3888 1008 3911 ,
1033 3848 1210 3901 mnltis
1254 3849 1703 3917 ittqualitatibus
1756 3851 1961 3904 disne-

391 3951 520 4003 pare
548 3976 563 3999 ,
618 3938 741 4005 quia
772 3941 836 3993 de
888 3940 1317 4007 incorporalibus
1370 3957 1511 3994 nunc
1552 3940 1831 4008 Scriptura
1876 3942 1959 3994 lo-

391 4026 595 4093 qnitnr,
634 4029 893 4081 unitatem
929 4039 1131 4083 tantum
1184 4033 1385 4093 volens,
1431 4048 1533 4083 non
1586 4033 1748 4084 etiam
1796 4048 1949 4085 men-

394 4130 573 4168 suram
619 4117 934 4172 substantiaa
962 4122 1331 4173 demonstrare
1367 4137 1381 4173 :
1426 4122 1563 4174 sicut
1591 4125 1733 4174 enim
1769 4137 1961 4175 manus

396 4224 499 4260 non
530 4209 785 4262 dividitur
819 4226 845 4263 a
877 4227 1125 4279 corpore,
1165 4227 1257 4279 per
1312 4227 1474 4279 quam
1526 4223 1718 4264 cuncta
1754 4212 1963 4279 perﬁcit

393 4309 445 4351 et
478 4311 752 4364 operatur,
793 4310 845 4354 et
881 4302 932 4353 in
961 4317 1024 4355 eo
1061 4310 1165 4368 est,
1203 4302 1355 4369 cujus
1386 4311 1469 4355 est
1502 4317 1692 4357 manus
1736 4320 1751 4356 :
1794 4304 1870 4355 sic
1908 4310 1962 4354 et

2064 446 2340 531 sapientiae
2388 459 2855 530 participationem
2882 499 2897 523 ,
2937 459 3147 527 sapiens
3175 461 3503 516 nominatur.
3530 466 3599 521 Si-

2063 556 2275 625 quidem
2328 553 2479 608 multi
2529 553 2796 621 sapientes
2831 552 3101 608 dicuntur.
3148 567 3250 605 non
3302 568 3365 606 ex
3408 570 3497 607 sua
3528 574 3595 611 na-

2064 657 2220 714 tura,
2273 646 2368 701 sed
2428 659 2493 700 ex
2573 644 3056 699 communicatione
3126 645 3424 712 sapientiae.
3486 644 3599 706 Deus

2061 754 2188 793 vero
2253 753 2358 792 non
2426 736 2660 803 alterius
2740 734 3015 802 sapientia:
3061 736 3474 804 participatione
3520 758 3597 794 ne-

2059 845 2163 898 que
2217 828 2431 883 aliunde
2483 829 2698 897 sapiens
2749 826 2994 893 eﬂ‘ectus,
3079 828 3252 884 dictus
3334 840 3420 883 est
3481 834 3600 889 solus

2059 921 2312 989 sapiens,
2382 927 2438 973 et
2487 932 2752 983 generans
2809 918 3122 987 sapientiam
3154 958 3171 983 ,
3240 929 3299 975 et
3344 922 3482 976 alios
3525 923 3599 977 fa-

2057 1010 2208 1064 ciens
2243 1008 2537 1078 sapientes.
2579 1008 2707 1074 Qum
2762 1010 3021 1078 sapientia
3078 1007 3336 1065 Dominus
3389 1023 3473 1065 est
3524 1032 3600 1069 no-

2057 1112 2168 1156 Ster
2198 1099 2353 1155 Iesus
2402 1100 2649 1156 Christus
2680 1099 2771 1169 qui
2802 1100 3000 1153 dicitur
3038 1099 3129 1155 Dei
3184 1103 3383 1164 virtus,
3419 1114 3474 1157 et
3522 1103 3597 1160 Dei

2056 1194 2320 1262 sapientia
2355 1193 2422 1246 ⁸⁸.
2492 1192 2723 1261 Spiritus
2752 1208 2968 1260 quoque
3019 1204 3235 1247 sanctus
3294 1195 3493 1247 dicitur
3522 1214 3592 1251 sa-

2055 1286 2251 1354 pientia
2290 1286 2424 1357 (η).
2469 1285 2743 1354 Siquidem
2777 1294 2832 1339 et
2868 1287 2920 1339 in
2959 1286 3223 1339 veteribus
3250 1286 3409 1339 libris
3457 1288 3599 1341 refcr-

2058 1389 2180 1440 tur,
2220 1377 2477 1446 repletum
2504 1392 2623 1431 esse
2673 1376 2855 1433 Jesum
2903 1374 3045 1429 Nave
3083 1392 3112 1429 a
3150 1377 3381 1431 Domino
3434 1381 3597 1446 spiritu

2054 1469 2350 1536 sapientiae.
2388 1467 2537 1523 Sicut
2563 1485 2693 1537 ergo
2722 1469 2867 1524 solus
2911 1470 3126 1538 sapiens
3169 1469 3339 1533 Deus,
3390 1487 3495 1523 non
3530 1488 3599 1526 ac-

2053 1560 2259 1628 cipiens
2287 1559 2502 1613 aliunde
2530 1562 2872 1629 sapientiam,
2901 1560 2993 1615 sed
3023 1561 3296 1627 sapientes
3329 1560 3531 1616 faciens
3556 1574 3599 1617 et

2056 1666 2324 1720 generans
2354 1650 2669 1719 sapientiam
2705 1670 2718 1705 :
2750 1651 2893 1705 solus
2923 1660 3006 1706 est
3038 1652 3275 1720 sapiens,
3311 1664 3466 1707 extra
3499 1671 3598 1708 om-

2058 1756 2153 1797 nes
2205 1743 2293 1811 qui
2327 1758 2422 1811 per
2452 1744 2902 1813 nuncupationem
2954 1743 3070 1809 ejus
3120 1747 3397 1813 sapientes
3440 1746 3599 1798 dicun-

2057 1840 2143 1885 tur
2170 1851 2182 1885 :
2210 1832 2518 1887 «Multitudo
2539 1835 2732 1902 quippe
2760 1835 3081 1902 sapientium
3102 1836 3246 1890 salus
3276 1836 3461 1889 mundi
3486 1838 3547 1899 ”;
3582 1856 3595 1886 I

2055 1934 2143 1986 et,
2180 1941 2198 1974 ι
2247 1923 2347 1988 Qui
2386 1925 2701 1992 semetipsos
2741 1936 3100 1993 cognoscunt,
3148 1928 3200 1981 hi
3254 1938 3381 1981 Sttnl
3421 1930 3602 1989 sapien-

2057 2022 2135 2067 tes
2151 2012 2253 2076 ἐς)
2288 2025 2341 2065 et
2382 2028 2592 2066 rursum
2629 2032 2641 2067 :
2676 2031 2694 2062 ι
2723 2012 2856 2067 Cum
2884 2012 3049 2069 fueris
3110 2029 3231 2067 cum
3259 2013 3599 2081 sapientibus,

2054 2103 2265 2171 sapiens
2299 2102 2407 2156 eris
2432 2102 2513 2156 ’9:
2551 2121 2569 2154 ι
2607 2103 2685 2157 sic
2714 2113 2767 2157 et
2798 2102 3027 2173 Spiritus
3067 2114 3294 2158 sanctus
3340 2120 3447 2156 non
3482 2104 3603 2157 acci-

2054 2194 2207 2261 piens
2259 2193 2473 2247 aliunde
2506 2193 2870 2261 sapientiam,
2920 2194 3095 2247 dictus
3144 2202 3226 2246 est
3270 2194 3492 2260 spiritus
3531 2209 3604 2246 sa-

2054 2285 2300 2353 pientiae;
2338 2285 2438 2337 hoc
2485 2285 2627 2337 enim
2681 2283 2849 2352 ipsum
2892 2282 3034 2350 quod
3085 2283 3362 2345 subsistit,
3400 2283 3599 2352 spiritus

2054 2372 2327 2440 sapientiae
2372 2384 2491 2425 est:
2522 2381 2575 2425 et
2608 2384 2794 2424 natura
2824 2373 2977 2442 ejus,
3022 2374 3157 2426 nihil
3188 2382 3271 2427 est
3325 2374 3469 2427 aliud
3514 2376 3601 2428 nisi

2059 2461 2295 2530 Spiritus
2332 2463 2579 2515 veritatis
2633 2473 2685 2515 et
2722 2462 2955 2530 Spiritus
2992 2461 3110 2527 Dei,
3149 2465 3213 2516 de
3276 2464 3473 2532 quibus
3506 2464 3602 2533 jam

2054 2554 2385 2607 abundanter
2436 2553 2488 2605 in
2535 2551 2807 2605 Sectarum
2859 2552 3129 2607 volumine
3211 2554 3602 2622 disputavimus.

2060 2642 2215 2698 Unde
2247 2659 2314 2697 ne
2362 2642 2546 2697 eadem
2580 2642 2846 2712 superflue
2881 2644 3217 2713 replicemus,
3271 2637 3506 2699 contenti
3534 2647 3601 2699 si-

2054 2749 2174 2788 mus
2202 2732 2564 2801 disputatione
2591 2734 2881 2801 pneterita.

2124 2825 2215 2879 22.
2256 2825 2368 2896 (44)
2391 2824 2523 2891 Quia
2565 2825 2729 2892 igitur
2762 2823 3285 2902 Spiritnssaptentize
3306 2838 3357 2881 et
3381 2827 3604 2882 veritatis

2057 2917 2488 2987 inseparabiliter
2512 2933 2632 2973 cum
2672 2915 2807 2972 Filio
2834 2928 2914 2973 est
2940 2959 2956 2984 ,
3014 2922 3124 2990 ipse
3164 2937 3381 2990 quoque
3418 2922 3605 2988 sapien-

2060 3010 2136 3064 tia
2154 3012 2399 3064 subsistit
2435 3021 2488 3065 et
2509 3012 2729 3066 veritas.
2780 3010 2835 3065 Si
2867 3014 3008 3067 enim
3037 3029 3202 3083 capax
3243 3024 3387 3068 esset
3413 3016 3605 3083 sapien-

2061 3102 2147 3155 tiae
2174 3108 2227 3155 et
2252 3102 2511 3168 veritatis,
2541 3103 2592 3157 in
2631 3104 2681 3157 id
2705 3102 2997 3173 aliquando
3043 3106 3410 3169 descenderet,
3441 3114 3495 3157 ut
3523 3106 3605 3157 de-

2058 3194 2259 3247 sineret
2284 3194 2481 3249 habere
2506 3196 2647 3262 quod
2680 3196 2894 3250 aliunde
2936 3209 3283 3264 susceperat,
3341 3198 3393 3251 id
3430 3206 3506 3249 est
3536 3210 3605 3248 sa-

2058 3283 2312 3346 pientiam
2339 3296 2392 3337 et
2431 3286 2734 3341 veritatem.
2780 3286 2844 3340 Et
2883 3285 3046 3340 Filius
3086 3288 3349 3354 sapientia
3389 3299 3440 3341 et
3469 3286 3593 3339 veri-

2059 3379 2143 3427 tas
2178 3375 2291 3442 ipse
2316 3376 2637 3439 subsistens,
2672 3393 2777 3430 non
2803 3387 3086 3446 separatur
3114 3393 3141 3429 a
3174 3377 3353 3441 Patre,
3395 3379 3479 3445 qui
3524 3391 3599 3429 so-

2057 3464 2140 3517 lus
2182 3467 2394 3533 sapiens
2426 3478 2475 3519 et
2509 3468 2731 3533 veritas,
2785 3466 3187 3537 Scripturarum
3222 3470 3437 3521 vocibus
3480 3484 3602 3535 pra:-

2059 3556 2295 3610 dicatur.
2332 3556 2590 3610 Eumdem
2620 3557 2879 3611 circulum
2912 3559 3131 3612 unitatis
3167 3568 3331 3627 atque
3372 3559 3604 3611 substan-

2063 3649 2149 3701 tia:
2179 3646 2411 3716 Spiritus
2449 3652 2620 3702 sancti
2650 3648 2773 3721 [leg].
2806 3649 3062 3718 Spiritum
3092 3648 3365 3721 sanctum]
3395 3690 3408 3713 ,
3440 3664 3607 3703 secun-

2060 3740 2182 3793 dum
2221 3741 2270 3793 id
2313 3743 2454 3809 quod
2481 3743 2758 3809 sapientia:
2793 3752 2845 3795 et
2877 3742 3119 3795 veritatis
3158 3753 3241 3796 est
3274 3741 3605 3810 spiritus,vi-

2061 3830 2248 3883 demus
2286 3833 2484 3885 habere
2525 3847 2645 3885 cum
2694 3832 2830 3885 Filio
2866 3831 3000 3901 (45),
3036 3844 3089 3885 et
3115 3848 3327 3886 rursum
3369 3833 3544 3886 Filium
3576 3848 3601 3883 ι

2060 3918 2238 3973 Patris
2268 3937 2370 3975 non
2404 3923 2708 3992 discrepare
2742 3925 3065 3977 substantia.
3099 3924 3229 3978 Cum
3259 3937 3434 3978 autem
3460 3924 3603 3977 Filius

2062 4011 2236 4078 imago
2274 4011 2343 4063 sit
2370 4008 2461 4063 Dei
2501 4011 2812 4075 invisibilis,
2838 4020 2891 4065 et
2944 4011 3111 4065 forma
3142 4014 3457 4065 substantiae
3486 4013 3601 4080 ejus,

2061 4103 2367 4171 quicunque
2418 4102 2482 4155 ad
2517 4102 2659 4155 hanc
2716 4104 3035 4173 imaginem,
3066 4104 3146 4155 vel
3193 4103 3420 4157 formam
3451 4104 3603 4171 imagi-

2063 4203 2279 4257 nantur,
2304 4203 2462 4261 atque
2502 4193 2822 4257 formantur,
2855 4195 3195 4248 adducuntur
3223 4196 3276 4248 in
3328 4197 3601 4249 similitudi-

2065 4300 2186 4338 nem
2220 4285 2308 4338 Dei
2348 4285 2529 4353 :juxta
2564 4288 2708 4341 vires
2745 4296 2921 4340 tamen
2962 4287 3180 4340 humani
3223 4288 3604 4355 profectus,is-

392 4390 589 4455 digitus
652 4409 755 4444 ηοη
809 4404 1093 4462 separa"...
1121 4410 1150 4448 η
1188 4410 1369 4456 manu,
1400 4393 1551 4460 cuius
1595 4404 1678 4448 est
1739 4394 1956 4463 dignus.
1986 4404 2042 4465 Β
2068 4376 2318 4430 tinsmodi
2351 4376 2576 4430 formam
2631 4386 2686 4432 et
2721 4378 3005 4447 imaginem
3030 4389 3440 4447 consequentes.
3469 4378 3605 4431 Sinti-

391 4479 573 4549 ltaque
622 4482 785 4546 rejiee
849 4484 1240 4552 inaequalitates
1284 4495 1337 4537 et
1370 4500 1677 4548 mensuras,
1735 4499 1856 4538 cum
1892 4484 1956 4538 de

393 4570 502 4624 Deo
526 4564 758 4641 cogitas,
793 4583 846 4627 et
885 4573 1122 4643 intellige
1153 4575 1302 4645 digiti
1341 4584 1393 4627 et
1425 4590 1613 4627 manus
1638 4615 1654 4639 ,
1709 4584 1762 4628 et
1803 4575 1966 4627 totius

390 4664 706 4719 substantia:
757 4668 1012 4720 unitatem
1046 4684 1060 4719 :
1092 4681 1199 4735 quo
1246 4666 1414 4735 digito
1443 4667 1524 4719 lex
1558 4664 1671 4736 (41)
1723 4664 1773 4717 in
1813 4664 1963 4716 tabu-

392 4752 459 4807 lis
489 4755 712 4824 lapideis
745 4759 943 4825 scripta
974 4768 1078 4812 est.
1109 4758 1212 4811 Per
1237 4759 1397 4811 aliam
1439 4772 1652 4825 quoque
1712 4756 1962 4824 Scriptu-

392 4860 512 4898 ram
539 4887 553 4909 ,
593 4846 711 4900 fidei
744 4859 939 4901 nostra}
968 4848 1337 4916 probationem
1368 4854 1670 4900 monstrare
1707 4844 1961 4914 perfacile

394 4946 495 4989 est.
530 4935 687 4990 Solus
717 4939 929 5005 sapiens
966 4939 1143 4993 dictus
1178 4948 1261 4991 est
1303 4937 1442 4991 Dens
1492 4955 1505 4990 :
1549 4954 1652 4990 non
1691 4937 1959 5005 accipiens

460 5027 505 5057 "
541 5027 725 5081 Matth.
756 5047 807 5092 χ,
842 5030 933 5085 20.
1032 5031 1076 5062 ⁸³
1124 5030 1253 5085 an.
1297 5047 1372 5092 x1,
1414 5031 1497 5085 15.

389 5095 481 5148 26.
554 5098 600 5128 ⁸⁸
636 5098 761 5165 Sap.
797 5117 888 5164 xv,
915 5101 971 5155 3.
1047 5102 1090 5133 ’9
1111 5100 1272 5155 Prov.
1307 5118 1430 5165 xm,
1453 5105 1542 5156 20.

394 5282 413 5325 ι
465 5204 576 5275 (ιο)
618 5207 782 5262 Vetus
819 5211 951 5265 edit.
985 5225 1107 5264 cum
1143 5209 1362 5264 Tholos.
1402 5226 1526 5276 nts.,
1575 5229 1594 5262 ι
1635 5226 1738 5265 una
1770 5222 1823 5266 et
1860 5228 1956 5267 na-

418 5290 536 5325 lll'ﬂ.
572 5293 589 5323 ι
622 5288 728 5325 εις.

418 5290 536 5336 nra,
572 5293 589 5323 ι
622 5288 728 5329 etc.

465 5364 575 5434 (41)
619 5366 814 5445 Eadem
847 5384 965 5445 cum
1009 5371 1154 5436 ναι,
1209 5390 1227 5422 ι
1286 5372 1449 5426 totius
1485 5372 1729 5442 corporis
1773 5372 1955 5425 unita-

397 5441 501 5488 tem
534 5451 638 5502 quo
669 5437 837 5505 digito
863 5447 917 5491 et
953 5438 1059 5504 lex,
1104 5459 1122 5491 ι
1156 5451 1261 5495 etc.

463 5526 574 5597 (ιῖ)
612 5526 709 5581 Ms.
739 5528 983 5594 Tholos.,
1024 5550 1043 5581 ι
1074 5529 1305 5599 Spiritus
1329 5531 1522 5587 dicitur
1543 5530 1825 5601 sapientia.
1860 5552 1879 5585 ι

462 5619 676 5694 (ιδ-μ)
697 5621 831 5676 Hinc
853 5624 1147 5678 secundum
1180 5623 1370 5694 librum
1396 5625 1746 5694 auspicantur
1769 5625 1958 5680 hucus-

393 5702 497 5759 que
539 5691 669 5745 editi
703 5701 889 5748 contra
924 5708 1026 5748 ms.
1064 5694 1221 5749 [idem
1256 5691 1535 5765 ipsiusque
1563 5696 1802 5752 auctoris
1823 5733 1837 5761 ,
1870 5706 1953 5751 at-

1584 5032 1628 5063 “
1663 5032 1790 5086 ibid.
1826 5032 1909 5096 19,
1945 5032 2035 5086 20.

1624 5102 1637 5131 ¹
1669 5100 1688 5153 l
1716 5102 1839 5156 Cor.
1868 5119 1964 5167 xu,
2007 5102 2060 5156 6.

2067 4469 2193 4522 liter
2214 4478 2269 4522 et
2300 4466 2532 4537 Spiritus
2566 4480 2784 4524 sanctus
2829 4486 2950 4525 cum
3002 4473 3072 4525 sit
3126 4472 3455 4540 signaculum
3500 4470 3599 4530 Dei,

2065 4559 2115 4612 hi
2142 4560 2228 4628 qui
2261 4558 2487 4612 formant
2512 4568 2564 4613 et
2592 4562 2878 4626 imaginem
2904 4561 2997 4616 Dei
3035 4563 3252 4630 capiunt
3276 4604 3290 4623 ,
3317 4564 3502 4631 signati
3526 4577 3603 4628 per

2060 4662 2208 4713 eum,
2249 4649 2297 4701 in
2336 4663 2401 4701 eo
2431 4650 2700 4704 ducuntur
2731 4653 2794 4704 ad
2824 4652 3155 4720 signaculum
3192 4651 3393 4705 Christi
3422 4655 3601 4720 sapien-

2062 4740 2149 4792 tia:
2177 4748 2230 4791 et
2262 4740 2533 4804 scientiae,
2563 4742 2783 4810 insuper
2814 4743 2915 4795 fide
2942 4742 3102 4809 pleni.
3136 4760 3153 4793 ι
3185 4742 3322 4795 Nam
3348 4745 3601 4797 divisiones

2065 4830 2439 4898 Operationum
2493 4841 2637 4895 sunt,
2692 4832 2830 4885 idem
2882 4843 3058 4885 autem
3111 4834 3224 4901 ipse
3271 4832 3496 4901 Spiritus
3530 4829 3598 4897 qui

2066 4929 2318 4985 operatur
2342 4921 2520 4973 omnia
2553 4921 2609 4974 in
2642 4921 2935 4974 omnibus‘
2974 4922 3104 4991 (46).
3139 4941 3155 4972 ι
3202 4921 3469 4990 Operante
3498 4934 3599 4987 ergo

2148 5033 2195 5065 "
2222 5032 2412 5089 Matth.
2453 5050 2551 5099 Ill,
2583 5033 2674 5089 28.
2768 5033 2855 5090 "l
2885 5034 3007 5090 Cor.
3040 5048 3078 5091 ι.
3110 5032 3201 5087 24.
3300 5034 3349 5065 ’⁷
3388 5031 3506 5102 Sap.
3539 5046 3597 5093 vt,

2062 5224 2167 5277 que
2199 5208 2513 5276 interpretis
2549 5216 2806 5263 mentem.
2861 5206 2985 5263 για.
3029 5208 3305 5277 praetium
3335 5208 3455 5262 huic
3479 5207 3600 5275 operi

2067 5280 2523 5333 Admonitionem.

2141 5348 2253 5416 (45)
2300 5347 2438 5402 Olim
2468 5356 2605 5409 erat,
2647 5365 2665 5397 ι
2701 5348 2945 5401 videmus
2973 5345 3197 5409 habere,
3224 5346 3481 5398 habemus
3505 5359 3602 5416 cum

2064 5414 2255 5471 Filio.»
2292 5418 2442 5482 Quod
2475 5418 2745 5479 Barthius,
2794 5427 3059 5483 expuncta
3090 5416 3321 5483 primum
3359 5430 3479 5467 voce
3502 5414 3602 5479 Spi-

2064 5488 2225 5553 ritus,
2279 5488 2349 5538 ita
2400 5487 2676 5539 contendit
2728 5487 3144 5549 emendandum,
3188 5503 3208 5536 ι
3256 5485 3481 5538 vidimus
3502 5497 3603 5536 eum

2064 5558 2263 5610 habere
2294 5556 2556 5609 hactenus
2582 5570 2705 5609 cum
2737 5555 2893 5609 Filio.
2940 5572 2961 5605 ι
3226 5570 3241 5577 ε

2143 5625 2258 5695 (46)
2290 5623 2509 5678 Plenius
2566 5627 2618 5678 in
2662 5624 2835 5679 Vatic.
2889 5639 2994 5677 ms.
3048 5638 3111 5677 ac
3156 5623 3335 5695 veteri
3379 5623 3601 5679 editione,

2080 5712 2101 5747 ι
2137 5694 2439 5751 Divisiones
2494 5696 2691 5766 quippe
2717 5694 3063 5751 donationum
3098 5704 3243 5759 sunt,
3286 5694 3421 5746 idem
3448 5702 3599 5744 autem
