3738 6312
143 341 251 397 1055

1200 340 1401 395 LIBER
1439 342 1525 396 DE
1566 343 1836 405 SPlRlTU
1879 349 2166 405 SANCTO.

3178 361 3314 419 1054

138 461 265 514 Patre
291 450 614 519 multiplicem
646 450 1034 508 charismatum
1062 455 1474 526 plenitudinem,
1506 463 1642 517 mul-
1670 486 1716 534 Α
1818 466 1915 520 24.
1962 469 2074 523 Non
2106 466 2336 520 arbitror
2362 482 2680 536 qui-mquam
2707 477 2814 524 tam
2848 473 3123 528 vecordem
3150 488 3312 548 atque

138 548 309 618 tiplicat
337 558 445 597 eam
475 540 638 596 Filius
669 544 1055 600 subsistentem
1099 563 1193 615 per
1226 549 1482 619 Spiritum
1514 568 1641 606 san-

133 652 265 694 ctum.
296 654 315 687 ι
366 634 463 688 Alii
510 634 652 688 enim
687 650 783 703 per
833 636 1089 706 Spiritum
1129 642 1286 695 datur
1335 660 1514 699 sermo
1555 662 1642 700 sa—

133 728 326 798 pientiae.
377 725 475 779 Alii
518 739 645 779 vero
702 727 969 793 scientiae,
1031 734 1328 788 secundum
1393 738 1639 791 eumdem

131 815 473 887 spiritum.Alii
503 816 633 871 ﬁdes
684 818 736 871 in
783 821 972 875 eodem
1020 824 1257 892 spiritu’,
1298 844 1316 876 ι
1354 836 1408 880 et
1444 838 1636 883 caetera

132 925 225 978 qua:
250 908 308 961 ab
336 906 580 973 Apostolo
612 923 927 965 enumerata
958 924 1081 967 sunt
1115 914 1252 970 dona
1273 957 1288 979 ,
1318 920 1511 986 quibus
1541 923 1637 974 ad-

127 1002 281 1055 ditur:
314 1016 332 1049 σ
370 997 490 1052 Haec
534 1010 711 1053 autem
756 1004 936 1056 omnia
982 1016 1239 1072 operatur
1285 1025 1424 1064 unus
1478 1019 1637 1081 atque

128 1092 237 1143 idem
269 1086 483 1155 Spiritus
518 1106 531 1141 :
569 1089 812 1145 dividens
844 1093 1070 1163 singulis
1104 1108 1264 1165 prout
1294 1099 1408 1152 vult
1434 1099 1475 1154 ³.
1522 1120 1540 1151 ι

178 1180 253 1235 25.
278 1177 420 1233 Unde
460 1179 700 1235 dicentes
726 1186 1105 1252 operatricem,
1139 1196 1193 1242 et
1223 1188 1336 1261 (47)
1363 1200 1419 1243 ut
1449 1190 1518 1244 ita
1552 1192 1635 1245 di-

123 1269 651 1331 cam,distrtbutricem
698 1282 944 1327 naturam
984 1274 1217 1345 Spiritus
1255 1281 1449 1346 sancti,
1527 1298 1633 1337 non

123 1361 404 1414 abducatnur
435 1361 502 1414 ab
536 1361 620 1415 bis
649 1364 739 1431 qui
776 1366 960 1421 dicunt
1001 1372 1371 1439 operationem
1397 1414 1414 1440 ,
1445 1384 1499 1428 et
1528 1370 1635 1431 non

121 1453 422 1507 substantiam
461 1453 555 1509 Dei
586 1470 706 1510 esse
737 1456 997 1526 Spiritum
1030 1472 1295 1520 sanctum.
1322 1464 1388 1520 Et
1421 1481 1483 1522 ex
1514 1466 1633 1524 aliis

120 1558 290 1611 quoque
331 1544 570 1612 plurimis
622 1547 753 1602 locis
803 1550 1100 1609 subsistens
1161 1565 1351 1611 natura
1408 1559 1632 1614 demon-

118 1644 282 1688 stratur
328 1635 553 1705 Spiritus
589 1641 809 1708 sancti;
878 1653 935 1697 ut
983 1648 1034 1699 in
1092 1646 1183 1701 illo
1221 1648 1365 1719 quod
1410 1652 1633 1719 apostoli

120 1725 358 1778 scribunt:
399 1744 415 1776 ι
443 1727 629 1782 Visum
660 1739 743 1785 est
769 1732 909 1786 enim
944 1731 1168 1803 Spiritui
1209 1747 1396 1793 sancto
1438 1746 1494 1793 et
1534 1756 1632 1794 no-

117 1816 244 1879 bis‘,»
270 1817 381 1884 quia
411 1818 510 1873 hoc
539 1822 679 1889 quod
714 1823 930 1891 dicitur,
972 1828 1173 1882 «visum
1200 1841 1303 1896 est,
1336 1849 1471 1887 mon
1502 1848 1633 1904 ope-

118 1909 334 1963 rationem
377 1911 686 1979 signiiicat,
726 1919 819 1971 sed
862 1931 1110 1973 naturam
1167 1940 1181 1976 :
1221 1926 1451 1979 maxime
1502 1942 1622 1981 cum

114 2009 154 2051 et
182 2002 236 2054 de
279 2000 493 2058 Domino
543 2006 718 2062 simile
764 2010 890 2078 quid
925 2013 1245 2081 reperiatur,
1280 2025 1375 2070 ut:
1415 2035 1434 2068 ι
1479 2018 1629 2074 Sicut

115 2087 296 2145 Domino
327 2092 494 2148 visum
541 2105 644 2159 est,
694 2098 766 2151 ita
809 2098 1007 2154 factum
1047 2112 1129 2157 est
1159 2103 1200 2155 ⁸.
1234 2124 1251 2155 ι
1297 2105 1535 2177 Denique
1575 2119 1629 2164 et

112 2197 341 2238 sermones
390 2184 504 2252 ejus
559 2188 856 2257 saepissime
897 2190 1248 2261 lectitantur,
1288 2206 1347 2251 ut
1397 2198 1449 2251 in
1487 2198 1577 2253 illo
1610 2218 1623 2254 :

116 2273 483 2342 «Jejunantibus
516 2279 597 2333 eis
633 2289 687 2335 et
737 2281 1185 2351 ministrantibus,
1253 2307 1271 2338 ι
1302 2288 1352 2342 id
1399 2300 1516 2354 est,
1546 2291 1629 2345 di-

110 2365 284 2434 scipulis
321 2367 549 2433 Christi,
592 2389 611 2421 ι
670 2372 807 2426 dixit
864 2372 1097 2444 Spiritus
1146 2390 1364 2435 sanctus
1402 2400 1416 2435 :
1456 2381 1626 2451 Sepa-

113 2468 198 2511 rate
223 2458 335 2512 mihi
365 2457 668 2515 Barnabam
719 2474 774 2518 et
802 2463 1044 2533 Saulum,
1088 2469 1140 2523 in
1170 2487 1304 2540 opus
1362 2474 1427 2528 ad
1484 2476 1626 2543 quod

112 2549 252 2603 vocavi
279 2565 364 2606 eos
384 2552 422 2605 °.
458 2570 477 2603 ι
512 2553 645 2620 Quae
683 2571 785 2610 vox
846 2559 1142 2615 divinitatis
1189 2572 1244 2617 et
1293 2566 1629 2622 auctoritatis

111 2642 268 2708 index,
302 2658 399 2698 non
454 2660 716 2713 creatam,
774 2652 866 2704 sed
913 2651 1207 2708 iucreatam
1270 2656 1628 2712 substantiam

114 2746 348 2790 monstrat.
376 2735 564 2808 Neque
611 2742 754 2794 enim
804 2741 1040 2810 Spiritus
1100 2757 1319 2802 sanctus
1380 2749 1436 2804 in
1484 2750 1629 2805 aliud

108 2828 324 2893 quoddam
361 2845 494 2898 opus
526 2834 741 2886 vocavit
780 2833 1078 2890 Barnabam
1107 2848 1162 2891 et
1201 2837 1422 2893 Paulum
1447 2881 1461 2905 ,
1490 2845 1627 2909 quod

108 2932 185 2970 non
216 2919 277 2973 sit
305 2920 474 2977 Patris
502 2934 561 2977 et
589 2923 744 2991 Filii,
785 2940 906 2980 cum
933 2929 1328 2995 ministerium,
1364 2934 1506 3001 quod
1553 2934 1631 2987 eis

107 3011 325 3066 commisit
372 3023 425 3068 et
462 3016 686 3070 tradidit
748 3016 1000 3087 Spiritus,
1057 3021 1233 3077 Patris
1286 3035 1342 3077 et
1392 3025 1511 3081 Filii
1564 3027 1632 3085 sit

108 3100 429 3158 ministerium.
494 3106 581 3161 Ad
645 3106 863 3164 Galatas
911 3110 1107 3167 Paulus
1157 3112 1428 3178 loquitur:
1469 3134 1487 3167 ι
1532 3118 1630 3183 Qui

106 3193 213 3244 enim
234 3206 467 3262 cperatus
488 3206 574 3252 est
607 3197 833 3254 Petroin
866 3202 1217 3271 apostolatum
1259 3208 1628 3263 curcumcisio-
1653 3229 1695 3285 ο

107 3282 193 3345 nis,
227 3296 460 3352 operatus
493 3297 579 3342 est
608 3297 661 3343 et
698 3290 826 3345 mihi
854 3291 907 3345 in
938 3302 1123 3361 gentes
1152 3294 1288 3365 (48),
1317 3305 1371 3351 et
1419 3297 1622 3351 Barna-

108 3374 164 3427 ἷκε
187 3374 222 3426 ⁷.
247 3394 263 3427 ι
290 3375 491 3432 Pariter
517 3381 664 3434 enim
694 3383 758 3435 ad
788 3384 1035 3437 nationes
1069 3386 1303 3454 Spiritus
1325 3390 1494 3442 sancti
1528 3406 1625 3443 au-

108 3468 307 3522 ctoritate
333 3468 518 3525 directi
577 3482 721 3527 sunt.
755 3472 972 3529 Christo
1013 3491 1224 3545 quoque
1262 3490 1520 3547 operante
1570 3481 1622 3534 in

109 3559 346 3626 apostolis,
379 3559 614 3627 Spiritus
637 3565 962 3634 completum
1002 3578 1080 3620 est
1130 3570 1489 3624 ministerium
1513 3615 1526 3635 ,
1569 3582 1626 3626 ut

108 3645 180 3712 ipsi
206 3652 405 3717 apostoli
448 3655 777 3711 confitentur
817 3673 873 3712 se
931 3658 981 3712 in
1025 3659 1241 3714 Christo
1282 3662 1447 3731 loqui,
1480 3673 1534 3717 et
1575 3664 1626 3717 id

108 3739 211 3801 quod
241 3742 339 3796 suis
365 3743 533 3798 oculis
563 3745 826 3813 viderunt,
849 3758 903 3803 et
930 3751 1161 3804 ministri
1189 3753 1313 3806 lacti
1347 3764 1472 3808 sunt
1515 3753 1625 3824 (49)

108 3830 318 3885 sermonis
342 3872 357 3896 ,
388 3834 438 3887 id
471 3844 575 3897 est,
608 3836 807 3891 Christi
834 3854 849 3903 ;
904 3847 957 3894 et
992 3842 1392 3909 dispensatores
1425 3855 1627 3916 myste-

111 3915 264 3973 riorum
296 3920 405 3977 Dei.
428 3923 673 3995 Denique
703 3927 858 3995 quasi
893 3930 1249 3999 principatum
1278 3933 1330 3986 in
1386 3937 1630 3989 sacerdo-

109 4007 161 4059 tio
194 4013 501 4077 possidentes
523 4056 539 4079 ,
590 4027 643 4071 et
675 4018 973 4075 iuitiatores
1024 4022 1146 4078 lidei
1198 4040 1227 4077 a
1258 4024 1474 4081 Christo
1505 4038 1631 4082 sunt

108 4100 424 4172 demonstrati,
453 4109 670 4164 dicente
697 4130 713 4165 :
748 4114 983 4169 (Euutcs
1016 4116 1113 4180 ite,
1147 4124 1200 4171 et
1223 4118 1413 4172 docete
1439 4135 1630 4175 omnes

109 4205 278 4262 gentes,
303 4198 636 4269 baptizantes
666 4220 761 4259 eos
812 4206 863 4259 in
919 4207 1136 4261 nomine
1164 4206 1339 4262 Patris
1363 4250 1377 4274 ,
1407 4221 1459 4264 et
1488 4210 1631 4276 Filii,

108 4292 145 4335 et
165 4282 362 4355 Spiritus
385 4295 558 4348 sancti
577 4295 651 4349 ³.»
687 4296 750 4349 Et
776 4297 916 4350 sicut
966 4300 1251 4366 Apostolus
1307 4302 1495 4355 scribit
1542 4320 1633 4358 re-

109 4374 329 4433 ctissime:
352 4401 368 4431 ι
392 4381 546 4438 Unus
571 4394 652 4440 est
672 4386 944 4451 Dominus,
975 4404 1076 4441 una
1096 4390 1246 4454 lides,
1272 4407 1434 4445 unum
1461 4393 1636 4462 bapti-

109 4480 190 4517 sma
212 4469 247 4520 ⁹.
272 4488 289 4520 ι
318 4471 444 4539 Quis
471 4490 577 4529 non
599 4491 665 4530 ex
698 4478 809 4545 ipsa
846 4490 1070 4547 cogetur
1104 4482 1329 4537 veritate
1364 4486 1636 4553 suscipere

1661 1873 1703 1927 Β

1746 561 1997 614 insanum
2024 562 2284 625 futurum,
2311 570 2369 612 ut
2417 560 2711 629 perfectura
2763 565 3026 634 baptisma
3058 581 3207 638 putet
3258 574 3309 627 id

1745 650 1889 717 quod
1934 651 2092 703 datur
2124 650 2175 702 in
2207 650 2419 704 nomine
2467 647 2645 706 Patris
2674 664 2728 707 et
2759 654 2902 724 Filii,
2953 659 3068 713 sine
3097 674 3311 715 assum-

1744 740 1929 807 ptione
1970 738 2200 808 Spiritus
2229 745 2437 810 sancti;
2469 754 2561 800 aut
2592 762 2780 802 rursus
2812 750 2862 801 in
2888 752 3099 805 nomine
3128 751 3308 806 Patris
3399 734 3403 753 τ

1743 840 1797 882 et
1841 828 2071 898 Spiritus
2103 836 2297 899 sancti,
2333 834 2449 889 Filii
2479 839 2747 892 vocabulo
2776 844 3133 909 praetermisso
3169 862 3182 899 :
3216 856 3304 899 aut

1740 932 1889 977 certe
1922 923 1975 976 in
2002 925 2221 980 nomine
2247 925 2365 981 Filii
2394 940 2446 983 et
2478 927 2709 998 Spiritus
2749 934 2942 999 sancti,
2975 950 3078 988 non
3102 952 3286 1008 praepo

1740 1012 1844 1067 sito
1895 1016 2156 1071 vocabulo
2183 1015 2380 1072 Patris.
2438 1021 2591 1076 Licet
2616 1024 2757 1077 enim
2792 1026 2911 1093 quis
2953 1028 3122 1094 possit
3158 1030 3304 1084 exsi-

1740 1112 1887 1158 stere
1918 1107 2065 1160 saxei
2104 1107 2184 1174 (ut
2211 1109 2281 1160 ita
2313 1110 2513 1183 dicam)
2530 1104 2750 1180 cordis,
2777 1124 2830 1169 et
2864 1118 3078 1185 penitus
3110 1123 3304 1174 mentis

1738 1192 1924 1248 aliena:
1948 1237 1963 1261 ,
1989 1197 2078 1265 qui
2108 1197 2179 1250 ita
2221 1199 2495 1266 baptizare
2526 1211 2769 1268 conetur,
2801 1215 2858 1260 ut
2884 1222 3046 1261 unum
3081 1210 3145 1263 de
3170 1225 3307 1278 pra:-

1738 1285 1907 1352 ceptis
1941 1288 2244 1343 nominibus
2276 1284 2655 1360 praetermittat
2679 1336 2694 1361 ,
2722 1298 2976 1354 videlicet
2999 1302 3306 1357 contrarius

1737 1373 2009 1444 legislator
2057 1377 2294 1443 Christi;
2350 1392 2527 1439 tamen
2561 1387 2678 1441 sine
2718 1388 3045 1457 perfectione
3076 1392 3187 1461 (50)
3211 1392 3306 1445 ba-

1739 1466 1969 1534 ptizabit
1998 1508 2012 1534 ,
2045 1470 2151 1523 imo
2182 1473 2396 1539 penitus
2423 1489 2452 1527 a
2485 1480 2725 1545 peccatis
2751 1479 2982 1536 liberare
3006 1497 3111 1536 non
3160 1495 3306 1553 pote-

1738 1556 1827 1620 rit,
1860 1571 1995 1625 quos
2025 1576 2052 1612 a
2082 1574 2141 1614 se
2170 1561 2474 1631 baptizatos
2509 1566 2923 1623 existimaverit.
2963 1568 3039 1623 Ex
3074 1571 3156 1624 his
3187 1570 3303 1625 col—
3362 1642 3367 1645 1

1742 1643 1943 1716 ligitur,
1980 1666 2139 1720 quam
2191 1652 2420 1710 indivisa
2455 1656 2526 1711 sit
2562 1659 2861 1714 substantia
2891 1658 3193 1729 Trinitatis,
3245 1671 3301 1716 et

1736 1735 1951 1793 Patrem
2018 1758 2143 1797 vere
2184 1743 2304 1799 Filii
2368 1761 2486 1801 esse
2516 1746 2773 1816 Patrem,
2826 1761 2879 1804 et
2936 1751 3128 1805 Filium
3164 1768 3301 1807 vere

1734 1824 1909 1903 Patris
1932 1829 2122 1884 Filium
2145 1870 2160 1895 ,
2183 1842 2236 1885 et
2270 1832 2528 1902 Spiritum
2580 1845 2826 1889 sanctum
2860 1851 2985 1891 vere
3037 1836 3211 1892 Patris
3242 1850 3299 1893 et

1732 1917 1826 1973 Dei
1869 1936 1990 1975 esse
2052 1920 2306 1991 Spiritum
2356 1923 2491 1996 (51);
2527 1936 2582 1980 et
2636 1927 2853 1996 insuper
2903 1928 3182 1998 sapientia:
3247 1941 3299 1984 et

1732 2013 2005 2079 veritatis,
2064 2014 2114 2068 id
2157 2025 2268 2080 est,
2322 2016 2439 2070 Filii
2488 2018 2598 2071 Dei.
2640 2017 2764 2074 Haec
2819 2029 2902 2074 est
2969 2021 3112 2075 salus
3168 2035 3299 2091 ergo

1732 2107 2085 2169 credentium,
2118 2118 2172 2161 et
2209 2108 2536 2176 dispensatio
2585 2111 2963 2166 ecclesiasticae
2998 2112 3295 2182 disciplinas

1734 2195 1787 2249 in
1822 2196 1921 2251 hac
1946 2195 2210 2253 Trinitate
2230 2198 2523 2268 perﬁcitur.
2560 2200 2694 2254 Nam
2748 2217 2869 2257 cum
2916 2203 3164 2257 Salvator
3210 2203 3296 2257 di-

1735 2288 1971 2356 scipulos
1993 2303 2121 2343 suos
2152 2291 2218 2343 ad
2253 2290 2649 2359 praedicandum
2675 2292 3021 2364 Evangelium
3054 2294 3259 2348 miserit
3284 2331 3300 2355 .

1731 2388 1787 2433 et
1819 2380 1883 2433 ad
1926 2382 2171 2450 dogmata
2208 2383 2454 2437 veritatis
2481 2384 2716 2438 docenda
2757 2383 2914 2439 Pater
2945 2383 3057 2456 (52)
3111 2384 3163 2438 in
3195 2383 3299 2438 Ec-

1735 2471 1898 2527 clesia
1956 2475 2301 2529 constituisse
2352 2475 2581 2539 dicatur,
2635 2478 2809 2545 primo
2861 2479 3154 2545 apostolos,
3210 2491 3299 2532 se-

1738 2565 1913 2618 cundo
1953 2567 2238 2635 pr0phetas
2268 2604 2285 2630 ,
2337 2568 2493 2622 tertio
2526 2568 2809 2637 magistros
2834 2606 2852 2631 ,
2902 2583 3063 2636 super
3104 2569 3203 2623 hac
3242 2583 3301 2622 re

1745 2656 1908 2709 etiam
1933 2658 2172 2728 Apostoli
2207 2670 2534 2729 congruente
2580 2662 2845 2715 sententia
2908 2683 2919 2716 :
2969 2679 2988 2712 ¢
3048 2660 3114 2713 Et
3166 2662 3303 2715 sicut

1745 2748 1952 2816 probati
2011 2766 2194 2805 sumus
2249 2766 2278 2804 a
2316 2753 2425 2806 Deo
2454 2753 2520 2806 ad
2567 2754 2892 2807 credendum
2931 2752 3296 2822 Evangeiium,

1737 2839 1815 2891 sic
1845 2838 2112 2908 loquimur
2137 2860 2151 2896 :
2190 2857 2294 2895 nou
2328 2852 2386 2896 ut
2413 2843 2717 2897 hominibus
2754 2843 3046 2912 placentes,
3073 2844 3164 2897 sed
3193 2844 3301 2897 Deo

1738 2930 1827 2997 qui
1881 2930 2123 2998 probavit
2175 2932 2334 2985 corda
2376 2944 2558 2988 nostra
2597 2935 2683 2988 ¹⁰ε
2730 2953 2749 2985 ι
2787 2936 2881 2989 hos
2919 2936 3134 2989 eosdem
3167 2950 3303 3004 quos

1738 3018 1985 3073 Christus
2036 3020 2317 3089 magistros
2372 3037 2491 3076 esse
2519 3023 2791 3091 praecepit,
2826 3035 2881 3078 et
2908 3022 3068 3078 Pater
3119 3024 3283 3091 proba

1738 3110 1835 3172 vit,
1868 3120 1920 3163 et
1950 3108 2179 3180 Spiritus
2210 3122 2424 3167 sanctus
2473 3116 2869 3183 dispensatores
2890 3126 2943 3169 et
2986 3117 3303 3185 przepositos

1740 3200 1790 3253 in
1845 3200 2083 3257 Ecclesia
2131 3205 2471 3259 constituisse
2529 3205 2837 3275 perhibetur
2885 3205 2982 3278 [αι.
3032 3207 3298 3261 veraciter

1727 3293 2083 3366 prohibetur].
2125 3294 2397 3363 Siquidem
2423 3312 2545 3355 cum
2570 3297 2804 3352 Miletum
2837 3298 3033 3352 Paulus
3080 3309 3293 3366 aposto-

1726 3383 1808 3437 lus
1854 3386 2196 3456 presbyteros
2248 3387 2313 3441 de
2366 3389 2592 3443 diversis
2631 3389 2759 3443 locis
2808 3400 2862 3443 et
2903 3391 3145 3457 plurimis
3185 3389 3290 3444 Ec-

1725 3475 1903 3530 clesiis
1933 3488 2310 3548 congregasset
2360 3498 2374 3533 :
2411 3499 2429 3531 ι
2464 3480 2759 3543 Attendite,
2799 3499 2818 3531 ι
2855 3481 3053 3549 inquit,
3088 3498 3107 3531 ι
3156 3482 3303 3535 vobis

1725 3578 1778 3621 et
1811 3569 2060 3623 universo
2100 3570 2285 3639 gregi,
2325 3586 2485 3639 super
2522 3587 2658 3640 quos
2688 3572 2919 3640 Spiritus
2949 3582 3167 3626 sanctus
3210 3587 3302 3638 po-

1726 3660 1833 3714 suit
1896 3676 1989 3714 vos
2042 3663 2321 3730 episcopos
2356 3664 2419 3716 ad
2453 3665 2734 3733 regendam
2766 3664 3056 3717 Ecclesium
3090 3661 3300 3715 Domini

1728 3768 1885 3821 quam
1922 3754 2206 3821 acquisivit
2240 3770 2333 3823 per
2368 3756 2681 3825 sanguinem
2716 3771 2873 3810 suum
2919 3757 2984 3806 η.
3036 3773 3052 3805 ι
3079 3753 3133 3807 Si
3158 3754 3302 3807 enim

1729 3860 1863 3915 quos
1897 3844 2142 3899 Christus
2190 3848 2255 3899 ad
2301 3848 2773 3915 evangelizandum
2841 3855 2895 3901 et
2954 3847 3304 3914 baptizandus

1732 3937 1975 3990 nationes
2018 3938 2201 4004 misit,
2258 3938 2496 4007 Spiritus
2540 3951 2759 3994 sanctus
2809 3938 3061 3992 Ecclesia:
3099 3953 3305 4006 praepo-

1732 4028 1859 4093 suit,
1897 4027 2071 4082 Patris
2117 4032 2382 4083 sententia
2412 4034 2747 4096 destinatos;
2778 4031 2903 4084 nulli
2932 4029 3149 4084 dubium
3179 4039 3260 4082 est
3287 4070 3304 4095 ,

1732 4132 1892 4171 uuam
1911 4116 2108 4183 Patris,
2139 4131 2192 4174 et
2221 4120 2363 4184 Filii,
2398 4134 2453 4176 et
2482 4122 2713 4191 Spiritus
2734 4121 2903 4177 sancti
2930 4121 3299 4188 operationem

1733 4220 1788 4263 et
1844 4212 2214 4280 probationem
2275 4214 2430 4284 (55),
2497 4224 2553 4269 et
2608 4222 3000 4283 consequenter
3062 4213 3306 4267 eamdem

1737 4297 2026 4356 Trinitatis
2063 4317 2180 4357 esse
2217 4305 2598 4358 substantiam.
2637 4304 2853 4359 Necnon
2901 4312 2955 4358 et
2998 4304 3127 4356 illud
3179 4319 3304 4357 con-

1740 4393 2114 4457 sideraudum,
2146 4395 2287 4463 quod
2331 4395 2383 4449 in
2418 4398 2579 4450 corde
2616 4405 2670 4450 et
2702 4412 2860 4450 sensu
2904 4396 3149 4450 habitare
3198 4411 3306 4448 non

1741 4491 1917 4549 potest
1973 4491 2221 4537 creatura
2250 4524 2265 4548 ,
2324 4485 2427 4537 nisi
2473 4486 2615 4538 Deus
2643 4494 2697 4537 et
2740 4500 2918 4539 sermo
2946 4484 3062 4553 ejus
3107 4484 3159 4537 in
3196 4483 3303 4551 Spi-

110 4558 460 4618 inditl‘erentiam
494 4577 696 4621 sancta:
736 4567 1041 4632 Trinitatis,
1089 4571 1215 4624 dum
1252 4589 1356 4626 una
1396 4575 1466 4627 sit
1502 4577 1633 4631 lides
1669 4579 1708 4632 D
1750 4576 1850 4628 ritu
1879 4584 2088 4638 sancto,
2121 4575 2261 4629 sicut
2291 4576 2353 4627 ad
2387 4577 2648 4644 quosdam
2683 4576 2918 4644 loquitur
2942 4575 3103 4628 Pater
3132 4593 3146 4629 :
3191 4574 3280 4627 cln

109 4647 145 4701 in
170 4650 319 4721 Patre,
352 4667 403 4711 et
450 4656 588 4711 Filio
641 4666 694 4711 et
753 4657 955 4728 Spiritu
988 4670 1211 4726 sancto;
1254 4673 1307 4717 et
1357 4668 1626 4721 lavacrum

108 4739 223 4793 detur
253 4754 398 4813 atque
428 4747 674 4801 firmetur
705 4748 759 4802 in
808 4749 1027 4804 nomine
1058 4749 1234 4805 Patris
1256 4790 1272 4818 ,
1308 4762 1362 4807 et
1402 4752 1519 4808 Filii
1572 4766 1627 4810 et

110 4827 290 4889 Suiritus
309 4839 472 4890 sancti
492 4836 515 4889 ?

156 4940 173 4968 ‘
201 4940 350 5017 lCor.
383 4962 477 5011 xu,
513 4946 568 5011 8,
604 4947 656 5001 9.
733 4948 754 4980 ³
789 4948 917 5003 ibid.
952 4950 1037 5005 ll.
1115 4952 1278 5006 ‘Act.
1300 4968 1391 5017 xv,
1417 4953 1506 5008 28.

107 5015 337 5077 xxvut,l9.
417 5017 438 5046 ⁹
476 5017 674 5085 Ephes.
704 5033 776 5082 tv,
810 5018 863 5073 5.
946 5020 986 5051 ’°
1027 5020 1046 5073 Ι
1083 5018 1274 5077 Thess.
1307 5015 1451 5088 11,74.

110 5115 317 5207 'Spiritus,
343 5134 396 5180 et
423 5128 714 5207 divisiones
745 5131 1165 5207 ministeriorum
1220 5144 1377 5199 sunt,
1408 5146 1461 5190 et
1498 5139 1610 5207 ipse

108 5185 412 5269 lloininns,_et
455 5198 747 5269 divisiones
789 5203 1163 5269 operationum
1211 5185 1441 5266 su’nt.’et
1472 5185 1610 5263 idem

108 5262 455 5336 imperamus
487 5267 580 5336 qui
614 5262 868 5335 operatur
901 5272 1080 5325 omnia
1112 5274 1163 5325 iu
1210 5262 1479 5333 omnibus.
1520 5297 1539 5330 ι

158 5329 528 5408 _Voculam
564 5329 680 5390 tut}
717 5340 1081 5408 supplevimus
1106 5356 1137 5396 e
1162 5341 1331 5398 Vatic.

110 5463 118 5473 _
159 5398 465 5476 (l8)1_‘holos.
498 5422 625 5473 ins.,
666 5426 684 5458 ι
725 5398 978 5476 operatus
1007 5421 1089 5465 est
1124 5414 1251 5467 mihi
1280 5425 1334 5468 et
1360 5414 1619 5473 Barnabm

108 5480 147 5516 In
180 5474 445 5554 gentibus;
496 5496 515 5528 ι
564 5488 617 5531 et
669 5474 1110 5554 uto{,_t_tlirecti
1144 5493 1270 5538 sunt
1298 5502 1325 5536 a
1360 5486 1573 5540 Christo
1600 5529 1616 5554 ,

109 5548 372 5622 ῈῬΡ⁸Γ²³¹¹¹⁶⁸
405 5546 455 5599 ίιι
487 5548 744 5616 apostolis
767 5546 995 5619 Spiritu,
1028 5556 1354 5622 completum
1409 5568 1492 5611 est
1526 5546 1621 5611 mil

110 5616 355 5665 nisterium.
387 5632 405 5665 ι

162 5676 470 5763 (illmeginge
506 5684 798 5747 Succorum
828 5705 930 5743 ms.
961 5706 1108 5763 num.
1129 5692 1234 5746 497
1267 5704 1618 5763 ργπηοιθιιιε,

111 5756 226 5813 cuius
250 5765 377 5808 nunc
411 5756 623 5815 demum
650 5770 939 5818 occurrunt
968 5761 1100 5817 mihi
1135 5756 1403 5821 variantes
1435 5756 1620 5825 lectio;

1598 4956 1618 4987 ¹¹
1656 4955 1756 5012 Jul)
1780 4973 1820 5022 1,
1858 4958 1951 5012 ³21.

1533 5027 1573 5057 ¹¹
1600 5028 1721 5082 Act.

1734 4666 1990 4721 habitabo
2041 4667 2093 4720 in
2145 4668 2244 4729 eis,
2301 4677 2355 4720 et
2402 4666 2741 4721 inambulabo
2783 4668 2845 4723 ¹’.
2884 4686 2902 4718 ›
2938 4665 3003 4719 Et
3032 4667 3097 4720 ad
3135 4668 3306 4734 ipsum

1732 4759 1948 4826 quidam
1978 4758 2157 4827 dirigit
2182 4771 2364 4811 vocem
2394 4796 2409 4821 ,
2443 4775 2462 4807 ε
2499 4757 2578 4811 Τυ
2609 4769 2786 4812 autem
2817 4759 2870 4812 in
2917 4768 3104 4811 sancto
3148 4757 3303 4810 habi-

1734 4857 1836 4912 tas,
1872 4847 1989 4901 laus
2026 4847 2190 4901 lsrael
2217 4847 2280 4899 ³³.
2326 4865 2345 4898 ι
2373 4847 2530 4901 Altus
2581 4848 2776 4917 quippe
2836 4846 2890 4900 in
2937 4846 3060 4900 altis
3104 4846 3306 4900 habitat

2028 4958 2196 5011 'Act.
2245 4956 2452 5020 xut,2.
2527 4957 2746 5011 7Calat.
2813 4973 2874 5018 ll,
2926 4954 2981 5009 8.
3055 4955 3078 4985 ⁸
3116 4952 3306 5009 Matth.

1752 5044 1847 5092 xx,
1874 5028 1965 5081 28.
2044 5027 2086 5059 ¹²
2113 5026 2155 5080 ll
2187 5027 2310 5081 Cor.
2338 5043 2413 5091 Vl,
2454 5026 2539 5082 16.
2619 5027 2662 5058 ¹⁸
2685 5025 2828 5080 Psal.
2862 5041 2974 5091 xxi,
3006 5025 3059 5079 4.

1720 5157 1814 5196 nes
1844 5141 1897 5193 in
1935 5140 2209 5195 schedulis
2237 5150 2473 5210 exceptae
2497 5155 2633 5210 quas
2657 5141 2854 5209 passim
2881 5138 3015 5193 infra
3044 5138 3268 5210 laudabo
3288 5179 3304 5203 ,

1716 5211 1802 5265 hic
1834 5212 2019 5290 habet:
2034 5213 2298 5290 sermonis
2319 5208 2577 5290 Christi,»
2597 5208 2821 5290 absque,
2849 5211 2897 5263 id
2919 5208 3250 5290 estfvocula;
3284 5229 3302 5260 ι

1714 5291 1767 5337 et
1800 5280 1954 5349 paulo
1984 5291 2109 5346 post
2141 5297 2160 5331 ‹
2193 5282 2391 5334 Euntes
2424 5282 2642 5347 docete,
2681 5301 2700 5333 ι
2734 5282 2936 5349 absque
2974 5280 3127 5332 tite.)

1788 5350 1898 5428 (ξῼ)
1927 5348 2216 5428 Perperam
2240 5349 2513 5428 '_I‘holos_._,¢
2545 5362 2748 5428 tantum
2781 5348 2898 5428 sine
2925 5350 3302 5428 perfectione.»

1789 5417 1902 5485 (5i)
1942 5417 2102 5473 Modo
2138 5421 2388 5474 laudatus
2432 5420 2649 5490 Reginae
2703 5421 2855 5483 cod.,
2891 5417 2938 5473 ι’
2964 5417 3097 5475 Vere
3130 5417 3309 5472 Patris

1718 5498 1773 5545 et
1804 5490 1922 5545 Filii
1948 5506 2069 5545 esse
2100 5490 2380 5558 Spiritum.
2405 5510 2423 5544 ι

1946 5560 2151 5642 ΙΣᾳιιξθη
2183 5578 2201 5611 ‹
2233 5559 2415 5642 Pater,
2448 5580 2465 5614 ι
2505 5560 2764 5630 expungit
2793 5558 3133 5642 Regitue‘rns.

1800 5629 1910 5700 (55)
1953 5629 2205 5695 Tholos.,
2271 5648 2289 5681 ι
2341 5633 2419 5687 sic
2465 5647 2624 5686 unam
2672 5629 2794 5688 esse
2845 5630 3211 5698 operationem
3252 5634 3306 5678 et

1728 5702 2127 5773 probationem,
2172 5719 2190 5752 ι
2227 5713 2333 5757 etc.
