3758 6362
384 312 530 372 {0'55
1661 316 1896 372 DIDYMI
1928 314 2395 373 ALEXANDRINI
3524 317 3671 371 {056

380 431 651 485 universae
692 428 943 484 conditor
977 435 1263 484 creatura}.
1297 427 1514 483 llabitat
1574 443 1701 484 vero
1750 439 1806 484 et
1838 428 1958 483 uui-
1984 432 2031 487 Α
2061 429 2194 483 ritus
2226 428 2318 483 Dei
2361 428 2455 493 sit,
2490 442 2651 498 quem
2689 428 2843 484 exire
2899 428 2966 484 de
3013 428 3174 485 Patre
3224 427 3559 484 Salvatoris
3616 432 3668 486 in

380 518 589 585 genitus
614 515 784 573 Filius
812 516 925 586 (54)
958 517 1010 571 in
1037 526 1215 572 mente
1243 532 1372 585 pura
1393 557 1408 581 ,
1440 527 1493 571 et
1524 519 1686 573 corde
1716 518 1949 573 creden-
2057 517 2346 588 Evangelio
2369 518 2530 573 verba
2556 518 2851 577 declarant.
2889 539 2908 572 ι
2948 520 3084 575 Cum
3112 520 3355 583 venerit,
3404 537 3428 571 ι
3459 522 3667 589 inquit,

385 609 538 661 tium.
570 605 675 662 Per
703 607 860 661 ﬁdem
893 608 1090 677 quippe
1118 607 1361 663 habitare
1392 608 1686 674 Christum,
1719 610 1770 663 in
1807 609 1950 663 inte-
2060 628 2081 661 ι
2104 608 2442 671 Consolator,
2469 625 2627 680 quem
2655 624 2754 680 ego
2786 612 2993 666 mittam
3011 612 3184 678 vobis,
3205 612 3493 680 Spiritum
3526 616 3669 665 veri-

383 700 517 753 riori
554 699 798 763 homine,
831 700 883 753 in
919 698 1122 767 Spiritu
1155 698 1231 753 ait
1254 700 1561 771 Apostolus,
1599 701 1668 754 ita
1684 701 1954 756 scribens:
2058 701 2204 763 tatis,
2236 700 2379 769 quia
2413 700 2572 755 Patre
2602 702 2894 770 egreditur,
2936 703 3052 771 ipse
3086 703 3477 757 testimonium
3516 705 3667 757 dabit

385 806 405 839 ι
443 789 497 842 In
534 789 759 857 Spiritu,
805 789 856 842 in
890 789 1129 844 interiori
1166 790 1382 845 homine
1414 790 1657 846 habitare
1682 790 1954 846 Christum
2056 789 2123 843 de
2153 804 2237 843 tne
2272 791 2338 843 ²¹.
2375 809 2394 842 ι
2447 789 2848 845 Consolatorem
2889 801 3066 845 autem
3103 796 3436 846 venientem
3490 791 3666 857 Spiri-

380 895 477 948 per
499 880 651 934 [idem
670 880 722 933 in
756 880 1008 933 cordibus
1037 882 1231 936 vestris
1257 882 1319 934 ³⁵.
1363 900 1383 934 ι
1408 881 1527 951 Ipse
1556 897 1766 951 quoque
1794 882 1860 937 de
1891 896 1951 937 se
2060 888 2169 933 tum
2199 890 2443 933 sanctum
2484 881 2634 943 dicit,
2662 882 2729 937 ab
2776 883 3086 949 Operatione
3115 884 3163 937 ei
3216 897 3430 935 n-‘men
3492 883 3667 949 impo-

385 968 619 1037 loquitur
644 968 715 1023 ":
739 966 914 1021 «Vivit
943 969 995 1023 in
1026 985 1110 1023 me
1131 969 1410 1037 Christus;
1444 980 1535 1026 iet
1561 971 1752 1025 iterum
1778 990 1791 1026 :
1824 971 1957 1039 «Qui
2058 986 2225 1025 nens:
2251 972 2375 1041 quia
2400 986 2503 1025 non
2535 972 2706 1026 solum
2736 971 3043 1026 consolatur
3072 987 3166 1027 eos
3186 988 3330 1042 quos
3364 987 3433 1027 se
3469 974 3663 1040 dignos

384 1059 437 1113 in
467 1059 1059 1129 meloquiturChrlstus
1086 1060 1157 1122 “;
1184 1060 1951 1127 mtSalratoruVenlemus,»
2058 1061 2335 1128 repererit,
2368 1071 2422 1116 et
2448 1062 2515 1116 ab
2548 1062 2691 1115 omni
2734 1063 2947 1116 tristitia
2983 1074 3033 1117 et
3062 1063 3499 1132 perturbatione
3543 1064 3662 1116 red-

384 1150 561 1222 inquit
581 1153 673 1216 ",i
693 1167 792 1221 ego
814 1162 868 1205 et
889 1150 1071 1215 Pater,
1100 1171 1120 1204 ι
1140 1153 1278 1208 haud
1316 1154 1555 1221 dubium,
1585 1156 1714 1224 quin
1744 1157 1810 1210 ad
1835 1172 1955 1211 eum
2057 1150 2135 1205 dit
2163 1151 2369 1205 alienos
2403 1168 2417 1205 :
2452 1168 2636 1207 verum
2692 1152 3005 1208 incredibile
3053 1153 3328 1223 quoddam
3392 1153 3658 1222 gaudium

386 1242 474 1310 qui
510 1253 771 1312 pmcepta
794 1241 909 1311 ejus
939 1243 1266 1309 servaverit,
1310 1261 1329 1295 ι
1370 1254 1424 1298 et
1458 1247 1790 1300 mansionem
1821 1247 1959 1316 apud
2057 1251 2112 1297 et
2151 1243 2475 1297 hilaritatem
2507 1245 2588 1299 eis
2615 1245 2820 1308 tribuit,
2847 1245 2897 1298 iu
2932 1255 3159 1309 tantum,
3196 1256 3256 1298 ut
3296 1245 3490 1315 possit
3540 1248 3662 1311 quis

387 1348 511 1386 eum
564 1331 845 1391 faciemus.
884 1350 901 1385 ι
929 1330 1098 1386 Porro
1123 1333 1201 1388 sic
1241 1348 1420 1388 sermo
1470 1334 1569 1388 iste
1617 1336 1955 1390 contexitur:
2060 1334 2168 1389 Deo
2199 1336 2401 1405 gratias
2442 1336 2705 1401 referens,
2736 1336 2878 1406 quod
2921 1337 3011 1390 tali
3059 1337 3270 1405 hospite
3302 1338 3525 1407 dignus
3566 1337 3660 1388 ha-

391 1441 410 1473 c
439 1422 496 1477 Si
528 1423 650 1491 quis
679 1421 853 1491 diligit
879 1437 961 1476 me
982 1420 1125 1493 (55),
1159 1436 1462 1476 sermonem
1495 1438 1671 1477 meum
1702 1422 1955 1479 servabit.
2060 1425 2269 1492 beatur,
2302 1425 2515 1481 dicere:
2549 1446 2566 1479 ι
2600 1428 2795 1481 Dedisti
2824 1429 3061 1482 lmtitiam
3098 1429 3150 1481 in
3176 1429 3349 1483 corde
3384 1445 3516 1481 meo
3540 1430 3607 1481 ¹².
3635 1448 3651 1479 ι

392 1513 459 1567 Ει
509 1514 669 1570 Pater
700 1529 850 1568 meus
876 1514 1057 1584 diliget
1088 1530 1208 1569 eum
1237 1553 1252 1578 ,
1316 1523 1369 1569 et
1404 1515 1469 1567 ad
1500 1530 1621 1569 eum
1657 1516 1958 1581 veniemus,
2060 1515 2395 1583 Sempiterna
2424 1518 2618 1588 quippe
2651 1518 2833 1573 laetitia
2862 1520 2913 1573 in
2951 1535 3135 1573 eorum
3166 1521 3332 1575 corde
3372 1532 3655 1584 versatur,

388 1613 443 1658 et
470 1608 799 1660 mansionem
824 1606 962 1674 apud
994 1620 1115 1659 eum
1138 1604 1396 1661 faciemus
1417 1607 1513 1661 ⁸⁸.»
1543 1606 1596 1660 In
1624 1607 1727 1663 alio
1750 1622 1962 1678 quoque
2059 1621 2285 1675 quorum
2321 1607 2554 1677 Spiritus
2594 1620 2812 1666 sanctus
2842 1612 3107 1665 habitator
3132 1622 3237 1667 est.
3268 1611 3384 1669 Iste
3415 1612 3657 1681 Spiritus

391 1694 526 1760 luco,
574 1697 748 1751 omnis
803 1704 993 1750 natura
1029 1695 1370 1751 rationalium
1417 1707 1826 1765 creaturarum,
1863 1698 1960 1752 do—
1996 1768 2020 1770 Α
2063 1707 2282 1753 sanctus
2318 1699 2625 1754 consolator
2657 1716 2686 1753 a
2727 1700 2863 1757 Filio
2896 1703 3141 1770 mittitur,
3186 1719 3294 1758 non
3343 1708 3652 1759 secundum

390 1800 508 1840 nius
533 1786 730 1840 dicitur
764 1785 1085 1840 Salvatoris.
1992 1768 2034 1823 Β
2063 1789 2394 1859 angelorum,
2434 1800 2525 1844 aut
2561 1793 2960 1860 prophetarum,
2997 1804 3089 1846 aut
3124 1768 3507 1862 apostolorum
3560 1795 3654 1847 mi-

458 1876 549 1932 25.
579 1878 728 1932 Sicut
765 1888 941 1935 autem
973 1893 1133 1946 super
1155 1878 1369 1933 domum
1398 1894 1550 1933 suam
1582 1877 1843 1933 Dominus
1870 1876 1961 1933 Je—
2066 1879 2371 1943 uisterium,
2421 1882 2512 1934 sed
2560 1890 2617 1935 ut
2648 1884 2784 1935 mitti
2821 1885 2971 1937 decet
3023 1898 3053 1937 a
3098 1885 3367 1951 sapientia
3421 1893 3480 1936 ct
3516 1885 3651 1936 reri—

388 1982 506 2033 sns,
543 1970 695 2038 cujus
719 1969 908 2024 donius
937 1986 1121 2026 sunms
1158 1986 1255 2025 nos
1292 1970 1400 2041 (56)
1430 1988 1446 2025 :
1476 1971 1546 2025 ita
1582 1972 1771 2025 domus
1807 1971 1963 2027 Chri-
2067 1977 2175 2023 tate
2207 1970 2464 2035 Spiritum
2501 1970 2617 2033 Dei,
2652 1972 2932 2025 indivisam
2975 1973 3260 2026 habentem
3293 1988 3427 2026 cum
3464 1973 3647 2024 eadem

389 2061 457 2114 sti
489 2062 739 2131 templum
785 2062 876 2116 Dei
919 2073 1019 2129 est,
1058 2063 1109 2116 in
1144 2078 1249 2129 quo
1280 2062 1509 2131 Spiritus
1535 2062 1773 2131 ejusdem
1808 2064 1961 2118 inha-
2064 2062 2326 2128 sap‘entia
2354 2070 2409 2115 et
2441 2063 2669 2116 veritate
2709 2072 2974 2116 naturam.
3001 2063 3208 2117 Etenim
3245 2063 3424 2117 Filius
3454 2066 3645 2117 missus

391 2153 527 2206 hitat
565 2152 677 2210 Dei.
714 2153 967 2208 Scribeus
1003 2155 1197 2223 quippe
1236 2152 1531 2209 Corinthiis
1568 2154 1764 2209 Paulus
1814 2156 1891 2208 ait
1945 2173 1958 2208 :
2064 2165 2092 2204 a
2125 2151 2281 2205 Patre
2319 2167 2422 2205 non
2461 2163 2763 2221 separatur,
2793 2169 2892 2208 nec
2931 2154 3261 2224 disjungitur
3301 2155 3374 2208 ab
3410 2171 3502 2218 eo,
3546 2171 3647 2208 ma-

397 2260 418 2292 σ
460 2242 683 2297 Nescitis
706 2244 830 2312 quia
867 2245 1120 2312 templum
1170 2244 1264 2298 Dei
1301 2245 1455 2309 estis,
1495 2255 1550 2300 et
1591 2244 1824 2316 Spiritus
1870 2245 1961 2299 Dei
2065 2257 2197 2296 nens
2227 2252 2280 2295 et
2311 2243 2512 2296 hahens
2538 2243 2683 2297 illum
2717 2245 2767 2297 in
2787 2246 3096 2314 semetipso.
3120 2244 3258 2311 Quin
3292 2245 3537 2312 Spiritus
3564 2260 3643 2298 re

394 2333 600 2387 habitat
626 2334 677 2387 in
708 2333 860 2388 vobis
892 2334 975 2387 "7?
1007 2354 1026 2388 ι
1067 2333 1121 2389 Si
1154 2347 1331 2390 autem
1365 2337 1417 2390 in
1458 2336 1617 2391 domo
1662 2345 1715 2390 et
1744 2337 1960 2406 templo,

392 2442 498 2497 quo
535 2426 693 2482 Pater
718 2437 770 2482 et
807 2428 1058 2484 Salvator
1086 2429 1371 2497 inhabitat,
1409 2430 1549 2484 illico
1600 2430 1873 2484 invenitur
1910 2437 1966 2482 et

395 2518 626 2586 Spiritus
646 2528 885 2582 sanctus.
916 2534 982 2574 ex
1021 2520 1123 2575 hoc
1152 2520 1375 2574 indivisa
1398 2519 1679 2573 Trinitatis
1714 2521 1966 2575 substan-

395 2609 469 2662 tia
498 2612 917 2664 demonstratur.
955 2611 1017 2664 Et
1042 2619 1161 2681 post
1188 2628 1290 2666 non
1312 2611 1477 2666 multa
1495 2611 1727 2678 ejusdem
1752 2609 1966 2680 Episto-

392 2696 458 2755 lie
495 2720 509 2757 :
550 2720 570 2753 ι
614 2700 861 2767 Nescitis,
904 2703 1130 2771 iiuquit,
1168 2722 1186 2755 ι
1210 2703 1330 2772 quia
1348 2719 1574 2773 corpora
1601 2715 1773 2758 vestra
1833 2714 1967 2757 tem-

393 2793 537 2861 plum
554 2791 786 2860 Spiritus
817 2793 987 2846 sancti
1020 2802 1164 2856 sunt,
1192 2808 1349 2861 quem
1379 2794 1586 2848 habetis
1624 2809 1653 2846 a
1686 2794 1792 2847 Deo
1823 2793 1909 2846 ὀἳ
1940 2811 1958 2844 ι

393 2883 527 2936 Cum
558 2899 687 2953 ergo
725 2881 960 2953 Spiritus
1010 2896 1251 2945 sanctus.
1305 2884 1552 2938 similiter
1593 2894 1651 2938 ut
1708 2883 1869 2939 Pater
1911 2894 1966 2939 et

394 2973 581 3036 Filius,
615 2984 845 3030 mentem
882 2985 937 3030 et
985 2975 1290 3029 interiorem
1348 2976 1618 3030 hominem
1658 2976 1964 3031 inhabitare

2067 2335 2240 2389 ritatis
2259 2336 2570 2404 supradicto
2602 2337 2761 2391 modo
2797 2338 2991 2390 missus
3018 2354 3045 2389 a
3067 2336 3203 2390 Filio
3224 2337 3293 2390 de
3310 2336 3479 2391 Patre
3494 2354 3639 2407 egre-

2066 2428 2229 2493 ditur,
2255 2443 2361 2482 nou
2394 2429 2608 2483 aliunde
2640 2429 2703 2483 ad
2727 2429 2829 2482 alia
2862 2431 3278 2499 transmigrans.
3305 2427 3637 2497 lmpossibile

2065 2520 2259 2589 quippe
2289 2520 2389 2575 hoc
2426 2520 2628 2589 pariter
2653 2530 2707 2575 et
2749 2521 3120 2589 blasphemum
3162 2530 3265 2575 est.
3307 2521 3366 2575 Si
3399 2524 3543 2574 enim
3578 2522 3635 2574 de

2065 2610 2182 2665 loco
2223 2611 2287 2664 ad
2320 2610 2494 2664 locum
2522 2612 2795 2681 egreditur
2825 2610 3078 2679 Spiritus,
3120 2621 3174 2664 et
3218 2612 3336 2679 ipse
3381 2612 3544 2666 Pater
3588 2614 3633 2664 in

2068 2702 2187 2756 loco
2221 2701 2544 2765 invenietur,
2581 2711 2636 2755 et
2660 2700 2893 2771 Spiritus
2928 2702 3170 2756 veritatis
3196 2702 3350 2773 juxta
3393 2716 3630 2757 naturam

2065 2809 2352 2863 corporum
2382 2804 2531 2849 certo
2553 2794 2729 2862 spatio
2771 2794 3229 2863 circumscriptus,
3278 2795 3446 2849 alium
3493 2797 3634 2849 dese.

2068 2900 2191 2941 rens
2210 2886 2409 2952 locum,
2429 2887 2494 2940 ad
2515 2886 2679 2938 alium
2700 2885 3072 2954 commigrabit
3089 2884 3336 2956 ('58).Sed
3360 2902 3469 2955 quo
3486 2886 3631 2941 modo

2067 2975 2228 3032 Pater
2266 2994 2371 3032 non
2402 2977 2704 3031 consistens
2735 2976 2787 3030 in
2824 2976 2961 3042 loco,
3006 2975 3143 3030 ultra
3185 2992 3403 3030 omnem
3453 2993 3632 3046 corpo-

395 3066 673 3130 doceatur,
702 3083 805 3120 non
836 3067 1012 3121 dicam
1042 3066 1301 3135 ineptum,
1334 3068 1426 3120 sed
1462 3067 1682 3135 impium
1718 3076 1800 3121 est
1843 3080 1962 3120 eum
1992 3100 2035 3159 ο
2073 3084 2188 3123 rum
2224 3076 2308 3123 est
2333 3076 2605 3131 naturam,
2659 3067 2729 3121 ita
2775 3075 2829 3120 et
2877 3063 3112 3134 Spiritus
3155 3066 3400 3121 veritatis
3445 3082 3633 3135 nequa-

396 3155 577 3209 diccre
606 3168 930 3211 creaturam.
973 3157 1293 3226 Disciplinas
1322 3156 1539 3227 quippe,
1582 3158 1810 3211 virtutes
1844 3156 1965 3213 dico

401 3256 457 3300 et
485 3257 651 3311 artes,
688 3256 743 3302 et
790 3246 876 3303 his
909 3248 1207 3301 contrarias
1235 3247 1684 3317 perturbationes,
1714 3257 1767 3301 et
1796 3249 1965 3316 impe-

402 3338 574 3403 ritias,
605 3348 658 3394 et
677 3338 969 3394 all'ectusin
996 3338 1278 3393 animabus
1302 3339 1544 3393 habitare
1571 3338 1824 3410 possibile
1854 3350 1965 3406 est;

400 3447 504 3485 non
536 3440 713 3485 tamen
738 3441 793 3484 ut
822 3430 1208 3496 snhstantivas,
1237 3430 1330 3485 sed
1365 3439 1421 3483 ut
1455 3431 1776 3485 accidentes.
1805 3430 1969 3486 Crea-

402 3533 507 3577 tam
535 3538 660 3577 vero
689 3532 934 3577 naturam
964 3522 1017 3576 in
1050 3537 1207 3576 sensu
1238 3522 1485 3577 habitare
1514 3522 1840 3591 impossibile
1863 3533 1965 3577 est.

399 3615 550 3679 Quod
576 3615 619 3668 si
655 3629 836 3669 verum
866 3625 970 3681 est,
998 3623 1051 3668 et
1097 3614 1332 3683 Spiritus
1373 3623 1596 3667 sanctus
1633 3614 1835 3683 absque
1863 3614 1968 3669 ulla

400 3708 746 3777 attthiguitate
768 3706 1087 3772 subsistens,
1111 3708 1301 3761 anima:
1330 3714 1412 3761 est
1452 3706 1723 3761 habitator
1750 3715 1806 3761 et
1848 3721 1973 3761 cor-

401 3800 483 3853 dis
512 3817 527 3854 :
559 3800 683 3854 nulli
715 3801 933 3855 dubium
964 3811 1069 3866 est,
1102 3802 1228 3870 quin
1257 3814 1376 3855 cum
1403 3797 1565 3853 Patre
1593 3808 1645 3853 et
1664 3797 1798 3853 Filio
1823 3800 1970 3853 credi

401 3893 593 3947 debeat
622 3892 913 3948 increatus.
943 3892 1021 3947 Ex
1054 3893 1303 3947 omnibus
1334 3891 1496 3961 igitur
1524 3906 1641 3959 qua:
1669 3894 1975 3958 przecedens

402 3999 579 4039 sermo
626 3984 869 4050 disserit,
919 3983 1342 4053 iucorruptibilis
1387 3994 1442 4037 et
1496 3982 1856 4052 sempiternus
1896 3997 1975 4037 se-

402 4076 632 4131 cundum
664 4085 910 4131 naturam
947 4076 1143 4140 Patris,
1187 4087 1239 4131 et
1276 4075 1418 4142 Filii,
1474 4076 1705 4145 Spiritus
1757 4084 1975 4130 sanctus

402 4172 825 4234 demonstratus,
874 4170 1176 4223 universam
1223 4170 1289 4223 de
1327 4184 1384 4223 se
1406 4168 1807 4237 ambiguitatem
1852 4166 1973 4221 abs-

405 4262 523 4314 tulit
546 4272 600 4316 et
627 4261 1007 4329 suspicionem,
1039 4276 1104 4316 ne
1131 4276 1272 4314 unus
1310 4261 1376 4313 de
1406 4264 1603 4314 creatis
1661 4258 1976 4313 substantiis

402 4352 763 4407 existimetur.
797 4351 901 4405 Sed
929 4350 1203 4421 etambigi
1240 4350 1446 4418 nequit,
1476 4350 1604 4420 quin
1640 4350 1751 4422 (57)
1786 4352 1830 4405 is
1854 4350 1975 4420 Spi-

476 4469 521 4501 “
543 4469 737 4538 Ephes.
767 4485 849 4531 ut.
881 4466 970 4532 l6,
1003 4468 1085 4522 Π.
1167 4468 1209 4499 ⁸⁸
1237 4467 1355 4522 Gal.
1384 4482 1444 4530 ll,
1467 4466 1556 4523 20.

403 4539 450 4571 ’⁸
489 4539 504 4593 1
536 4538 659 4593 Cor.
693 4555 763 4603 vr,
801 4538 888 4593 19.

1638 4466 1681 4498 ¹⁶
1715 4467 1755 4521 ll
1783 4466 1903 4523 Cor.
1943 4482 2074 4530 xm,
2109 4469 2163 4522 3.

965 4539 1008 4569 ’ί
1045 4538 1198 4593 Joan.
1232 4553 1322 4602 xv,
1354 4538 1445 4594 96.
1521 4538 1566 4568 ’³
1604 4535 1749 4589 Psal.
1788 4552 1858 4602 tv,
1892 4538 1942 4594 7.
2019 4539 2063 4569 ’³
2100 4537 2253 4593 Joan.
2286 4551 2402 4600 vtn,
2427 4534 2514 4590 4'3.

2068 3176 2229 3232 quam
2257 3160 2497 3216 locorum
2536 3159 2641 3214 line
2670 3158 2959 3223 clauditur,
2982 3172 3103 3212 cum
3135 3157 3205 3211 sit
3242 3157 3628 3227 incorporalis:

2070 3262 2125 3307 et
2152 3262 2211 3307 nt
2261 3254 2440 3307 verius
2475 3252 2675 3319 dicam,
2722 3249 2988 3306 excellens
3046 3249 3356 3305 universam
3415 3251 3612 3305 ration:

2068 3345 2172 3399 lem
2206 3355 2507 3398 creaturam
2536 3342 2669 3412 (59).

2136 3436 2226 3489 26.
2263 3434 2398 3501 Quia
2453 3450 2581 3505 ergo
2623 3431 2956 3502 impossibile
2984 3439 3085 3496 est,
3128 3439 3184 3485 et
3236 3431 3483 3501 impium,
3538 3432 3625 3486 ista

2070 3542 2187 3595 quae
2214 3527 2445 3580 diximus
2465 3523 2532 3579 de
2558 3522 2983 3592 incorporalihus
3006 3520 3116 3594 (60)
3137 3522 3554 3577 crederemxire
3567 3522 3625 3575 de

2073 3617 2230 3671 Patre
2294 3616 2552 3688 Spiritum
2602 3624 2849 3669 sanctum
2894 3614 2972 3668 sic
3003 3613 3427 3683 intelligendum,
3475 3623 3531 3667 ut
3576 3630 3627 3667 se

2074 3709 2320 3765 Salvator
2341 3710 2406 3765 de
2429 3709 2536 3763 Deo
2552 3708 2729 3762 exisse
2753 3716 2999 3771 testatur,
3026 3706 3233 3771 dicens,
3264 3724 3283 3757 ι
3311 3705 3421 3774 Ego
3450 3704 3513 3759 de
3533 3705 3624 3759 Deo

2072 3804 2211 3857 exivi
2242 3811 2297 3855 et
2322 3798 2439 3853 veni
2469 3798 2535 3853 ”.
2569 3816 2588 3850 ι
2619 3797 2681 3851 Ει
2709 3798 2848 3852 sicut
2873 3796 2985 3851 loca
3016 3797 3525 3851 etcommutationes
3555 3796 3624 3848 ιο.

2074 3906 2257 3945 eorum
2288 3889 2355 3943 ab
2380 3888 2810 3956 incorporalihus
2834 3901 3167 3955 separamus,
3203 3886 3285 3941 sic
3303 3895 3359 3940 et
3392 3886 3624 3956 prolatio-

2076 4001 2171 4039 nes
2214 3984 2357 4036 intus
2397 3981 2517 4035 dico
2563 3991 2618 4034 et
2659 3979 2789 4033 loris
2845 3980 2913 4031 ab
2967 3978 3406 4033 intellectualium
3450 3990 3621 4032 natura

2076 4073 2454 4136 discernimus,
2509 4071 2633 4142 quia
2698 4072 2815 4125 istae
2861 4086 3146 4140 corporum
3206 4080 3334 4125 sunt
3379 4072 3621 4140 recipiet).

2079 4168 2208 4220 tium
2266 4164 2491 4229 factum,
2547 4172 2601 4218 et
2656 4163 2970 4218 habentium
3026 4163 3322 4217 vastitates.
3389 4161 3619 4216 lneﬂabili

2078 4258 2257 4328 itaque
2272 4268 2327 4313 et
2366 4256 2481 4312 sola
2507 4254 2611 4310 [ide
2634 4253 2745 4326 (61)
2770 4265 2895 4308 noto
2915 4269 3162 4309 sermone
3189 4252 3509 4307 credendum
3530 4263 3623 4317 est,

2080 4350 2410 4405 Salvatorem
2445 4348 2646 4403 dictum
2680 4362 2802 4402 esse
2833 4347 3011 4402 exisse
3049 4360 3082 4400 a
3124 4344 3252 4411 Deo,
3291 4354 3343 4400 et
3385 4346 3619 4415 Spiritum

2242 4461 2716 4529 "Joan.xtv,25.
2796 4462 2838 4494 ⁸⁸
2861 4461 2992 4517 ibid.
3071 4461 3112 4493 ι’
3170 4460 3193 4514 ι
3244 4460 3369 4515 Cor.
3418 4476 3495 4526 tu,
3543 4458 3615 4512 16.

475 4632 586 4703 (Si)
629 4633 799 4689 Voces
832 4652 852 4685 ‹
886 4642 940 4687 et
965 4633 1268 4703 unigenitus
1306 4631 1499 4685 Filius»
1537 4630 1591 4685 in
1620 4630 1834 4700 Regina:
1864 4647 1966 4686 tus.
2003 4638 2045 4692 D
2078 4648 2201 4685 reus
2254 4632 2477 4703 locu_m,_
2502 4628 2570 4682 ad
2619 4627 2779 4682 alium
2826 4623 3222 4703 commigravit.
3261 4642 3280 4673 ι
3333 4621 3438 4703 Nec
3465 4623 3614 4703 magis

404 4704 672 4759 delentur.

478 4774 590 4844 (55)
627 4773 842 4827 Addunt
874 4770 1053 4827 Vatic.
1083 4780 1137 4827 et
1172 4781 1326 4828 vetus
1359 4770 1513 4840 edit.,
1565 4788 1584 4823 ι
1611 4778 1667 4826 et
1700 4785 1800 4840 ego
1851 4770 1975 4826 dili-

405 4861 524 4915 gam
553 4844 768 4915 illtttn._t

476 4915 587 4984 (56)
621 4916 672 4966 In
708 4911 923 4980 Reginae
956 4928 1081 4975 ms.,
1107 4930 1137 4984 rt
1164 4913 1356 4967 dmuus
1401 4912 1598 4967 dicitur
1646 4910 1973 4984 Salvatoris;

405 4981 653 5037 Christus
680 4993 859 5036 autem
899 4998 1060 5053 super
1086 4983 1304 5037 domum
1351 4998 1527 5047 suam,
1573 4982 1729 5052 cujus
1779 4981 1974 5036 donius

404 5068 591 5108 sumus
622 5067 742 5111 nos.
779 5071 798 5105 ι
827 5064 936 5107 etc.

477 5122 589 5191 (57)
619 5121 937 5177 Suﬂ'ecimus
962 5138 1028 5177 ex
1062 5122 1280 5192 Reginae
1310 5137 1412 5176 ms.
1472 5123 1657 5192 verba,
1710 5139 1729 5173 ι
1760 5119 1866 5174 Sed
1918 5127 1973 5192 et

407 5190 604 5260 ambigi
646 5193 849 5260 nequit,
909 5193 1063 5261 quin,
1100 5211 1119 5244 ι
1148 5190 1357 5255 ⁷ιιιροιθ
1405 5191 1731 5259 perﬁciendo
1786 5190 1970 5244 sensui

409 5262 732 5331 necessaria,
764 5262 974 5314 tametsi
1011 5263 1060 5313 in
1098 5261 1315 5331 reliquis
1351 5277 1479 5317 tnss.
1513 5261 1811 5331 etvulgatis
1835 5261 1962 5314 buc-

410 5344 578 5396 usque
610 5330 759 5382 libris
818 5331 1209 5386 desiderentur.

480 5400 590 5470 (58)
634 5397 907 5470 \‘eriorem
941 5400 1453 5468 concinnioremque
1484 5397 1706 5466 hujusce
1760 5398 1969 5470 periodi

409 5468 692 5539 lectionem
727 5468 869 5523 hanc
896 5484 1016 5523 esse
1055 5470 1378 5537 putavimus,
1406 5486 1562 5539 quam
1595 5484 1659 5522 ex
1699 5469 1863 5539 veteri
1891 5478 1972 5521 to-

411 5541 513 5594 lies
560 5538 769 5591 laudata
806 5539 1066 5598 editione.
1108 5549 1161 5592 et
1215 5540 1383 5592 Vatie.
1426 5538 1528 5592 ius.
1580 5538 1968 5604 expressimus.

412 5606 581 5664 l’eues
618 5605 1009 5670 Martiameum,
1038 5609 1275 5674 aliosque
1302 5610 1499 5675 passim
1550 5608 1783 5662 editores
1812 5616 1925 5661 erat
1955 5623 1970 5659 :

416 5699 434 5729 ι
471 5678 525 5730 Si
552 5682 694 5732 enim
726 5678 815 5731 hic
848 5677 1083 5747 Spiritus
1123 5677 1538 5743 veritatisjuxta
1581 5686 1799 5731 naturas
1852 5691 1975 5729 cor-

410 5763 604 5818 porum
637 5759 787 5805 certo
818 5747 993 5819 spatio
1026 5751 1465 5817 circumscriptus
1488 5758 1593 5815 est,
1633 5748 1793 5802 alium
1821 5747 1975 5802 deso-

2083 4710 2224 4755 recte
2259 4702 2310 4753 in
2346 4692 2566 4752 Thulos.
2597 4714 2739 4752 ms.:
2778 4715 2798 4744 ‹
2836 4694 2891 4749 Si
2925 4692 3067 4750 enim
3100 4695 3165 4748 de
3196 4694 3313 4746 loco
3366 4692 3415 4745 in
3464 4693 3611 4745 loeum

2084 4772 2377 4833 invenitur,
2410 4781 2460 4822 et
2492 4767 2729 4837 Spiritus
2761 4766 3004 4837 veritatis
3026 4763 3179 4837 juxta
3224 4772 3476 4837 naturam
3514 4779 3612 4837 cor-

2086 4856 2299 4909 poream
2348 4848 2497 4893 certo
2534 4832 2722 4909 'spatio
2780 4836 3242 4909 circumscriptus,
3284 4851 3303 4884 ι
3333 4841 3434 4909 etc.
3463 4832 3513 4885 In
3541 4832 3612 4885 illo

2080 4902 2259 4963 autem
2299 4908 2510 4976 Reginae
2533 4902 2696 4975 priori
2741 4906 3022 4976 obliterata
3062 4902 3292 4976 lectione
3341 4902 3511 4976 istinec
3536 4918 3612 4965 ap-

2081 4980 2297 5050 ponitur
2320 4971 2753 5050 adi'hbri'oram:
2783 4992 2813 5050 _(
2846 4976 2901 5028 Si
2936 4974 3077 5050 enim
3110 4974 3176 5026 de
3207 4973 3324 5024 loco
3364 4972 3414 5024 in
3464 4971 3607 5023 locum

2079 5043 2227 5103 venit
2254 5048 2487 5117 Spiritus
2514 5043 2931 5117 veritatisjuxta
2979 5043 3146 5111 legent
3193 5050 3401 5117 natura:
3443 5055 3605 5107 corpo-

2079 5135 2199 5173 reus
2226 5112 2376 5171 certo
2396 5116 2571 5187 spatio
2598 5115 3063 5187 circumscriptus,
3084 5130 3110 5187 ι
3132 5120 3233 5164 etc.
3260 5112 3607 5187 Quamuneinpe

2083 5181 2757 5256 reposuimuslectionem,
2788 5184 3003 5239 codices
3031 5182 3143 5235 suis
3167 5195 3384 5249 quoque
3410 5181 3604 5234 dissitiiis

2116 5260 2325 5311 rohaut.

2076 5276 2475 5396 Ριῗὲδῖᾭιιιίο.
2535 5333 2592 5379 et
2647 5322 2891 5388 Tholos.,
2956 5340 2976 5373 ι
3011 5319 3279 5396 excellens
3336 5321 3599 5374 universam

2073 5394 2473 5455 rationabilimn
2502 5405 2868 5449 creaturarum
2902 5394 3212 5447 essentiam.
3244 5406 3264 5439 ι

2146 5466 2258 5538 (60)
2298 5466 2499 5522 Vitiose
2556 5476 2692 5530 erat,
2743 5481 2763 5516 ι
2793 5476 2912 5532 quae.
2962 5461 3194 5515 diximus
3243 5457 3601 5533 io_corporali-

2082 5554 2197 5598 JlIS,
2237 5556 2256 5587 ι
2294 5549 2401 5592 etc.

2154 5596 2265 5679 (6t)
2297 5607 2511 5678 Regina:
2527 5604 2659 5679 _lil_).,
2697 5623 2715 5656 ι
2745 5602 3055 5679 solae_lii_le_i;
3086 5619 3105 5652 ι
3141 5606 3193 5653 et
3210 5612 3296 5679 tuo
3320 5613 3443 5679 “ea
3483 5596 3602 5649 Patre

2082 5667 2291 5746 egi-edi,
2324 5667 2560 5746 utvillud,
2588 5667 2840 5746 loquente
2870 5672 3100 5744 Spiritu,
3135 5669 3228 5727 aui
3258 5683 3287 5722 a
3318 5667 3468 5722 Patre
3490 5681 3601 5735 egre-

2082 5750 2247 5803 ditur.
2279 5764 2299 5798 ι
