3758 6310
106 350 234 405 1051

1281 345 1485 401 LIBER
1523 345 1611 401 DE
1649 344 1920 401 SPlRlTU
1963 344 2252 401 SANCTO.

3242 351 3377 405 1038

102 471 345 525 veritatis
374 485 405 524 a
449 470 620 526 Patre
650 471 856 541 egredi,
898 471 1149 541 loquente
1200 470 1402 540 Spiritu
1434 471 1522 539 qui
1555 485 1584 523 a
1616 484 1703 523 me
1731 475 1777 529 Α
1808 470 2100 523 secundum
2148 468 2276 523 illud
2307 483 2321 521 :
2353 486 2371 519 α
2399 466 2533 523 Cum
2564 476 2743 522 autem
2772 468 2979 523 venerit
3019 469 3105 525 ille
3138 468 3380 529 Parat-le-

104 563 376 629 egreditur
416 564 488 618 ’⁵.
554 563 687 618 Cum
741 565 887 617 enim
920 563 1099 617 dicere
1129 571 1308 632 posset
1337 562 1401 616 de
1427 562 1556 627 Deo,
1582 560 1697 614 sive

111 656 169 705 de
200 653 457 717 Domino,
497 654 617 708 sive
644 655 707 708 de
734 653 1134 723 Omnipotente,
1180 652 1311 708 nihil
1346 652 1540 705 horum
1574 652 1696 705 teti-

106 756 214 813 git:
243 744 340 799 sed
375 746 474 810 ait,
506 745 580 799 de
614 746 793 809 Patre,
830 762 933 800 non
979 745 1120 815 quod
1151 744 1358 798 Patera
1393 744 1502 799 Deo
1522 743 1698 797 omni-

108 848 321 903 potente
352 838 427 889 sit
456 837 605 891 altus
638 854 651 891 :
681 838 806 907 quia
826 839 928 891 hoc
948 836 1123 891 scelus
1160 845 1243 890 est
1288 837 1449 891 etiam
1492 837 1698 905 c0gita-

109 942 187 987 re;
220 928 311 979 sed
332 928 647 982 secundum
668 929 1045 998 proprietatem
1075 938 1130 982 et
1151 929 1475 983 intellectum
1492 927 1696 982 Paren-

113 1020 173 1069 lis
195 1019 305 1083 (62)
345 1020 541 1085 egredi
586 1020 652 1075 ab
686 1036 749 1074 eo
779 1019 976 1073 dicitur
998 1020 1231 1090 Spiritus
1253 1021 1515 1077 veritatis.
1548 1020 1698 1076 Licet

112 1112 242 1165 cnim
272 1127 335 1165 ex
358 1112 476 1165 Deo
500 1112 816 1181 frequenter
832 1128 890 1168 se
913 1114 1052 1167 dicat
1075 1114 1253 1168 exisse
1282 1112 1551 1177 Salvator,
1580 1127 1698 1182 pro-

112 1206 384 1271 prietatem
427 1212 640 1268 tamen,
684 1212 830 1257 etut
878 1204 948 1255 ita
997 1203 1193 1269 dicam,
1252 1202 1692 1269 familiaritatem,

109 1296 167 1347 de
187 1309 286 1364 qua
311 1293 430 1361 jam
460 1309 614 1363 sa-pe
639 1295 1002 1361 tractavimus,
1025 1310 1090 1349 ex
1115 1294 1378 1349 vocabulo
1399 1296 1566 1366 magis
1592 1296 1691 1351 sibi

111 1386 274 1438 Patris
300 1386 565 1449 assumit,
593 1386 779 1440 dicens
811 1403 825 1440 :
864 1402 882 1436 ι
920 1385 1030 1456 Ego
1068 1386 1119 1440 in
1148 1385 1332 1451 Patre,
1362 1396 1417 1442 et
1442 1386 1601 1441 Pater
1640 1388 1690 1442 in

110 1492 187 1530 me
218 1477 262 1507 "
298 1494 313 1542 ;
356 1496 377 1529 ι
405 1487 462 1531 et
496 1478 630 1531 alibi
662 1495 678 1533 :
724 1498 744 1529 ‹
774 1477 885 1547 Ego
906 1477 1135 1533 etPater
1156 1494 1321 1534 unum
1347 1481 1634 1536 sumus":
1666 1500 1686 1535 ι

111 1582 159 1622 ct
186 1569 345 1622 multa
377 1568 485 1622 alia
514 1569 604 1624 his
632 1570 854 1637 similia,
874 1585 993 1640 quae
1012 1571 1063 1624 in
1094 1570 1380 1641 Evangelio
1397 1572 1691 1627 observans

113 1659 266 1713 lector
300 1659 571 1716 inveniet.
616 1660 722 1713 Iste
761 1674 888 1727 ergo
936 1658 1172 1729 Spiritus
1215 1669 1435 1715 sanctus
1486 1662 1578 1732 qui
1623 1662 1689 1715 de

114 1748 261 1804 Patre
308 1750 631 1819 egreditur,
689 1749 1097 1815 testiﬁcabitur,
1161 1750 1333 1821 inquit
1409 1752 1684 1819 Dominus,

113 1840 171 1894 de
232 1854 315 1893 me
369 1841 439 1905 ",
513 1841 885 1895 testimonium
952 1841 1129 1897 simile
1173 1841 1351 1897 ferens
1409 1842 1457 1898 ei
1511 1842 1686 1899 Patris

116 1930 430 1997 testimonio,
471 1931 541 1986 de
568 1948 676 2002 quo
708 1933 820 1987 ait:
862 1950 881 1983 ι
917 1930 1306 1987 Testimonium
1336 1934 1465 1989 dicit
1488 1936 1553 1989 de
1577 1950 1683 1999 me,

114 2022 194 2090 qui
230 2023 373 2078 misit
404 2040 494 2078 me
527 2023 691 2079 Pater
728 2024 793 2080 ”.
836 2044 855 2077 ι
890 2024 1131 2080 Mittente
1178 2036 1356 2081 autem
1392 2026 1529 2082 Filio
1563 2026 1687 2098 Spi-

116 2113 263 2165 ritum
286 2115 565 2179 veritatis,
596 2130 754 2183 quem
801 2114 1208 2170 Consolatorem
1246 2116 1475 2181 vocavit,
1526 2114 1687 2170 simul

118 2204 264 2258 mittit
303 2215 360 2259 et
403 2204 593 2261 Pater.
632 2206 816 2275 Neque
858 2207 1001 2260 enim
1058 2205 1217 2261 Pater
1264 2207 1509 2263 mittente
1551 2207 1687 2263 Filio

118 2313 211 2351 non
238 2299 419 2363 mittit,
447 2314 576 2352 cum
614 2298 803 2353 eadem
830 2296 1109 2351 voluntate
1137 2296 1314 2353 Patris
1338 2309 1392 2353 et
1419 2298 1539 2353 Filii
1565 2298 1686 2369 Spi—

121 2389 240 2443 ritus
273 2393 473 2456 veniat,
511 2391 800 2446 Salvatore
839 2403 1054 2459 quoque
1115 2405 1209 2458 per
1254 2391 1569 2461 prephetam
1610 2391 1687 2446 lo-

119 2492 297 2550 quente
330 2503 342 2537 :
374 2485 520 2537 sicut
549 2482 892 2536 manifestum
916 2497 1036 2537 esse
1067 2483 1263 2551 poterit
1289 2483 1363 2545 ei,
1393 2484 1482 2552 qui
1518 2491 1685 2537 totum

122 2572 388 2641 perlegerit
429 2574 611 2628 locum
648 2574 780 2643 (65).
818 2592 837 2625 ι
890 2571 958 2627 Ει
1006 2572 1259 2628 Dominus
1301 2572 1445 2628 misit
1492 2589 1597 2638 me,
1634 2582 1688 2629 et

123 2666 362 2732 Spiritum
404 2683 618 2721 suum:
658 2686 677 2719 ι
741 2666 1010 2736 siquidem
1063 2680 1170 2721 non
1233 2665 1406 2720 solum
1463 2666 1686 2733 Filium,

126 2757 206 2809 sed
224 2767 274 2812 et
302 2758 570 2828 Spiritum
598 2760 759 2812 mittit
796 2759 957 2813 Deus.
1008 2756 1119 2812 Sed
1140 2768 1193 2813 et
1217 2758 1487 2826 apostolus
1517 2759 1689 2830 loqui-

125 2854 203 2901 tur
231 2865 245 2903 :
284 2868 301 2901 ι
338 2850 468 2916 Quae
498 2866 643 2905 nunc
672 2849 986 2903 annuntiata
1019 2859 1146 2904 sunt
1178 2850 1328 2903 vobis
1351 2864 1446 2919 per
1470 2864 1563 2904 eos
1595 2849 1685 2920 qui

128 2940 613 3008 evangelizaverunt
636 2942 805 3007 vobis,
838 2941 1043 3010 Spiritu
1073 2952 1264 2995 sancto
1295 2944 1460 2996 misso
1486 2941 1552 2996 de
1574 2954 1687 2995 cte-

130 3025 183 3079 lis
210 3028 269 3081 ¹⁹.
309 3048 326 3081 ι
368 3030 432 3083 Ει
455 3032 507 3084 in
548 3032 685 3083 libro
707 3032 798 3100 qui
833 3030 1105 3099 Sapientia
1141 3030 1474 3097 inscribitur,
1512 3030 1580 3085 ab
1604 3031 1687 3086 his

1804 570 1907 623 tus,
1943 576 2103 629 quem
2142 558 2352 612 mittam
2397 560 2548 613 vobis
2585 574 2613 611 a
2675 559 2853 624 Patre,
2880 560 3136 629 Spiritum
3182 567 3377 618 verita-

1803 651 1869 705 tis
1900 651 1990 704 δ”.
2035 650 2250 717 »ρυεηι
2300 651 2459 704 alium
2510 651 2840 718 paracletutn
2894 653 3209 716 nominavit,
3267 673 3373 711 non

1791 742 1944 813 juxta
1978 752 2184 796 natura}
2207 741 2586 805 differentiam,
2628 744 2721 798 sed
2768 746 3099 811 operationis
3143 746 3373 800 diversi-

1798 843 1983 887 tatem.
2024 834 2156 889 Cum
2235 836 2375 889 enim
2415 835 2663 890 Salvator
2718 837 3029 892 mediatoris
3083 849 3137 893 et
3214 840 3369 906 legati

1795 941 2078 995 personam
2127 926 2341 990 habeat,
2382 937 2435 981 et
2473 942 2578 996 qua
2611 928 2720 998 (64)
2762 928 3001 999 pontifex
3052 931 3372 1000 deprecetur

1797 1029 1893 1084 pro
1920 1016 2155 1083 peccatis
2190 1016 2408 1077 nostris,
2457 1016 2671 1071 salvans
2702 1017 2753 1070 in
2812 1020 3199 1088 sempiternum
3252 1038 3369 1087 eos,

1796 1106 1885 1174 qui
1924 1120 2019 1175 per
2061 1107 2235 1175 ipsum
2276 1119 2624 1163 accesserunt
2668 1110 2733 1162 ad
2765 1110 2952 1174 Deum,
2994 1114 3117 1181 quia
3157 1130 3370 1182 semper

1796 1198 1984 1252 vivens
2018 1199 2321 1268 interpellat
2348 1216 2445 1269 pro
2471 1202 2549 1256 eis
2582 1199 2704 1273 [ηη.
2744 1202 2921 1274 nobis]
2952 1203 3199 1275 Patrem;
3247 1204 3370 1276 Spi-

1801 1290 1936 1343 ritus
1968 1302 2186 1345 sanctns
2217 1292 2511 1345 secundum
2555 1293 2713 1347 aliam
2750 1294 3162 1363 signiticantiatn
3212 1312 3369 1365 para-

1793 1380 1983 1441 clettts.
2035 1381 2101 1435 ab
2138 1396 2204 1435 eo
2231 1384 2372 1450 quod
2411 1382 2721 1436 consolatur
2761 1384 2813 1437 in
2862 1385 3073 1438 tristitia
3138 1386 3365 1455 positos,

1794 1478 2132 1538 nuncupatus
2179 1480 2281 1524 est.
2344 1470 2541 1526 Verum
2582 1472 2687 1526 noli
2741 1488 2806 1528 ex
2853 1474 2973 1528 Filii
3018 1486 3073 1529 et
3132 1476 3365 1545 Spiritus

1792 1562 1963 1615 sancti
1994 1563 2307 1632 operatione
2330 1563 2567 1631 diversa,
2603 1565 2780 1620 varias
2812 1568 3086 1623 aestimare
3121 1578 3362 1623 naturas.

1794 1651 2069 1723 Siquidem
2102 1655 2155 1709 in
2190 1655 2295 1710 alio
2325 1656 2441 1712 loco
2475 1659 2742 1725 reperitur
2764 1659 3067 1729 paracletns
3106 1659 3364 1731 Spiritus,

1790 1743 1953 1815 legati
1981 1746 2047 1801 ad
2076 1746 2291 1801 Patrem
2320 1762 2547 1817 persona
2576 1749 2744 1821 fungi,
2772 1760 2829 1804 nt
2863 1752 2914 1805 in
2952 1752 3041 1808 illo
3086 1770 3099 1807 :
3155 1772 3173 1805 ε
3224 1754 3362 1820 Quid

1787 1838 1929 1892 enim
1957 1854 2176 1896 oremus
2198 1839 2355 1910 juxta
2385 1842 2436 1896 id
2472 1844 2614 1913 quod
2657 1855 2888 1914 Oportet,
2928 1847 3222 1913 nescimus,
3269 1848 3363 1902 sed

1787 1928 1900 1997 ipse
1928 1929 2162 2000 Spiritus
2194 1932 2499 2002 interpellat
2528 1951 2625 2004 pro
2660 1937 2813 1992 nobis
2834 1940 3122 2008 gemitibus
3154 1940 3364 1994 inenar-

1786 2019 2069 2076 rabilibus.
2102 2022 2202 2090 Qui
2230 2034 2409 2078 autem
2440 2035 2715 2081 scrutatur
2740 2031 2923 2094 corda,
2954 2030 3057 2085 scit
3103 2032 3232 2100 quid
3269 2031 3364 2087 de-

1785 2109 1983 2166 sideret
2034 2112 2288 2183 Spiritus,
2341 2118 2607 2185 quomodo
2671 2118 2771 2191 [αι.
2852 2120 2997 2195 cum]
3063 2123 3359 2178 secundum

1788 2200 1954 2257 Deum
1984 2206 2218 2271 postulat
2250 2223 2347 2276 pro
2369 2210 2570 2265 sanctis
2604 2209 2670 2265 ⁸³.
2707 2230 2727 2264 ι

1855 2293 1945 2349 28.
1983 2294 2232 2351 Salvator
2262 2312 2476 2367 quoque
2508 2300 2930 2357 consolationem
2959 2319 2987 2357 a
3020 2320 3124 2373 qua
3171 2306 3350 2374 Spiri-

1788 2389 1872 2435 tus
1900 2392 2120 2437 sanctns
2148 2385 2453 2454 paracletus
2485 2399 2820 2458 nuncupatus
2853 2402 2960 2459 est,
2988 2406 3247 2465 Operatur
3302 2399 3355 2454 in

1788 2472 2040 2527 cordibus
2062 2488 2248 2528 eorum
2267 2474 2357 2544 qui
2382 2489 2444 2529 ea
2466 2475 2727 2546 indigent.
2755 2479 3027 2550 Scriptum
3058 2496 3142 2539 est
3166 2486 3308 2540 enim
3338 2504 3356 2544 :

1793 2580 1812 2614 ι
1841 2563 1903 2617 Et
1930 2564 2159 2620 humiles
2188 2567 2365 2637 populi
2400 2569 2708 2626 consolatus
2733 2582 2816 2626 est
2838 2573 2904 2627 “.
2944 2593 2963 2626 ι
3003 2575 3151 2631 Unde
3177 2587 3229 2631 et
3270 2580 3356 2635 lns

1787 2655 1877 2723 qui
1902 2656 2003 2710 hoc
2034 2656 2351 2713 beneficium
2395 2659 2570 2714 fuerat
2607 2672 2951 2727 consecutus,
2998 2682 3118 2721 eum
3166 2670 3361 2737 przedi-

1788 2760 1941 2809 cans,
1976 2746 2296 2817 loquebatur
2327 2768 2342 2804 :
2388 2768 2406 2803 ι
2443 2751 2682 2820 Domine,
2719 2756 3010 2811 secundum
3066 2760 3361 2815 multitudi-

1788 2852 1909 2891 nem
1944 2838 2187 2894 dolorum
2221 2856 2459 2896 meorum
2497 2843 2549 2897 in
2577 2845 2738 2899 corde
2771 2863 2908 2913 meo,
2963 2851 3360 2907 consolationes

1790 2938 1894 2983 tua:
1920 2928 2321 2985 laetiﬁcavcrunt
2347 2948 2443 2987 cor
2467 2950 2642 2989 meum
2672 2936 2748 3001 ³⁹;
2786 2955 2804 2988 ι
2831 2939 2962 3003 sive,
3002 2957 3022 2991 ι
3058 2941 3362 2997 dilexerunt

1787 3020 2022 3073 animam
2057 3036 2229 3075 meam
2260 3021 2371 3093 (65)
2405 3041 2418 3077 :
2462 3041 2481 3077 ι
2516 3036 2747 3096 utroque
2779 3029 2921 3082 enim
2957 3030 3215 3100 scriptum
3239 3047 3361 3088 esse

131 3112 206 3179 qui
232 3116 404 3169 divina
443 3118 775 3171 chariswata
827 3116 1101 3171 consecuti
1147 3126 1291 3181 sunt,
1330 3132 1429 3170 vox
1482 3118 1753 3213 gratiasc
1789 3112 1948 3166 modo
2005 3112 2057 3166 in
2094 3113 2321 3168 diversis
2374 3117 2766 3186 exemplaribus
2798 3120 3092 3175 invenitur.
3139 3123 3244 3178 Sed
3304 3134 3360 3180 ct

134 3202 227 3257 Deo
263 3207 536 3274 perferens
592 3209 912 3262 destinatur.
947 3226 966 3260 ι
1022 3207 1151 3275 Quae
1199 3219 1379 3262 autem
1424 3209 1478 3262 in
1526 3209 1683 3264 cmlis

133 3305 258 3359 sunt,
304 3300 421 3367 quis
470 3299 850 3368 investigavit?
908 3300 1237 3355 voluntatem
1293 3314 1469 3353 autem
1538 3308 1680 3354 tuam

134 3387 237 3450 quis
262 3392 505 3457 cognovit
552 3408 568 3444 :
609 3392 710 3445 nisi
748 3392 889 3463 quod
925 3402 979 3445 tu
1022 3390 1212 3446 dedisti
1254 3390 1592 3460 sapientiam,
1630 3399 1685 3444 et

136 3474 365 3542 Spiritum
393 3491 642 3537 sanctum
668 3490 813 3535 tuum
842 3481 1035 3536 ntisisti
1074 3483 1139 3534 de
1187 3480 1448 3534 excelsis?
1500 3479 1564 3533 Et
1605 3480 1683 3534 sic

136 3580 362 3623 correctae
384 3585 509 3627 sunt
534 3574 741 3627 semita:
763 3588 971 3636 eorum,
989 3572 1078 3640 qui
1104 3582 1473 3640 superterram
1492 3582 1680 3626 erant:

137 3667 180 3707 et
208 3659 383 3726 placita
409 3666 500 3719 tibi
527 3666 706 3719 edocti
748 3674 873 3721 sunt
908 3665 1159 3720 homines
1203 3663 1268 3716 ⁸⁸.
1300 3681 1319 3714 ι
1347 3662 1410 3716 Et
1463 3664 1515 3715 in
1547 3676 1683 3730 prte-

138 3751 257 3803 senti
284 3754 543 3822 siquidem
581 3757 831 3820 lectione,
863 3772 968 3810 non
1011 3758 1122 3810 sola
1170 3754 1433 3823 sapientia
1467 3752 1581 3819 Dei,
1630 3754 1681 3807 id

138 3844 536 3914 est,unigenitus
564 3847 730 3902 Filius
749 3847 867 3918 ejus
897 3847 1058 3902 datur
1085 3861 1116 3900 a
1144 3845 1326 3912 Patre,
1359 3845 1454 3901 sed
1481 3856 1535 3900 et
1559 3845 1681 3916 Spi-

143 3932 256 3987 ritus
284 3949 490 3995 sanctus
520 3942 771 3995 mittitur.

213 4021 275 4080 Π.
300 4025 352 4081 lu
393 4030 509 4098 ipso
543 4048 756 4101 quoque
796 4030 1091 4103 Evangelio
1125 4029 1242 4084 dari
1294 4029 1617 4101 praedicatur
1652 4044 1681 4084 a

147 4112 296 4183 Patre,
321 4131 371 4175 et
400 4124 537 4179 mitti
572 4124 807 4191 Spiritus
832 4134 1077 4187 sanctus,
1110 4122 1391 4177 Salvatore
1421 4122 1632 4175 dicente
1665 4139 1678 4175 :

149 4220 164 4251 ί
194 4204 249 4259 Et
268 4224 356 4281 ego
384 4218 585 4285 rogabo
608 4214 823 4269 Patrem
858 4229 1056 4280 meum,
1089 4212 1321 4267 etalium
1346 4210 1681 4265 Paracletum

148 4294 270 4350 dabit
293 4302 451 4369 vobis,
481 4316 544 4361 ut
587 4306 658 4361 sit
698 4304 977 4359 vobiscum
1014 4304 1066 4356 in
1091 4312 1373 4367 aeternum,
1422 4300 1681 4369 Spiritum

148 4386 355 4445 veritatis
384 4393 457 4461 ³¹;
510 4414 528 4448 ι
568 4406 623 4450 et
655 4396 851 4450 iterum
892 4411 908 4449 :
947 4411 966 4445 ε
1012 4390 1323 4446 Paracletus
1357 4399 1536 4445 autem
1566 4388 1682 4459 Spi-

1786 3202 1962 3268 Pater,
2012 3205 2150 3260 Deus
2212 3207 2388 3261 omnis
2443 3210 2821 3266 consolationis
2875 3213 3070 3268 dicitur
3102 3214 3147 3246 “
3182 3234 3196 3271 :
3233 3231 3362 3271 con-

1784 3296 1964 3350 solans
2029 3312 2122 3352 eos
2166 3300 2254 3369 qui
2321 3300 2374 3354 in
2416 3302 2759 3356 tribulatione
2801 3315 2960 3371 sunt,
3012 3318 3067 3360 ut
3113 3322 3177 3361 ex
3233 3308 3361 3376 ipsis

1783 3389 2042 3457 angustiis
2091 3404 2187 3457 per
2240 3390 2551 3458 patientiam
2610 3392 2835 3446 salutem
2876 3396 3127 3463 primunt,
3164 3398 3359 3453 dehinc

1784 3493 2035 3532 coronant
2065 3479 2246 3549 gloriae.
2299 3493 2715 3551 consequantur.
2779 3481 3012 3550 Spiritus
3041 3486 3202 3554 igitur
3225 3502 3360 3541 con-

1783 3571 1982 3625 solator
2035 3580 2092 3626 et
2174 3583 2393 3628 sanctus
2427 3616 2441 3639 ,
2508 3586 2559 3629 et
2617 3576 2850 3644 Spiritus
2910 3578 3153 3633 veritatis
3203 3580 3361 3633 datur
3433 3589 3444 3600 ’

1783 3678 1811 3715 a
1846 3662 2025 3730 Patre,
2048 3672 2104 3718 ut
2129 3677 2346 3733 semper
2373 3680 2493 3719 cum
2522 3665 2719 3721 Christi
2754 3667 3031 3735 discipulis
3058 3684 3357 3723 commore-

1786 3763 1890 3821 tur,
1913 3769 2033 3809 cum
2056 3757 2251 3824 quibus
2274 3766 2328 3811 et
2355 3757 2468 3827 ipse
2499 3756 2748 3812 Salvator
2771 3768 2873 3823 est,
2898 3760 3080 3814 dicens
3106 3778 3120 3814 :
3158 3779 3177 3811 ‹
3219 3759 3359 3816 Ecce

1783 3847 1925 3901 enim
1958 3847 2235 3900 vobiscum
2262 3862 2378 3900 sum
2402 3862 2573 3916 usque
2603 3849 2668 3902 ad
2703 3851 3219 3905 consummationem
3252 3867 3356 3907 sae-

1782 3937 1886 3991 culi
1912 3937 1978 3990 ".
2018 3956 2037 3990 ι
2073 3937 2205 3991 Cum
2250 3949 2427 3992 autem
2475 3954 2689 4008 semper
2716 3940 2970 4009 apostolis
3017 3950 3071 3996 et
3125 3942 3357 4012 Spiritus

1783 4037 2002 4084 sanctus
2035 4030 2175 4084 adsit
2204 4029 2301 4102 [αΙ.
2336 4029 2575 4103 assistat]
2604 4042 2656 4085 et
2686 4032 2874 4096 Filius,
2911 4035 3176 4103 sequitur,
3221 4046 3277 4089 ttt
3303 4047 3357 4092 et

1781 4118 1943 4173 Pater
1969 4136 2089 4175 cum
2118 4120 2250 4189 ipsis
2286 4121 2379 4184 sit,
2406 4121 2529 4190 quia
2560 4124 2649 4191 qui
2680 4125 2867 4193 recipit
2905 4124 3118 4190 Filium,
3168 4128 3359 4195 recipit

1782 4220 1836 4265 et
1866 4209 2077 4264 Patrem
2111 4228 2126 4264 :
2161 4219 2215 4264 et
2260 4211 2590 4265 mansionem
2641 4210 2812 4268 Filius
2854 4228 2976 4269 cum
3027 4216 3188 4273 Patre
3230 4218 3359 4273 l'acit

1782 4302 1920 4370 apud
1950 4316 2063 4366 eos,
2099 4301 2187 4370 qui
2211 4300 2355 4371 digni
2382 4301 2615 4357 advequ
2642 4302 2758 4371 ejus
2787 4308 3113 4362 exstiterint.
3150 4306 3255 4362 Sed
3302 4318 3357 4363 et

1784 4392 1869 4446 ubi
1907 4392 2140 4461 Spiritus
2181 4402 2399 4447 sanctus
2431 4392 2611 4461 fuerit,
2659 4395 2842 4449 statim
2881 4397 3148 4453 invenitur
3176 4409 3230 4454 et
3264 4399 3357 4454 Fi-

152 4473 259 4530 ritus
282 4495 507 4553 sanctus,
540 4502 698 4557 quem
737 4488 915 4541 mittet
946 4484 1109 4539 Pater
1166 4483 1219 4537 in
1262 4483 1476 4536 nomine
1520 4495 1676 4547 meo,
1712 4518 1756 4572 ι)
1784 4483 1905 4536 lius.
1952 4483 2229 4553 Siquidem
2264 4496 2383 4537 cum
2436 4483 2488 4537 in
2542 4485 2817 4554 prophetis
2866 4486 3099 4556 Spiritus
3140 4500 3360 4543 sam-tus

151 4562 220 4619 ille
242 4583 324 4626 vos
353 4576 561 4633 docebit
592 4579 772 4633 omnia
812 4578 878 4632 ³³.
911 4595 930 4629 ι
963 4576 1094 4630 Nam
1120 4582 1174 4630 et
1208 4575 1259 4628 in
1292 4574 1374 4629 his
1413 4573 1678 4629 sermoni-

150 4653 250 4723 bus,
278 4662 426 4720 alium
457 4669 791 4739 paracletutn
834 4669 963 4723 dare
1003 4666 1200 4721 dicitur
1232 4664 1414 4727 Pater,
1450 4677 1554 4717 non
1591 4678 1681 4715 au-

152 4754 237 4802 tem
272 4754 420 4812 alium
448 4763 515 4817 ab
551 4760 698 4835 [ηιεε.
725 4758 950 4831 absque]
979 4772 1065 4823 eo,
1098 4758 1189 4829 qui
1214 4772 1243 4811 a
1274 4757 1410 4811 Filio
1431 4755 1685 4821 mittitur,

1778 4574 1875 4639 sit,
1916 4574 2120 4630 faciens
2176 4588 2270 4628 eos
2301 4574 2478 4629 futura
2516 4578 2832 4645 praecinere,
2863 4587 2919 4631 et
2951 4578 3052 4631 alia
3087 4594 3207 4647 quae
3243 4595 3361 4647 pro-

1786 4665 2014 4735 phetalis
2043 4666 2377 4734 operationis
2402 4678 2547 4730 sunt,
2586 4682 2765 4722 sermo
2795 4666 2885 4721 Dei
2916 4669 2981 4721 ad
3014 4682 3108 4722 eos
3159 4670 3359 4724 dicitur

1794 4754 1987 4819 factus,
2018 4766 2078 4810 ut
2097 4756 2164 4810 ad
2182 4756 2235 4810 id
2255 4756 2399 4825 quod
2418 4758 2483 4810 ad
2499 4758 2940 4811 consuetudinem
2970 4759 3355 4827 prophetarum

208 4876 410 4953 ﬁloan.
444 4905 531 4952 xv,
557 4892 649 4945 26.
726 4890 772 4921 ³³
810 4892 967 4943 Juan.
1026 4902 1138 4953 xiv,
1192 4888 1282 4942 10.
1357 4887 1404 4918 ’⁸
1441 4884 1601 4939 Joan.
1654 4901 1679 4939 ι

1904 4885 1949 4917 ⁸⁷
1984 4883 2140 4953 Joan.
2188 4902 2279 4950 xv,
2342 4887 2435 4942 26.
2512 4890 2560 4920 "
2597 4889 2754 4945 Joan.
2782 4903 2881 4951 xtl.
2912 4888 3001 4944 49.
3075 4889 3120 4920 ”
3160 4888 3176 4941 l
3213 4890 3354 4945 Petr.

153 4947 387 5028 ultr”
426 4947 547 5028 sap.
591 4976 664 5024 Ix,
728 4959 815 5013 17.
891 4959 934 4989 ³⁸
975 4947 1134 5011 ιιοθηξ
1187 4971 1297 5028 xlv,
1355 4954 1441 5028 16.
1478 4955 1583 5028 __"_
1612 4956 1679 5008 ibi

1853 4996 1862 5009 .
1939 4952 2203 5028 {{'__Joan.
2241 4947 2328 5020 xv,
2374 4956 2589 5028 '26._“
2627 4958 2783 5015 Rom.
2836 4947 2952 5025 vin,
3010 4957 3103 5012 26.
3180 4959 3227 4991 “
3264 4961 3356 5015 Ps.

154 5028 263 5081 xvn,
290 5022 382 5089 28;
416 5022 611 5097 uim,
647 5022 733 5085 l9.
809 5029 853 5061 ³⁸
890 5028 1205 5091 Psal.xcut,
1230 5026 1318 5082 i9.
1392 5025 1437 5057 ³⁸
1478 5023 1517 5078 Il
1543 5023 1669 5079 Cor.

1853 5061 1869 5078 .
1945 5024 2199 5080 "Matth.
2233 5041 2428 5093 xxvm,
2458 5026 2551 5083 20.

211 5130 473 5215 (“iidem
498 5162 620 5202 cutn
649 5144 821 5201 veteri
845 5145 1001 5212 edit.,
1044 5124 1064 5196 ὲ
1096 5142 1478 5215 proprietatem
1504 5139 1682 5198 Patris

153 5204 511 5280 Elimellectum
546 5215 817 5280 Parentis,
852 5233 871 5266 ι
912 5204 1022 5269 θιέο

1782 5140 2127 5212 νίιίοηηιῃιιιε
2156 5149 2274 5195 erat
2297 5140 2518 5211 hujusce
2554 5143 2757 5212 periodi
2791 5157 2995 5198 sensus.

1851 5210 1965 5278 (65)
1996 5211 2240 5274 Tholos.,
2278 5230 2297 5264 ι
2336 5210 2387 5265 in
2422 5210 2585 5267 corde
2618 5228 2757 5277 meo,
2799 5211 3203 5268 exhortationes
3255 5222 3358 5268 tua:

214 5271 304 5341 (55)
333 5278 523 5349 l'sthtcc,
560 5304 578 5337 ι
608 5287 746 5339 sicut
792 5271 1136 5338 manifestum
1163 5296 1282 5337 esse
1296 5280 1679 5351 poteritei,qui
1776 5271 2184 5339 delectaverunt
2210 5271 2448 5335 animam
2479 5295 2675 5338 meam.
2712 5271 2775 5338 Et
2815 5284 2995 5347 aliter,
3024 5286 3357 5338 consolatio-

158 5344 303 5424 ῬΨΨ,
332 5344 599 5424 Perleget'it
653 5356 853 5416 locum,
896 5372 917 5407 ι
947 5354 1000 5407 in
1047 5353 1180 5423 Reg.
1240 5344 1339 5424 llt‘s.
1369 5344 1681 5424 desideran-

1778 5367 1874 5403 nes
1914 5359 2039 5413 tute,
2083 5368 2101 5402 ι
2154 5360 2262 5405 etc.
2308 5351 2584 5407 Glossema
2629 5368 2694 5407 ex
2749 5354 3060 5408 criticorutn
3113 5354 3355 5410 audacia.

159 5412 241 5491 ξιιτυ
268 5412 369 5469 Mox
398 5412 492 5475 ex"
516 5424 685 5479 Vatic.
725 5435 782 5478 et
813 5412 979 5477 veteri
1009 5412 1156 5478 edit:
1175 5423 1396 5475 restituo
1450 5442 1468 5471 ι
1504 5420 1678 5489 Spiri-
1777 5412 2057 5491 Lectionis
2088 5434 2245 5488 quam
2276 5420 2533 5491 Didymus
2564 5430 2719 5490 urget
2765 5424 3052 5477 diversitas
3097 5422 3147 5475 in
3184 5424 3360 5477 verbis

161 5484 439 5562 _“_’_m_8t{um;
468 5511 486 5545 ι
519 5494 673 5561 cujus
700 5494 817 5549 loco
858 5494 1132 5548 obtinebat
1185 5493 1237 5546 in
1290 5500 1439 5545 recto
1483 5484 1671 5544 contra

160 5557 605 5632 "“?‘l9fi§tttetttettt
650 5582 667 5614 ι
708 5562 945 5632 Spiritus
971 5563 1108 5632 eius.
1142 5580 1161 5612 ι

215 5618 306 5701 (Ψ)
336 5623 453 5683 Erat
472 5644 624 5686 antea
658 5651 676 5684 t
701 5618 768 5687 ei
793 5647 922 5701 qua,
946 5650 966 5682 ›
998 5618 1135 5701 Reg.
1167 5644 1291 5701 ms.,
1321 5646 1339 5679 ι
1361 5639 1414 5683 et
1441 5628 1624 5701 quasi.
1646 5647 1665 5680 ι

163 5675 686 5776 Iliade,133735.
702 5675 768 5754 ’ζ’
792 5675 922 5776 iiii:
946 5675 1135 5776 ίεῖἷὲἵ
1168 5675 1291 5776 ’ὂῖξ
1324 5675 1414 5752 ὶιῖ
1436 5675 1669 5776 ﬁliai;

164 5764 282 5810 Itum.
312 5763 390 5820 l9.
420 5763 652 5827 Emendo
690 5773 895 5840 pariter
954 5763 1461 5841 inlerpunctionetn,
1517 5768 1668 5836 cujus

1782 5500 1883 5552 est,
1914 5507 1932 5539 α
1961 5490 2389 5554 laatilicaverunt,
2424 5510 2442 5542 ι
2476 5499 2531 5545 et
2580 5509 2598 5541 ι
2630 5493 2951 5546 dilexerunt.
2981 5510 2999 5542 ι
3054 5492 3129 5546 Re
3177 5501 3357 5545 autent

1781 5575 1907 5614 vera
1944 5557 2115 5633 Graeci
2145 5560 2349 5633 aliquot
2380 5561 2498 5613 libri
2526 5561 2733 5633 habent
2757 5562 3074 5633 ἠγάπησαν,
3115 5580 3132 5611 ι
3156 5563 3359 5633 dilexe-

1782 5640 1927 5709 runt,
1955 5648 1973 5681 ι
2010 5630 2100 5684 alii
2139 5628 2435 5702 ebgo'pavav,
2471 5647 2490 5682 ι
2522 5628 2945 5699 laztilicavcrunt,
2982 5649 3002 5681 ι
3065 5640 3124 5685 ut
3156 5632 3208 5685 in
3247 5628 3355 5683 La-

1784 5709 1929 5755 lllllS.
