  <div class='ocr_page' id='page_1' title='image "/cluster/home/n/w/nwhite01/storage/ocr_20150623/39/hvd.32044019207778/537.png"; bbox 0 0 3758 6312; ppageno 0'>
   <div class='ocr_carea' id='block_1_1' title="bbox 415 317 3661 387">
    <p class='ocr_par' dir='ltr' id='par_1_1' title="bbox 415 317 3661 387">
     <span class='ocr_line' id='line_1_1' title="bbox 415 317 3661 387; baseline 0.005 -15"><span class='ocrx_word' id='word_1_1' title='bbox 415 317 553 373; x_wconf 74' lang='grc'><strong>1059</strong></span> <span class='ocrx_word' id='word_1_2' title='bbox 1675 318 1903 374; x_wconf 81' lang='lat' dir='ltr'><strong>DIDYMI</strong></span> <span class='ocrx_word' id='word_1_3' title='bbox 1943 321 2410 379; x_wconf 76' lang='lat' dir='ltr'><strong>ALEXANDRINI</strong></span> <span class='ocrx_word' id='word_1_4' title='bbox 3524 335 3661 387; x_wconf 60' lang='lat' dir='ltr'><strong>suae</strong></span> 
     </span>
    </p>
   </div>
   <div class='ocr_carea' id='block_1_2' title="bbox 412 432 3660 516">
    <p class='ocr_par' dir='ltr' id='par_1_2' title="bbox 412 432 3660 516">
     <span class='ocr_line' id='line_1_2' title="bbox 412 432 3660 516; baseline 0.004 -25"><span class='ocrx_word' id='word_1_5' title='bbox 412 446 494 492; x_wconf 87' lang='lat' dir='ltr'><strong>est</strong></span> <span class='ocrx_word' id='word_1_6' title='bbox 523 434 655 504; x_wconf 82' lang='lat'><strong>(66),</strong></span> <span class='ocrx_word' id='word_1_7' title='bbox 688 454 706 485; x_wconf 70' lang='grc' dir='ltr'>α</span> <span class='ocrx_word' id='word_1_8' title='bbox 735 432 861 488; x_wconf 63' lang='lat' dir='ltr'><strong>Haec</strong></span> <span class='ocrx_word' id='word_1_9' title='bbox 888 432 1311 501; x_wconf 85' lang='lat' dir='ltr'><strong>dicitDominus,</strong></span> <span class='ocrx_word' id='word_1_10' title='bbox 1345 454 1363 488; x_wconf 75' lang='grc' dir='ltr'><strong>ι</strong></span> <span class='ocrx_word' id='word_1_11' title='bbox 1384 438 1547 491; x_wconf 83' lang='lat' dir='ltr'><strong>etiam</strong></span> <span class='ocrx_word' id='word_1_12' title='bbox 1578 438 1701 493; x_wconf 91' lang='lat' dir='ltr'><strong>illud</strong></span> <span class='ocrx_word' id='word_1_13' title='bbox 1730 440 1977 504; x_wconf 79' lang='lat' dir='ltr'><strong>addatur,</strong></span> <span class='ocrx_word' id='word_1_14' title='bbox 2009 448 2056 502; x_wconf 75' lang='grc' dir='ltr'>Α</span> <span class='ocrx_word' id='word_1_15' title='bbox 2083 442 2227 497; x_wconf 90' lang='lat' dir='ltr'><strong>Patri</strong></span> <span class='ocrx_word' id='word_1_16' title='bbox 2266 446 2439 499; x_wconf 79' lang='lat' dir='ltr'><strong>aufert</strong></span> <span class='ocrx_word' id='word_1_17' title='bbox 2472 444 2912 510; x_wconf 80' lang='lat' dir='ltr'><strong>dominationem,</strong></span> <span class='ocrx_word' id='word_1_18' title='bbox 2959 462 3131 516; x_wconf 87' lang='lat' dir='ltr'><strong>neque</strong></span> <span class='ocrx_word' id='word_1_19' title='bbox 3179 447 3316 502; x_wconf 85' lang='lat' dir='ltr'><strong>Filio</strong></span> <span class='ocrx_word' id='word_1_20' title='bbox 3347 448 3612 503; x_wconf 79' lang='lat' dir='ltr'><strong>deitatem</strong></span> <span class='ocrx_word' id='word_1_21' title='bbox 3644 472 3660 505; x_wconf 87' lang='lat'><strong><em>:</em></strong></span> 
     </span>
    </p>
   </div>
   <div class='ocr_carea' id='block_1_3' title="bbox 420 526 3663 609">
    <p class='ocr_par' dir='ltr' id='par_1_3' title="bbox 420 526 3663 609">
     <span class='ocr_line' id='line_1_3' title="bbox 420 526 3663 609; baseline 0.005 -30"><span class='ocrx_word' id='word_1_22' title='bbox 420 547 439 579; x_wconf 77' lang='grc' dir='ltr'><strong>ι</strong></span> <span class='ocrx_word' id='word_1_23' title='bbox 472 527 663 581; x_wconf 90' lang='lat' dir='ltr'><strong>Sermo</strong></span> <span class='ocrx_word' id='word_1_24' title='bbox 705 526 795 595; x_wconf 85' lang='lat' dir='ltr'><strong>qui</strong></span> <span class='ocrx_word' id='word_1_25' title='bbox 838 526 1012 581; x_wconf 84' lang='lat' dir='ltr'><strong>factus</strong></span> <span class='ocrx_word' id='word_1_26' title='bbox 1054 537 1136 581; x_wconf 88' lang='lat' dir='ltr'><strong>est</strong></span> <span class='ocrx_word' id='word_1_27' title='bbox 1178 528 1245 583; x_wconf 86' lang='lat' dir='ltr'><strong>ad</strong></span> <span class='ocrx_word' id='word_1_28' title='bbox 1289 527 1503 594; x_wconf 87' lang='lat' dir='ltr'><strong>lsaiam,</strong></span> <span class='ocrx_word' id='word_1_29' title='bbox 1551 548 1570 581; x_wconf 76' lang='grc' dir='ltr'><strong>ι</strong></span> <span class='ocrx_word' id='word_1_30' title='bbox 1612 531 1725 585; x_wconf 87' lang='lat' dir='ltr'><strong>sive</strong></span> <span class='ocrx_word' id='word_1_31' title='bbox 1754 534 1819 586; x_wconf 89' lang='lat' dir='ltr'><strong>ad</strong></span> <span class='ocrx_word' id='word_1_32' title='bbox 1854 533 1981 587; x_wconf 87' lang='lat' dir='ltr'><strong>reli-</strong></span> <span class='ocrx_word' id='word_1_33' title='bbox 2082 537 2344 606; x_wconf 86' lang='lat' dir='ltr'><strong>siquidem</strong></span> <span class='ocrx_word' id='word_1_34' title='bbox 2395 538 2502 607; x_wconf 83' lang='lat'><strong>(70)</strong></span> <span class='ocrx_word' id='word_1_35' title='bbox 2552 540 2737 594; x_wconf 87' lang='lat' dir='ltr'><strong>eadem</strong></span> <span class='ocrx_word' id='word_1_36' title='bbox 2788 541 2999 595; x_wconf 89' lang='lat' dir='ltr'><strong>ratione</strong></span> <span class='ocrx_word' id='word_1_37' title='bbox 3036 556 3139 609; x_wconf 91' lang='lat' dir='ltr'><strong>qua</strong></span> <span class='ocrx_word' id='word_1_38' title='bbox 3200 540 3359 595; x_wconf 78' lang='lat' dir='ltr'><strong>Pater</strong></span> <span class='ocrx_word' id='word_1_39' title='bbox 3391 543 3663 596; x_wconf 82' lang='lat' dir='ltr'><strong>Dominus</strong></span> 
     </span>
    </p>
   </div>
   <div class='ocr_carea' id='block_1_4' title="bbox 414 628 3661 702">
    <p class='ocr_par' dir='ltr' id='par_1_4' title="bbox 414 628 3661 702">
     <span class='ocr_line' id='line_1_4' title="bbox 414 628 3661 702; baseline 0.005 -31"><span class='ocrx_word' id='word_1_40' title='bbox 414 635 569 688; x_wconf 90' lang='lat' dir='ltr'><strong>quos.</strong></span> <span class='ocrx_word' id='word_1_41' title='bbox 2080 637 2162 681; x_wconf 89' lang='lat' dir='ltr'><strong>est</strong></span> <span class='ocrx_word' id='word_1_42' title='bbox 2189 645 2203 681; x_wconf 89' lang='lat'><strong>:</strong></span> <span class='ocrx_word' id='word_1_43' title='bbox 2233 628 2341 681; x_wconf 90' lang='lat' dir='ltr'><strong>etF</strong></span> <span class='ocrx_word' id='word_1_44' title='bbox 2348 628 2470 682; x_wconf 89' lang='lat' dir='ltr'><strong>ilius</strong></span> <span class='ocrx_word' id='word_1_45' title='bbox 2503 628 2643 683; x_wconf 87' lang='lat' dir='ltr'><strong>Deus</strong></span> <span class='ocrx_word' id='word_1_46' title='bbox 2674 641 2755 684; x_wconf 82' lang='lat' dir='ltr'><strong>est</strong></span> <span class='ocrx_word' id='word_1_47' title='bbox 2797 650 2810 685; x_wconf 92' lang='lat'><strong>:</strong></span> <span class='ocrx_word' id='word_1_48' title='bbox 2837 632 2914 686; x_wconf 90' lang='lat' dir='ltr'><strong>sic</strong></span> <span class='ocrx_word' id='word_1_49' title='bbox 2943 642 2996 686; x_wconf 89' lang='lat' dir='ltr'><strong>et</strong></span> <span class='ocrx_word' id='word_1_50' title='bbox 3030 632 3261 702; x_wconf 81' lang='lat' dir='ltr'><strong>Spiritus</strong></span> <span class='ocrx_word' id='word_1_51' title='bbox 3294 643 3531 687; x_wconf 84' lang='lat' dir='ltr'><strong>sanctus</strong></span> <span class='ocrx_word' id='word_1_52' title='bbox 3564 632 3661 686; x_wconf 82' lang='lat' dir='ltr'><strong>Do-</strong></span> 
     </span>
    </p>
   </div>
   <div class='ocr_carea' id='block_1_5' title="bbox 483 707 3660 791">
    <p class='ocr_par' dir='ltr' id='par_1_5' title="bbox 483 707 3660 791">
     <span class='ocr_line' id='line_1_5' title="bbox 483 707 3660 791; baseline 0.004 -29"><span class='ocrx_word' id='word_1_53' title='bbox 483 709 573 762; x_wconf 74' lang='lat'><strong>29.</strong></span> <span class='ocrx_word' id='word_1_54' title='bbox 600 709 752 775; x_wconf 89' lang='lat' dir='ltr'><strong>Quod</strong></span> <span class='ocrx_word' id='word_1_55' title='bbox 795 716 973 761; x_wconf 88' lang='lat' dir='ltr'><strong>autem</strong></span> <span class='ocrx_word' id='word_1_56' title='bbox 1015 707 1289 777; x_wconf 63' lang='lat' dir='ltr'><strong>prophetae</strong></span> <span class='ocrx_word' id='word_1_57' title='bbox 1322 708 1579 777; x_wconf 89' lang='lat' dir='ltr'><strong>Spiritum</strong></span> <span class='ocrx_word' id='word_1_58' title='bbox 1604 718 1851 765; x_wconf 88' lang='lat' dir='ltr'><strong>sanctum</strong></span> <span class='ocrx_word' id='word_1_59' title='bbox 1883 711 1980 765; x_wconf 66' lang='grc' dir='ltr'><strong>ιω-</strong></span> <span class='ocrx_word' id='word_1_60' title='bbox 2082 717 2259 771; x_wconf 91' lang='lat' dir='ltr'><strong>minus</strong></span> <span class='ocrx_word' id='word_1_61' title='bbox 2282 728 2635 787; x_wconf 86' lang='lat' dir='ltr'><strong>nuncupatur.</strong></span> <span class='ocrx_word' id='word_1_62' title='bbox 2668 719 2723 773; x_wconf 90' lang='lat' dir='ltr'><strong>Si</strong></span> <span class='ocrx_word' id='word_1_63' title='bbox 2752 732 2928 775; x_wconf 91' lang='lat' dir='ltr'><strong>autem</strong></span> <span class='ocrx_word' id='word_1_64' title='bbox 2955 721 3230 789; x_wconf 86' lang='lat' dir='ltr'><strong>Dominus,</strong></span> <span class='ocrx_word' id='word_1_65' title='bbox 3250 732 3660 791; x_wconf 80' lang='lat' dir='ltr'><strong>consequenter</strong></span> 
     </span>
    </p>
   </div>
   <div class='ocr_carea' id='block_1_6' title="bbox 412 799 3655 881">
    <p class='ocr_par' dir='ltr' id='par_1_6' title="bbox 412 799 3655 881">
     <span class='ocr_line' id='line_1_6' title="bbox 412 799 3655 881; baseline 0.004 -27"><span class='ocrx_word' id='word_1_66' title='bbox 412 800 650 863; x_wconf 85' lang='lat' dir='ltr'><strong>buerint,</strong></span> <span class='ocrx_word' id='word_1_67' title='bbox 688 800 794 852; x_wconf 89' lang='lat' dir='ltr'><strong>Deo</strong></span> <span class='ocrx_word' id='word_1_68' title='bbox 832 799 1118 855; x_wconf 78' lang='lat' dir='ltr'><strong>manifeste</strong></span> <span class='ocrx_word' id='word_1_69' title='bbox 1171 800 1425 869; x_wconf 89' lang='lat' dir='ltr'><strong>loquente</strong></span> <span class='ocrx_word' id='word_1_70' title='bbox 1471 803 1865 869; x_wconf 80' lang='lat' dir='ltr'><strong>cognoscimus.</strong></span> <span class='ocrx_word' id='word_1_71' title='bbox 1888 804 1982 856; x_wconf 83' lang='lat' dir='ltr'><strong>Ait</strong></span> <span class='ocrx_word' id='word_1_72' title='bbox 2079 815 2132 859; x_wconf 89' lang='lat' dir='ltr'><strong>et</strong></span> <span class='ocrx_word' id='word_1_73' title='bbox 2168 807 2327 871; x_wconf 90' lang='lat' dir='ltr'><strong>Deus,</strong></span> <span class='ocrx_word' id='word_1_74' title='bbox 2372 819 2429 862; x_wconf 93' lang='lat' dir='ltr'><strong>ut</strong></span> <span class='ocrx_word' id='word_1_75' title='bbox 2464 810 2621 877; x_wconf 88' lang='lat' dir='ltr'><strong>paulo</strong></span> <span class='ocrx_word' id='word_1_76' title='bbox 2670 822 2795 865; x_wconf 90' lang='lat' dir='ltr'><strong>ante</strong></span> <span class='ocrx_word' id='word_1_77' title='bbox 2840 812 2952 881; x_wconf 86' lang='lat' dir='ltr'><strong>jam</strong></span> <span class='ocrx_word' id='word_1_78' title='bbox 2989 813 3245 875; x_wconf 80' lang='lat' dir='ltr'><strong>diximus,</strong></span> <span class='ocrx_word' id='word_1_79' title='bbox 3288 828 3415 867; x_wconf 85' lang='lat' dir='ltr'><strong>cum</strong></span> <span class='ocrx_word' id='word_1_80' title='bbox 3472 828 3655 867; x_wconf 78' lang='lat' dir='ltr'><strong>vocem</strong></span> 
     </span>
    </p>
   </div>
   <div class='ocr_carea' id='block_1_7' title="bbox 413 890 3663 970">
    <p class='ocr_par' dir='ltr' id='par_1_7' title="bbox 413 890 3663 970">
     <span class='ocr_line' id='line_1_7' title="bbox 413 890 3663 970; baseline 0.004 -25"><span class='ocrx_word' id='word_1_81' title='bbox 413 893 555 946; x_wconf 91' lang='lat' dir='ltr'><strong>enim</strong></span> <span class='ocrx_word' id='word_1_82' title='bbox 587 910 600 943; x_wconf 93' lang='lat'>:</span> <span class='ocrx_word' id='word_1_83' title='bbox 639 908 657 941; x_wconf 77' lang='grc' dir='ltr'><strong>ι</strong></span> <span class='ocrx_word' id='word_1_84' title='bbox 690 890 1031 956; x_wconf 70' lang='lat' dir='ltr'><strong>Quaecunque</strong></span> <span class='ocrx_word' id='word_1_85' title='bbox 1065 892 1311 944; x_wconf 80' lang='lat' dir='ltr'><strong>mandavi</strong></span> <span class='ocrx_word' id='word_1_86' title='bbox 1360 891 1412 943; x_wconf 93' lang='lat' dir='ltr'><strong>in</strong></span> <span class='ocrx_word' id='word_1_87' title='bbox 1442 891 1642 959; x_wconf 86' lang='lat' dir='ltr'><strong>Spiritu</strong></span> <span class='ocrx_word' id='word_1_88' title='bbox 1669 908 1787 946; x_wconf 91' lang='lat' dir='ltr'><strong>meo</strong></span> <span class='ocrx_word' id='word_1_89' title='bbox 1812 894 1979 948; x_wconf 84' lang='lat' dir='ltr'><strong>servis</strong></span> <span class='ocrx_word' id='word_1_90' title='bbox 2081 897 2306 965; x_wconf 84' lang='lat' dir='ltr'><strong>apostoli</strong></span> <span class='ocrx_word' id='word_1_91' title='bbox 2340 896 2479 952; x_wconf 87' lang='lat' dir='ltr'><strong>Petri</strong></span> <span class='ocrx_word' id='word_1_92' title='bbox 2509 901 2576 953; x_wconf 89' lang='lat' dir='ltr'><strong>ad</strong></span> <span class='ocrx_word' id='word_1_93' title='bbox 2606 902 2891 969; x_wconf 82' lang='lat' dir='ltr'><strong>Ananiam,</strong></span> <span class='ocrx_word' id='word_1_94' title='bbox 2932 903 3019 970; x_wconf 89' lang='lat' dir='ltr'><strong>qui</strong></span> <span class='ocrx_word' id='word_1_95' title='bbox 3051 905 3336 970; x_wconf 84' lang='lat' dir='ltr'><strong>pecuniam</strong></span> <span class='ocrx_word' id='word_1_96' title='bbox 3370 905 3663 957; x_wconf 73' lang='lat' dir='ltr'><strong>subtraxe-</strong></span> 
     </span>
    </p>
   </div>
   <div class='ocr_carea' id='block_1_8' title="bbox 413 981 3660 1064">
    <p class='ocr_par' dir='ltr' id='par_1_8' title="bbox 413 981 3660 1064">
     <span class='ocr_line' id='line_1_8' title="bbox 413 981 3660 1064; baseline 0.003 -26"><span class='ocrx_word' id='word_1_97' title='bbox 413 985 547 1038; x_wconf 90' lang='lat' dir='ltr'><strong>meis</strong></span> <span class='ocrx_word' id='word_1_98' title='bbox 580 983 855 1053; x_wconf 88' lang='lat' dir='ltr'><strong>prophetis</strong></span> <span class='ocrx_word' id='word_1_99' title='bbox 878 982 942 1033; x_wconf 83' lang='grc'><strong>³⁸.</strong></span> <span class='ocrx_word' id='word_1_100' title='bbox 985 1000 1005 1032; x_wconf 72' lang='grc' dir='ltr'><strong>ι</strong></span> <span class='ocrx_word' id='word_1_101' title='bbox 1040 981 1105 1035; x_wconf 83' lang='lat' dir='ltr'><strong>Et</strong></span> <span class='ocrx_word' id='word_1_102' title='bbox 1132 982 1381 1037; x_wconf 87' lang='lat' dir='ltr'><strong>Salvator</strong></span> <span class='ocrx_word' id='word_1_103' title='bbox 1402 985 1452 1038; x_wconf 92' lang='lat' dir='ltr'><strong>in</strong></span> <span class='ocrx_word' id='word_1_104' title='bbox 1486 985 1773 1056; x_wconf 81' lang='lat' dir='ltr'><strong>Evangelia</strong></span> <span class='ocrx_word' id='word_1_105' title='bbox 1807 989 1978 1057; x_wconf 88' lang='lat' dir='ltr'><strong>sigui-</strong></span> <span class='ocrx_word' id='word_1_106' title='bbox 2080 995 2185 1048; x_wconf 88' lang='lat' dir='ltr'><strong>rat,</strong></span> <span class='ocrx_word' id='word_1_107' title='bbox 2218 1001 2557 1053; x_wconf 88' lang='lat' dir='ltr'><strong>puneremus,</strong></span> <span class='ocrx_word' id='word_1_108' title='bbox 2587 991 2710 1057; x_wconf 87' lang='lat' dir='ltr'><strong>quia</strong></span> <span class='ocrx_word' id='word_1_109' title='bbox 2739 1000 2791 1045; x_wconf 93' lang='lat' dir='ltr'><strong>et</strong></span> <span class='ocrx_word' id='word_1_110' title='bbox 2818 991 2987 1045; x_wconf 86' lang='lat' dir='ltr'><strong>deitas</strong></span> <span class='ocrx_word' id='word_1_111' title='bbox 3019 992 3120 1063; x_wconf 83' lang='grc' dir='ltr'><strong>[αι.</strong></span> <span class='ocrx_word' id='word_1_112' title='bbox 3155 992 3445 1064; x_wconf 84' lang='lat' dir='ltr'><strong>divinitas]</strong></span> <span class='ocrx_word' id='word_1_113' title='bbox 3472 1010 3660 1063; x_wconf 81' lang='lat' dir='ltr'><strong>super-</strong></span> 
     </span>
    </p>
   </div>
   <div class='ocr_carea' id='block_1_9' title="bbox 412 1076 2940 1148">
    <p class='ocr_par' dir='ltr' id='par_1_9' title="bbox 412 1076 2940 1148">
     <span class='ocr_line' id='line_1_9' title="bbox 412 1076 2940 1148; baseline 0.003 -20"><span class='ocrx_word' id='word_1_114' title='bbox 412 1076 537 1130; x_wconf 80' lang='lat' dir='ltr'><strong>ficat</strong></span> <span class='ocrx_word' id='word_1_115' title='bbox 562 1076 733 1145; x_wconf 87' lang='lat' dir='ltr'><strong>justos</strong></span> <span class='ocrx_word' id='word_1_116' title='bbox 757 1076 919 1142; x_wconf 87' lang='lat' dir='ltr'><strong>viros,</strong></span> <span class='ocrx_word' id='word_1_117' title='bbox 948 1083 1001 1129; x_wconf 88' lang='lat' dir='ltr'><strong>et</strong></span> <span class='ocrx_word' id='word_1_118' title='bbox 1050 1089 1144 1130; x_wconf 86' lang='lat' dir='ltr'><strong>eos</strong></span> <span class='ocrx_word' id='word_1_119' title='bbox 1182 1077 1271 1144; x_wconf 92' lang='lat' dir='ltr'><strong>qui</strong></span> <span class='ocrx_word' id='word_1_120' title='bbox 1329 1085 1455 1130; x_wconf 90' lang='lat' dir='ltr'><strong>ante</strong></span> <span class='ocrx_word' id='word_1_121' title='bbox 1493 1078 1780 1131; x_wconf 89' lang='lat' dir='ltr'><strong>adventum</strong></span> <span class='ocrx_word' id='word_1_122' title='bbox 1820 1094 1976 1132; x_wconf 83' lang='lat' dir='ltr'><strong>suum</strong></span> <span class='ocrx_word' id='word_1_123' title='bbox 2080 1076 2393 1146; x_wconf 81' lang='lat' dir='ltr'><strong>intelligitur</strong></span> <span class='ocrx_word' id='word_1_124' title='bbox 2418 1079 2472 1133; x_wconf 92' lang='lat' dir='ltr'><strong>in</strong></span> <span class='ocrx_word' id='word_1_125' title='bbox 2502 1079 2701 1148; x_wconf 88' lang='lat' dir='ltr'><strong>Spiritu</strong></span> <span class='ocrx_word' id='word_1_126' title='bbox 2733 1092 2940 1136; x_wconf 91' lang='lat' dir='ltr'><strong>sancto.</strong></span> 
     </span>
    </p>
   </div>
   <div class='ocr_carea' id='block_1_10' title="bbox 409 1166 1979 1242">
    <p class='ocr_par' dir='ltr' id='par_1_10' title="bbox 409 1166 1979 1242">
     <span class='ocr_line' id='line_1_10' title="bbox 409 1166 1979 1242; baseline 0.003 -23"><span class='ocrx_word' id='word_1_127' title='bbox 409 1168 606 1236; x_wconf 89' lang='lat' dir='ltr'><strong>populo</strong></span> <span class='ocrx_word' id='word_1_128' title='bbox 634 1178 855 1221; x_wconf 88' lang='lat' dir='ltr'><strong>ventura</strong></span> <span class='ocrx_word' id='word_1_129' title='bbox 886 1168 1193 1221; x_wconf 89' lang='lat' dir='ltr'><strong>cecinerant</strong></span> <span class='ocrx_word' id='word_1_130' title='bbox 1229 1166 1382 1238; x_wconf 73' lang='grc' dir='ltr'><strong>[ναι.</strong></span> <span class='ocrx_word' id='word_1_131' title='bbox 1417 1170 1814 1242; x_wconf 66' lang='lat' dir='ltr'><strong>praecinerant].</strong></span> <span class='ocrx_word' id='word_1_132' title='bbox 1859 1171 1979 1238; x_wconf 91' lang='lat' dir='ltr'><strong>Spi-</strong></span> 
     </span>
    </p>
   </div>
   <div class='ocr_carea' id='block_1_11' title="bbox 411 1258 3654 1333">
    <p class='ocr_par' dir='ltr' id='par_1_11' title="bbox 411 1258 3654 1333">
     <span class='ocr_line' id='line_1_11' title="bbox 411 1258 3654 1333; baseline 0.002 -20"><span class='ocrx_word' id='word_1_133' title='bbox 411 1260 549 1314; x_wconf 83' lang='lat' dir='ltr'><strong>ritus</strong></span> <span class='ocrx_word' id='word_1_134' title='bbox 605 1260 775 1314; x_wconf 87' lang='lat' dir='ltr'><strong>sancti</strong></span> <span class='ocrx_word' id='word_1_135' title='bbox 847 1261 1177 1327; x_wconf 88' lang='lat' dir='ltr'><strong>aspiratione</strong></span> <span class='ocrx_word' id='word_1_136' title='bbox 1247 1261 1561 1329; x_wconf 89' lang='lat' dir='ltr'><strong>completos.</strong></span> <span class='ocrx_word' id='word_1_137' title='bbox 1634 1263 1978 1332; x_wconf 87' lang='lat' dir='ltr'><strong>Interrogans</strong></span> <span class='ocrx_word' id='word_1_138' title='bbox 2146 1260 2235 1316; x_wconf 80' lang='grc'><strong>50.</strong></span> <span class='ocrx_word' id='word_1_139' title='bbox 2280 1258 2473 1313; x_wconf 87' lang='lat' dir='ltr'><strong>Verum</strong></span> <span class='ocrx_word' id='word_1_140' title='bbox 2519 1261 2770 1328; x_wconf 83' lang='lat' dir='ltr'><strong>quoniam</strong></span> <span class='ocrx_word' id='word_1_141' title='bbox 2834 1264 2959 1318; x_wconf 90' lang='lat' dir='ltr'><strong>inde</strong></span> <span class='ocrx_word' id='word_1_142' title='bbox 3005 1265 3319 1333; x_wconf 67' lang='lat' dir='ltr'><strong>quaestionis</strong></span> <span class='ocrx_word' id='word_1_143' title='bbox 3371 1265 3517 1321; x_wconf 85' lang='lat' dir='ltr'><strong>ordo</strong></span> <span class='ocrx_word' id='word_1_144' title='bbox 3567 1267 3654 1321; x_wconf 54' lang='lat' dir='ltr'><strong>de.</strong></span> 
     </span>
    </p>
   </div>
   <div class='ocr_carea' id='block_1_12' title="bbox 407 1347 3651 1423">
    <p class='ocr_par' dir='ltr' id='par_1_12' title="bbox 407 1347 3651 1423">
     <span class='ocr_line' id='line_1_12' title="bbox 407 1347 3651 1423; baseline 0.003 -24"><span class='ocrx_word' id='word_1_145' title='bbox 407 1350 604 1418; x_wconf 89' lang='lat' dir='ltr'><strong>quippe</strong></span> <span class='ocrx_word' id='word_1_146' title='bbox 636 1349 932 1404; x_wconf 74' lang='lat' dir='ltr'><strong>Pharisreos</strong></span> <span class='ocrx_word' id='word_1_147' title='bbox 959 1352 1085 1419; x_wconf 88' lang='lat' dir='ltr'><strong>quid</strong></span> <span class='ocrx_word' id='word_1_148' title='bbox 1114 1351 1193 1405; x_wconf 85' lang='lat' dir='ltr'><strong>eis</strong></span> <span class='ocrx_word' id='word_1_149' title='bbox 1227 1350 1294 1405; x_wconf 89' lang='lat' dir='ltr'><strong>de</strong></span> <span class='ocrx_word' id='word_1_150' title='bbox 1326 1352 1542 1407; x_wconf 86' lang='lat' dir='ltr'><strong>Christo</strong></span> <span class='ocrx_word' id='word_1_151' title='bbox 1575 1354 1871 1417; x_wconf 78' lang='lat' dir='ltr'><strong>videretur,</strong></span> <span class='ocrx_word' id='word_1_152' title='bbox 1922 1364 1978 1409; x_wconf 82' lang='lat' dir='ltr'><strong>et</strong></span> <span class='ocrx_word' id='word_1_153' title='bbox 2077 1349 2268 1403; x_wconf 89' lang='lat' dir='ltr'><strong>ductus</strong></span> <span class='ocrx_word' id='word_1_154' title='bbox 2310 1358 2425 1403; x_wconf 91' lang='lat' dir='ltr'><strong>est:</strong></span> <span class='ocrx_word' id='word_1_155' title='bbox 2467 1367 2486 1401; x_wconf 72' lang='grc' dir='ltr'><strong>ι</strong></span> <span class='ocrx_word' id='word_1_156' title='bbox 2517 1347 2648 1405; x_wconf 88' lang='lat' dir='ltr'><strong>Cum</strong></span> <span class='ocrx_word' id='word_1_157' title='bbox 2694 1361 2870 1405; x_wconf 90' lang='lat' dir='ltr'><strong>autem</strong></span> <span class='ocrx_word' id='word_1_158' title='bbox 2909 1355 3115 1406; x_wconf 85' lang='lat' dir='ltr'><strong>venerit</strong></span> <span class='ocrx_word' id='word_1_159' title='bbox 3165 1354 3487 1421; x_wconf 80' lang='lat' dir='ltr'><strong>paracletus</strong></span> <span class='ocrx_word' id='word_1_160' title='bbox 3536 1354 3651 1423; x_wconf 78' lang='lat' dir='ltr'><strong>Spi-</strong></span> 
     </span>
    </p>
   </div>
   <div class='ocr_carea' id='block_1_13' title="bbox 408 1441 3649 1515">
    <p class='ocr_par' dir='ltr' id='par_1_13' title="bbox 408 1441 3649 1515">
     <span class='ocr_line' id='line_1_13' title="bbox 408 1441 3649 1515; baseline 0.002 -22"><span class='ocrx_word' id='word_1_161' title='bbox 408 1443 634 1495; x_wconf 83' lang='lat' dir='ltr'><strong>audiens</strong></span> <span class='ocrx_word' id='word_1_162' title='bbox 669 1442 793 1511; x_wconf 90' lang='lat' dir='ltr'><strong>quia</strong></span> <span class='ocrx_word' id='word_1_163' title='bbox 826 1454 970 1496; x_wconf 87' lang='lat' dir='ltr'><strong>esset</strong></span> <span class='ocrx_word' id='word_1_164' title='bbox 996 1443 1135 1496; x_wconf 83' lang='lat' dir='ltr'><strong>ﬁlius</strong></span> <span class='ocrx_word' id='word_1_165' title='bbox 1159 1443 1470 1515; x_wconf 84' lang='lat' dir='ltr'><strong>David(67),</strong></span> <span class='ocrx_word' id='word_1_166' title='bbox 1501 1445 1762 1513; x_wconf 81' lang='lat' dir='ltr'><strong>loquitur:</strong></span> <span class='ocrx_word' id='word_1_167' title='bbox 1793 1465 1811 1497; x_wconf 69' lang='grc' dir='ltr'><strong>α</strong></span> <span class='ocrx_word' id='word_1_168' title='bbox 1836 1448 1978 1514; x_wconf 84' lang='lat' dir='ltr'><strong>Quo-</strong></span> <span class='ocrx_word' id='word_1_169' title='bbox 2076 1443 2210 1497; x_wconf 87' lang='lat' dir='ltr'><strong>ritus</strong></span> <span class='ocrx_word' id='word_1_170' title='bbox 2239 1441 2536 1504; x_wconf 74' lang='lat' dir='ltr'><strong>sanctus“,</strong></span> <span class='ocrx_word' id='word_1_171' title='bbox 2568 1457 2725 1510; x_wconf 89' lang='lat' dir='ltr'><strong>quem</strong></span> <span class='ocrx_word' id='word_1_172' title='bbox 2762 1444 2935 1498; x_wconf 86' lang='lat' dir='ltr'><strong>mittet</strong></span> <span class='ocrx_word' id='word_1_173' title='bbox 2959 1444 3119 1499; x_wconf 87' lang='lat' dir='ltr'><strong>Pater</strong></span> <span class='ocrx_word' id='word_1_174' title='bbox 3148 1446 3197 1498; x_wconf 95' lang='lat' dir='ltr'><strong>in</strong></span> <span class='ocrx_word' id='word_1_175' title='bbox 3238 1448 3470 1500; x_wconf 88' lang='lat' dir='ltr'><strong>nomine</strong></span> <span class='ocrx_word' id='word_1_176' title='bbox 3514 1463 3649 1507; x_wconf 87' lang='lat' dir='ltr'><strong>meo,</strong></span> 
     </span>
    </p>
   </div>
   <div class='ocr_carea' id='block_1_14' title="bbox 408 1528 3655 1604">
    <p class='ocr_par' dir='ltr' id='par_1_14' title="bbox 408 1528 3655 1604">
     <span class='ocr_line' id='line_1_14' title="bbox 408 1528 3655 1604; baseline 0.001 -18"><span class='ocrx_word' id='word_1_177' title='bbox 408 1534 565 1587; x_wconf 89' lang='lat' dir='ltr'><strong>modo</strong></span> <span class='ocrx_word' id='word_1_178' title='bbox 600 1533 763 1586; x_wconf 89' lang='lat' dir='ltr'><strong>David</strong></span> <span class='ocrx_word' id='word_1_179' title='bbox 811 1534 860 1585; x_wconf 92' lang='lat' dir='ltr'><strong>in</strong></span> <span class='ocrx_word' id='word_1_180' title='bbox 916 1532 1120 1602; x_wconf 87' lang='lat' dir='ltr'><strong>Spiritu</strong></span> <span class='ocrx_word' id='word_1_181' title='bbox 1168 1545 1323 1588; x_wconf 90' lang='lat' dir='ltr'><strong>vocat</strong></span> <span class='ocrx_word' id='word_1_182' title='bbox 1361 1550 1481 1589; x_wconf 84' lang='lat' dir='ltr'><strong>eum</strong></span> <span class='ocrx_word' id='word_1_183' title='bbox 1528 1537 1805 1591; x_wconf 88' lang='lat' dir='ltr'><strong>Dominum</strong></span> <span class='ocrx_word' id='word_1_184' title='bbox 1842 1557 1860 1589; x_wconf 80' lang='grc' dir='ltr'><strong>ι</strong></span> <span class='ocrx_word' id='word_1_185' title='bbox 1896 1539 1977 1593; x_wconf 89' lang='lat' dir='ltr'><strong>di-</strong></span> <span class='ocrx_word' id='word_1_186' title='bbox 2078 1530 2164 1584; x_wconf 68' lang='lat' dir='ltr'><strong>ille</strong></span> <span class='ocrx_word' id='word_1_187' title='bbox 2207 1545 2302 1583; x_wconf 78' lang='lat' dir='ltr'><strong>VOS</strong></span> <span class='ocrx_word' id='word_1_188' title='bbox 2331 1528 2543 1583; x_wconf 76' lang='lat' dir='ltr'><strong>docebit</strong></span> <span class='ocrx_word' id='word_1_189' title='bbox 2577 1531 2753 1584; x_wconf 86' lang='lat' dir='ltr'><strong>omnia</strong></span> <span class='ocrx_word' id='word_1_190' title='bbox 2779 1532 2822 1562; x_wconf 65' lang='grc'>⁸⁷</span> <span class='ocrx_word' id='word_1_191' title='bbox 2851 1550 2866 1587; x_wconf 89' lang='lat'>:</span> <span class='ocrx_word' id='word_1_192' title='bbox 2895 1553 2913 1585; x_wconf 76' lang='grc' dir='ltr'><strong>ι</strong></span> <span class='ocrx_word' id='word_1_193' title='bbox 2951 1549 3047 1603; x_wconf 85' lang='lat' dir='ltr'><strong>age</strong></span> <span class='ocrx_word' id='word_1_194' title='bbox 3075 1551 3221 1588; x_wconf 91' lang='lat' dir='ltr'><strong>nunc</strong></span> <span class='ocrx_word' id='word_1_195' title='bbox 3266 1552 3331 1590; x_wconf 72' lang='lat' dir='ltr'><strong>ex</strong></span> <span class='ocrx_word' id='word_1_196' title='bbox 3388 1536 3516 1604; x_wconf 88' lang='lat' dir='ltr'><strong>ipso</strong></span> <span class='ocrx_word' id='word_1_197' title='bbox 3545 1552 3655 1589; x_wconf 81' lang='lat' dir='ltr'><strong>ser-</strong></span> 
     </span>
    </p>
   </div>
   <div class='ocr_carea' id='block_1_15' title="bbox 404 1620 1888 1693">
    <p class='ocr_par' dir='ltr' id='par_1_15' title="bbox 404 1623 1888 1683">
     <span class='ocr_line' id='line_1_15' title="bbox 404 1623 1888 1683; baseline 0.004 -6"><span class='ocrx_word' id='word_1_198' title='bbox 404 1638 533 1677; x_wconf 85' lang='lat' dir='ltr'><strong>(ens</strong></span> <span class='ocrx_word' id='word_1_199' title='bbox 562 1640 575 1675; x_wconf 89' lang='lat'>:</span> <span class='ocrx_word' id='word_1_200' title='bbox 616 1641 633 1672; x_wconf 78' lang='grc' dir='ltr'><strong>ι</strong></span> <span class='ocrx_word' id='word_1_201' title='bbox 670 1623 810 1675; x_wconf 76' lang='lat' dir='ltr'><strong>Dixit</strong></span> <span class='ocrx_word' id='word_1_202' title='bbox 831 1624 1083 1677; x_wconf 91' lang='lat' dir='ltr'><strong>Dominus</strong></span> <span class='ocrx_word' id='word_1_203' title='bbox 1114 1624 1335 1679; x_wconf 88' lang='lat' dir='ltr'><strong>Domino</strong></span> <span class='ocrx_word' id='word_1_204' title='bbox 1367 1640 1519 1678; x_wconf 88' lang='lat' dir='ltr'><strong>meo:</strong></span> <span class='ocrx_word' id='word_1_205' title='bbox 1555 1626 1691 1680; x_wconf 85' lang='lat' dir='ltr'><strong>Sede</strong></span> <span class='ocrx_word' id='word_1_206' title='bbox 1720 1644 1749 1682; x_wconf 90' lang='lat' dir='ltr'><strong>a</strong></span> <span class='ocrx_word' id='word_1_207' title='bbox 1772 1630 1888 1683; x_wconf 82' lang='lat' dir='ltr'><strong>dext</strong></span> 
     </span>
    </p>
   </div>
   <div class='ocr_carea' id='block_1_16' title="bbox 2166 1620 3650 1693">
    <p class='ocr_par' dir='ltr' id='par_1_16' title="bbox 2169 1620 3650 1693">
     <span class='ocr_line' id='line_1_16' title="bbox 2169 1620 3650 1693; baseline 0.007 -24"><span class='ocrx_word' id='word_1_208' title='bbox 2169 1632 2233 1671; x_wconf 93' lang='lat' dir='ltr'><strong>ne</strong></span> <span class='ocrx_word' id='word_1_209' title='bbox 2273 1633 2597 1686; x_wconf 63' lang='lat' dir='ltr'><strong>qumramus,</strong></span> <span class='ocrx_word' id='word_1_210' title='bbox 2627 1620 2669 1672; x_wconf 91' lang='lat' dir='ltr'><strong>si</strong></span> <span class='ocrx_word' id='word_1_211' title='bbox 2714 1621 2840 1689; x_wconf 89' lang='lat' dir='ltr'><strong>quid</strong></span> <span class='ocrx_word' id='word_1_212' title='bbox 2889 1624 2938 1676; x_wconf 85' lang='lat' dir='ltr'><strong>iu</strong></span> <span class='ocrx_word' id='word_1_213' title='bbox 2972 1639 3035 1677; x_wconf 93' lang='lat' dir='ltr'><strong>eo</strong></span> <span class='ocrx_word' id='word_1_214' title='bbox 3082 1625 3357 1693; x_wconf 90' lang='lat' dir='ltr'><strong>possimus</strong></span> <span class='ocrx_word' id='word_1_215' title='bbox 3411 1628 3650 1679; x_wconf 81' lang='lat' dir='ltr'><strong>invenire</strong></span> 
     </span>
    </p>
   </div>
   <div class='ocr_carea' id='block_1_17' title="bbox 406 1707 3653 1786">
    <p class='ocr_par' dir='ltr' id='par_1_17' title="bbox 406 1707 3653 1786">
     <span class='ocr_line' id='line_1_17' title="bbox 406 1707 3653 1786; baseline 0.002 -27"><span class='ocrx_word' id='word_1_216' title='bbox 406 1713 575 1768; x_wconf 79' lang='lat' dir='ltr'><strong>meis?</strong></span> <span class='ocrx_word' id='word_1_217' title='bbox 611 1711 666 1766; x_wconf 88' lang='lat' dir='ltr'><strong>Si</strong></span> <span class='ocrx_word' id='word_1_218' title='bbox 704 1729 831 1783; x_wconf 67' lang='lat' dir='ltr'><strong>ergo</strong></span> <span class='ocrx_word' id='word_1_219' title='bbox 860 1714 1025 1767; x_wconf 80' lang='lat' dir='ltr'><strong>David</strong></span> <span class='ocrx_word' id='word_1_220' title='bbox 1057 1725 1215 1768; x_wconf 74' lang='lat' dir='ltr'><strong>vocat,</strong></span> <span class='ocrx_word' id='word_1_221' title='bbox 1259 1730 1380 1769; x_wconf 82' lang='lat' dir='ltr'><strong>eum</strong></span> <span class='ocrx_word' id='word_1_222' title='bbox 1426 1716 1478 1769; x_wconf 84' lang='lat' dir='ltr'><strong>in</strong></span> <span class='ocrx_word' id='word_1_223' title='bbox 1532 1714 1736 1786; x_wconf 71' lang='lat' dir='ltr'><strong>Spir-itu</strong></span> <span class='ocrx_word' id='word_1_224' title='bbox 1787 1731 1975 1777; x_wconf 61' lang='lat' dir='ltr'><strong>sancto</strong></span> <span class='ocrx_word' id='word_1_225' title='bbox 2010 1783 2033 1786; x_wconf 73' lang='lat'><strong><em>_</em></strong></span> <span class='ocrx_word' id='word_1_226' title='bbox 2078 1721 2197 1759; x_wconf 91' lang='lat' dir='ltr'><strong>cum</strong></span> <span class='ocrx_word' id='word_1_227' title='bbox 2247 1707 2330 1760; x_wconf 89' lang='lat' dir='ltr'><strong>his</strong></span> <span class='ocrx_word' id='word_1_228' title='bbox 2360 1708 2662 1762; x_wconf 86' lang='lat' dir='ltr'><strong>consentire</strong></span> <span class='ocrx_word' id='word_1_229' title='bbox 2706 1725 2824 1779; x_wconf 64' lang='lat' dir='ltr'><strong>qua:</strong></span> <span class='ocrx_word' id='word_1_230' title='bbox 2871 1713 3009 1765; x_wconf 86' lang='lat' dir='ltr'><strong>dicta</strong></span> <span class='ocrx_word' id='word_1_231' title='bbox 3042 1723 3186 1767; x_wconf 88' lang='lat' dir='ltr'><strong>sunt.</strong></span> <span class='ocrx_word' id='word_1_232' title='bbox 3216 1714 3493 1783; x_wconf 72' lang='lat' dir='ltr'><strong>Spiritum</strong></span> <span class='ocrx_word' id='word_1_233' title='bbox 3540 1732 3653 1769; x_wconf 83' lang='lat' dir='ltr'><strong>sau-</strong></span> 
     </span>
    </p>
   </div>
   <div class='ocr_carea' id='block_1_18' title="bbox 406 1783 3651 1873">
    <p class='ocr_par' dir='ltr' id='par_1_18' title="bbox 406 1783 3651 1873">
     <span class='ocr_line' id='line_1_18' title="bbox 406 1783 3651 1873; baseline 0.005 -18"><span class='ocrx_word' id='word_1_234' title='bbox 406 1804 709 1866; x_wconf 82' lang='lat' dir='ltr'><strong>l)ominunt,</strong></span> <span class='ocrx_word' id='word_1_235' title='bbox 741 1804 1005 1873; x_wconf 88' lang='lat' dir='ltr'><strong>quomodo</strong></span> <span class='ocrx_word' id='word_1_236' title='bbox 1034 1802 1202 1856; x_wconf 87' lang='lat' dir='ltr'><strong>Filius</strong></span> <span class='ocrx_word' id='word_1_237' title='bbox 1239 1803 1356 1872; x_wconf 87' lang='lat' dir='ltr'><strong>ejus</strong></span> <span class='ocrx_word' id='word_1_238' title='bbox 1404 1783 1622 1858; x_wconf 49' lang='grc' dir='ltr'><strong>εδιδθίι</strong></span> <span class='ocrx_word' id='word_1_239' title='bbox 1673 1806 1737 1859; x_wconf 83' lang='grc' dir='ltr'><strong>Ει</strong></span> <span class='ocrx_word' id='word_1_240' title='bbox 1785 1806 1974 1865; x_wconf 83' lang='lat' dir='ltr'><strong>Petrus</strong></span> <span class='ocrx_word' id='word_1_241' title='bbox 2005 1783 2045 1837; x_wconf 76' lang='grc' dir='ltr'><strong>Β</strong></span> <span class='ocrx_word' id='word_1_242' title='bbox 2075 1806 2217 1850; x_wconf 70' lang='lat' dir='ltr'><strong>CW“</strong></span> <span class='ocrx_word' id='word_1_243' title='bbox 2253 1813 2282 1851; x_wconf 75' lang='grc'><strong>³</strong></span> <span class='ocrx_word' id='word_1_244' title='bbox 2325 1794 2482 1849; x_wconf 58' lang='lat' dir='ltr'><strong>Patre</strong></span> <span class='ocrx_word' id='word_1_245' title='bbox 2520 1796 2573 1850; x_wconf 72' lang='grc' dir='ltr'><strong>ίη</strong></span> <span class='ocrx_word' id='word_1_246' title='bbox 2612 1815 2706 1854; x_wconf 72' lang='grc' dir='ltr'><strong>δυο</strong></span> <span class='ocrx_word' id='word_1_247' title='bbox 2742 1801 2877 1854; x_wconf 69' lang='lat' dir='ltr'><strong>milli</strong></span> <span class='ocrx_word' id='word_1_248' title='bbox 2924 1805 3157 1869; x_wconf 63' lang='lat' dir='ltr'><strong>nomine.</strong></span> <span class='ocrx_word' id='word_1_249' title='bbox 3205 1804 3470 1859; x_wconf 66' lang='grc' dir='ltr'><strong>5³17³1οΐ</strong></span> <span class='ocrx_word' id='word_1_250' title='bbox 3520 1808 3651 1860; x_wconf 66' lang='grc' dir='ltr'><strong>δαῖτ-</strong></span> 
     </span>
    </p>
   </div>
   <div class='ocr_carea' id='block_1_19' title="bbox 407 1891 3649 1968">
    <p class='ocr_par' dir='ltr' id='par_1_19' title="bbox 407 1891 3649 1968">
     <span class='ocr_line' id='line_1_19' title="bbox 407 1891 3649 1968; baseline 0.004 -19"><span class='ocrx_word' id='word_1_251' title='bbox 407 1896 473 1949; x_wconf 87' lang='lat' dir='ltr'><strong>ad</strong></span> <span class='ocrx_word' id='word_1_252' title='bbox 508 1904 786 1950; x_wconf 85' lang='lat' dir='ltr'><strong>consortes</strong></span> <span class='ocrx_word' id='word_1_253' title='bbox 826 1896 945 1949; x_wconf 85' lang='lat' dir='ltr'><strong>fidei</strong></span> <span class='ocrx_word' id='word_1_254' title='bbox 974 1896 1236 1964; x_wconf 88' lang='lat' dir='ltr'><strong>loquitur:</strong></span> <span class='ocrx_word' id='word_1_255' title='bbox 1264 1896 1975 1968; x_wconf 69' lang='lat' dir='ltr'><strong>«OportebatimpleriScri-</strong></span> <span class='ocrx_word' id='word_1_256' title='bbox 2076 1897 2207 1949; x_wconf 61' lang='lat'><strong>&quot;‘3‘:</strong></span> <span class='ocrx_word' id='word_1_257' title='bbox 2255 1904 2374 1942; x_wconf 71' lang='lat' dir='ltr'><strong>cum</strong></span> <span class='ocrx_word' id='word_1_258' title='bbox 2421 1892 2633 1961; x_wconf 71' lang='grc' dir='ltr'><strong>ρτομτῖθ</strong></span> <span class='ocrx_word' id='word_1_259' title='bbox 2688 1891 2984 1947; x_wconf 69' lang='grc' dir='ltr'><strong>δ³¹νθιοτίε</strong></span> <span class='ocrx_word' id='word_1_260' title='bbox 3018 1910 3209 1949; x_wconf 72' lang='lat' dir='ltr'><strong>nomen</strong></span> <span class='ocrx_word' id='word_1_261' title='bbox 3247 1897 3317 1950; x_wconf 60' lang='lat' dir='ltr'><strong>Sit</strong></span> <span class='ocrx_word' id='word_1_262' title='bbox 3371 1898 3571 1961; x_wconf 70' lang='lat' dir='ltr'><strong>Filius.</strong></span> <span class='ocrx_word' id='word_1_263' title='bbox 3611 1902 3649 1953; x_wconf 55' lang='lat' dir='ltr'><strong>Si</strong></span> 
     </span>
    </p>
   </div>
   <div class='ocr_carea' id='block_1_20' title="bbox 412 1980 3649 2061">
    <p class='ocr_par' dir='ltr' id='par_1_20' title="bbox 412 1980 3649 2061">
     <span class='ocr_line' id='line_1_20' title="bbox 412 1980 3649 2061; baseline 0.006 -19"><span class='ocrx_word' id='word_1_264' title='bbox 412 1998 831 2057; x_wconf 88' lang='lat' dir='ltr'><strong>pturam,quam</strong></span> <span class='ocrx_word' id='word_1_265' title='bbox 855 1988 1353 2058; x_wconf 73' lang='lat' dir='ltr'><strong>praedixitSpiritus</strong></span> <span class='ocrx_word' id='word_1_266' title='bbox 1378 2001 1698 2058; x_wconf 86' lang='lat' dir='ltr'><strong>sanctusper</strong></span> <span class='ocrx_word' id='word_1_267' title='bbox 1718 2007 1777 2046; x_wconf 87' lang='lat' dir='ltr'><strong>os</strong></span> <span class='ocrx_word' id='word_1_268' title='bbox 1810 1994 1972 2047; x_wconf 86' lang='lat' dir='ltr'><strong>David</strong></span> <span class='ocrx_word' id='word_1_269' title='bbox 2074 1980 2285 2047; x_wconf 73' lang='grc' dir='ltr'><strong>ψιῖάειη</strong></span> <span class='ocrx_word' id='word_1_270' title='bbox 2337 1994 2541 2037; x_wconf 54' lang='lat' dir='ltr'><strong>&quot;alii&quot;?</strong></span> <span class='ocrx_word' id='word_1_271' title='bbox 2569 1987 2923 2051; x_wconf 66' lang='grc' dir='ltr'><strong>οοηεθτιίυιηο</strong></span> <span class='ocrx_word' id='word_1_272' title='bbox 2961 1998 3034 2050; x_wconf 71' lang='grc' dir='ltr'><strong>ειν</strong></span> <span class='ocrx_word' id='word_1_273' title='bbox 3081 2000 3137 2042; x_wconf 79' lang='grc' dir='ltr'><strong>ιη</strong></span> <span class='ocrx_word' id='word_1_274' title='bbox 3171 1991 3240 2042; x_wconf 69' lang='lat' dir='ltr'><strong>ila</strong></span> <span class='ocrx_word' id='word_1_275' title='bbox 3276 1991 3490 2055; x_wconf 68' lang='grc' dir='ltr'><strong>ἀίοειηιι</strong></span> <span class='ocrx_word' id='word_1_276' title='bbox 3535 2008 3649 2061; x_wconf 66' lang='lat' dir='ltr'><strong>Pm&#39;</strong></span> 
     </span>
    </p>
   </div>
   <div class='ocr_carea' id='block_1_21' title="bbox 401 2075 3641 2154">
    <p class='ocr_par' dir='ltr' id='par_1_21' title="bbox 401 2075 3641 2154">
     <span class='ocr_line' id='line_1_21' title="bbox 401 2075 3641 2154; baseline 0.006 -27"><span class='ocrx_word' id='word_1_277' title='bbox 401 2081 468 2132; x_wconf 89' lang='lat' dir='ltr'><strong>de</strong></span> <span class='ocrx_word' id='word_1_278' title='bbox 495 2078 863 2144; x_wconf 67' lang='grc' dir='ltr'><strong>1υόη,θιο.⁶⁰;</strong></span> <span class='ocrx_word' id='word_1_279' title='bbox 892 2098 910 2130; x_wconf 73' lang='grc' dir='ltr'><strong>ι</strong></span> <span class='ocrx_word' id='word_1_280' title='bbox 946 2089 1000 2133; x_wconf 91' lang='lat' dir='ltr'><strong>et</strong></span> <span class='ocrx_word' id='word_1_281' title='bbox 1021 2082 1075 2131; x_wconf 90' lang='lat' dir='ltr'><strong>in</strong></span> <span class='ocrx_word' id='word_1_282' title='bbox 1098 2080 1282 2134; x_wconf 87' lang='lat' dir='ltr'><strong>eodem</strong></span> <span class='ocrx_word' id='word_1_283' title='bbox 1311 2095 1495 2133; x_wconf 89' lang='lat' dir='ltr'><strong>rursus</strong></span> <span class='ocrx_word' id='word_1_284' title='bbox 1522 2080 1691 2135; x_wconf 86' lang='lat' dir='ltr'><strong>libro:</strong></span> <span class='ocrx_word' id='word_1_285' title='bbox 1721 2082 1857 2148; x_wconf 66' lang='lat' dir='ltr'><strong>«Qui</strong></span> <span class='ocrx_word' id='word_1_286' title='bbox 1878 2097 1973 2152; x_wconf 86' lang='lat' dir='ltr'><strong>per</strong></span> <span class='ocrx_word' id='word_1_287' title='bbox 2072 2075 2272 2142; x_wconf 72' lang='grc' dir='ltr'><strong>Ρτῖθιθδ</strong></span> <span class='ocrx_word' id='word_1_288' title='bbox 2309 2091 2677 2145; x_wconf 66' lang='lat' dir='ltr'><strong>Personarum.</strong></span> <span class='ocrx_word' id='word_1_289' title='bbox 2724 2094 2788 2131; x_wconf 67' lang='lat' dir='ltr'><strong>ex</strong></span> <span class='ocrx_word' id='word_1_290' title='bbox 2831 2080 2928 2133; x_wconf 69' lang='lat' dir='ltr'><strong>i513</strong></span> <span class='ocrx_word' id='word_1_291' title='bbox 2963 2095 3090 2135; x_wconf 75' lang='lat' dir='ltr'><strong>V006</strong></span> <span class='ocrx_word' id='word_1_292' title='bbox 3134 2084 3409 2152; x_wconf 68' lang='lat' dir='ltr'><strong>signalur-</strong></span> <span class='ocrx_word' id='word_1_293' title='bbox 3447 2085 3507 2139; x_wconf 82' lang='lat' dir='ltr'><strong>lu</strong></span> <span class='ocrx_word' id='word_1_294' title='bbox 3546 2101 3641 2154; x_wconf 76' lang='lat' dir='ltr'><strong>qua</strong></span> 
     </span>
    </p>
   </div>
   <div class='ocr_carea' id='block_1_22' title="bbox 403 2166 3634 2241">
    <p class='ocr_par' dir='ltr' id='par_1_22' title="bbox 403 2166 3634 2241">
     <span class='ocr_line' id='line_1_22' title="bbox 403 2166 3634 2241; baseline 0.003 -25"><span class='ocrx_word' id='word_1_295' title='bbox 403 2166 729 2238; x_wconf 58' lang='lat' dir='ltr'><strong>Spiritum,»</strong></span> <span class='ocrx_word' id='word_1_296' title='bbox 782 2169 973 2237; x_wconf 82' lang='lat' dir='ltr'><strong>inquit,</strong></span> <span class='ocrx_word' id='word_1_297' title='bbox 1014 2188 1031 2219; x_wconf 73' lang='grc' dir='ltr'><strong>ι</strong></span> <span class='ocrx_word' id='word_1_298' title='bbox 1063 2180 1309 2223; x_wconf 85' lang='lat' dir='ltr'><strong>sanctum</strong></span> <span class='ocrx_word' id='word_1_299' title='bbox 1367 2183 1458 2223; x_wconf 86' lang='lat' dir='ltr'><strong>ore</strong></span> <span class='ocrx_word' id='word_1_300' title='bbox 1494 2169 1656 2224; x_wconf 84' lang='lat' dir='ltr'><strong>David</strong></span> <span class='ocrx_word' id='word_1_301' title='bbox 1701 2173 1847 2241; x_wconf 81' lang='lat' dir='ltr'><strong>pueri</strong></span> <span class='ocrx_word' id='word_1_302' title='bbox 1895 2173 1970 2227; x_wconf 69' lang='lat' dir='ltr'><strong>tui</strong></span> <span class='ocrx_word' id='word_1_303' title='bbox 2072 2166 2428 2236; x_wconf 84' lang='lat' dir='ltr'><strong>appellatione</strong></span> <span class='ocrx_word' id='word_1_304' title='bbox 2463 2168 2603 2232; x_wconf 82' lang='lat' dir='ltr'><strong>Filii,</strong></span> <span class='ocrx_word' id='word_1_305' title='bbox 2641 2168 2836 2222; x_wconf 90' lang='lat' dir='ltr'><strong>missus</strong></span> <span class='ocrx_word' id='word_1_306' title='bbox 2864 2185 2893 2221; x_wconf 92' lang='lat' dir='ltr'><strong>a</strong></span> <span class='ocrx_word' id='word_1_307' title='bbox 2932 2169 3088 2225; x_wconf 84' lang='lat' dir='ltr'><strong>Patre</strong></span> <span class='ocrx_word' id='word_1_308' title='bbox 3113 2171 3348 2239; x_wconf 88' lang='lat' dir='ltr'><strong>Spiritus</strong></span> <span class='ocrx_word' id='word_1_309' title='bbox 3393 2188 3634 2241; x_wconf 84' lang='lat' dir='ltr'><strong>sanctus,</strong></span> 
     </span>
    </p>
   </div>
   <div class='ocr_carea' id='block_1_23' title="bbox 402 2260 3644 2333">
    <p class='ocr_par' dir='ltr' id='par_1_23' title="bbox 402 2260 3644 2333">
     <span class='ocr_line' id='line_1_23' title="bbox 402 2260 3644 2333; baseline 0.002 -22"><span class='ocrx_word' id='word_1_310' title='bbox 402 2262 616 2317; x_wconf 86' lang='lat' dir='ltr'><strong>locutus</strong></span> <span class='ocrx_word' id='word_1_311' title='bbox 658 2277 718 2317; x_wconf 90' lang='lat' dir='ltr'><strong>es</strong></span> <span class='ocrx_word' id='word_1_312' title='bbox 761 2280 774 2315; x_wconf 91' lang='lat'><strong>:</strong></span> <span class='ocrx_word' id='word_1_313' title='bbox 823 2262 1000 2327; x_wconf 87' lang='lat' dir='ltr'><strong>Quare</strong></span> <span class='ocrx_word' id='word_1_314' title='bbox 1047 2260 1380 2315; x_wconf 86' lang='lat' dir='ltr'><strong>fremuerunt</strong></span> <span class='ocrx_word' id='word_1_315' title='bbox 1428 2272 1643 2330; x_wconf 82' lang='lat' dir='ltr'><strong>gentes,</strong></span> <span class='ocrx_word' id='word_1_316' title='bbox 1694 2273 1749 2317; x_wconf 92' lang='lat' dir='ltr'><strong>et</strong></span> <span class='ocrx_word' id='word_1_317' title='bbox 1786 2265 1967 2333; x_wconf 88' lang='lat' dir='ltr'><strong>populi</strong></span> <span class='ocrx_word' id='word_1_318' title='bbox 2072 2274 2176 2312; x_wconf 89' lang='lat' dir='ltr'><strong>non</strong></span> <span class='ocrx_word' id='word_1_319' title='bbox 2210 2274 2416 2323; x_wconf 89' lang='lat' dir='ltr'><strong>servus,</strong></span> <span class='ocrx_word' id='word_1_320' title='bbox 2448 2275 2551 2314; x_wconf 92' lang='lat' dir='ltr'><strong>non</strong></span> <span class='ocrx_word' id='word_1_321' title='bbox 2582 2261 2739 2325; x_wconf 89' lang='lat' dir='ltr'><strong>alius,</strong></span> <span class='ocrx_word' id='word_1_322' title='bbox 2779 2277 2876 2315; x_wconf 88' lang='lat' dir='ltr'><strong>nec</strong></span> <span class='ocrx_word' id='word_1_323' title='bbox 2919 2262 3214 2331; x_wconf 88' lang='lat' dir='ltr'><strong>disjunctus</strong></span> <span class='ocrx_word' id='word_1_324' title='bbox 3243 2280 3271 2317; x_wconf 90' lang='lat' dir='ltr'><strong>a</strong></span> <span class='ocrx_word' id='word_1_325' title='bbox 3306 2264 3457 2319; x_wconf 87' lang='lat' dir='ltr'><strong>Filio</strong></span> <span class='ocrx_word' id='word_1_326' title='bbox 3494 2268 3644 2321; x_wconf 85' lang='lat' dir='ltr'><strong>intel-</strong></span> 
     </span>
    </p>
   </div>
   <div class='ocr_carea' id='block_1_24' title="bbox 398 2349 3641 2424">
    <p class='ocr_par' dir='ltr' id='par_1_24' title="bbox 398 2349 3641 2424">
     <span class='ocr_line' id='line_1_24' title="bbox 398 2349 3641 2424; baseline 0.001 -15"><span class='ocrx_word' id='word_1_327' title='bbox 398 2354 639 2409; x_wconf 88' lang='lat' dir='ltr'><strong>meditati</strong></span> <span class='ocrx_word' id='word_1_328' title='bbox 670 2364 797 2408; x_wconf 89' lang='lat' dir='ltr'><strong>sunt</strong></span> <span class='ocrx_word' id='word_1_329' title='bbox 848 2354 1023 2407; x_wconf 86' lang='lat' dir='ltr'><strong>inania</strong></span> <span class='ocrx_word' id='word_1_330' title='bbox 1047 2353 1165 2406; x_wconf 65' lang='lat'><strong>“1?:</strong></span> <span class='ocrx_word' id='word_1_331' title='bbox 1220 2351 1387 2407; x_wconf 82' lang='lat' dir='ltr'><strong>Isaias</strong></span> <span class='ocrx_word' id='word_1_332' title='bbox 1436 2370 1647 2423; x_wconf 89' lang='lat' dir='ltr'><strong>quoque</strong></span> <span class='ocrx_word' id='word_1_333' title='bbox 1689 2371 1811 2410; x_wconf 88' lang='lat' dir='ltr'><strong>cum</strong></span> <span class='ocrx_word' id='word_1_334' title='bbox 1855 2373 1970 2411; x_wconf 82' lang='lat' dir='ltr'><strong>ser.</strong></span> <span class='ocrx_word' id='word_1_335' title='bbox 2070 2349 2263 2418; x_wconf 81' lang='lat' dir='ltr'><strong>ligatur</strong></span> <span class='ocrx_word' id='word_1_336' title='bbox 2287 2349 2383 2424; x_wconf 82' lang='grc' dir='ltr'><strong>[αι.</strong></span> <span class='ocrx_word' id='word_1_337' title='bbox 2412 2351 2769 2424; x_wconf 81' lang='lat' dir='ltr'><strong>intelligitur].</strong></span> <span class='ocrx_word' id='word_1_338' title='bbox 2820 2354 3004 2422; x_wconf 89' lang='lat' dir='ltr'><strong>thuo</strong></span> <span class='ocrx_word' id='word_1_339' title='bbox 3039 2356 3195 2409; x_wconf 89' lang='lat' dir='ltr'><strong>modo</strong></span> <span class='ocrx_word' id='word_1_340' title='bbox 3225 2354 3403 2412; x_wconf 85' lang='lat' dir='ltr'><strong>Filius</strong></span> <span class='ocrx_word' id='word_1_341' title='bbox 3454 2359 3507 2413; x_wconf 87' lang='lat' dir='ltr'><strong>in</strong></span> <span class='ocrx_word' id='word_1_342' title='bbox 3548 2358 3641 2411; x_wconf 59' lang='lat' dir='ltr'><strong>Pa-</strong></span> 
     </span>
    </p>
   </div>
   <div class='ocr_carea' id='block_1_25' title="bbox 397 2442 3639 2519">
    <p class='ocr_par' dir='ltr' id='par_1_25' title="bbox 397 2442 3639 2519">
     <span class='ocr_line' id='line_1_25' title="bbox 397 2442 3639 2519; baseline 0.001 -20"><span class='ocrx_word' id='word_1_343' title='bbox 397 2462 555 2501; x_wconf 88' lang='lat' dir='ltr'><strong>mone</strong></span> <span class='ocrx_word' id='word_1_344' title='bbox 598 2447 689 2501; x_wconf 90' lang='lat' dir='ltr'><strong>Dei</strong></span> <span class='ocrx_word' id='word_1_345' title='bbox 728 2447 987 2516; x_wconf 86' lang='lat' dir='ltr'><strong>impulsus</strong></span> <span class='ocrx_word' id='word_1_346' title='bbox 1023 2446 1087 2499; x_wconf 90' lang='lat' dir='ltr'><strong>ad</strong></span> <span class='ocrx_word' id='word_1_347' title='bbox 1136 2448 1562 2515; x_wconf 87' lang='lat' dir='ltr'><strong>prophetandum</strong></span> <span class='ocrx_word' id='word_1_348' title='bbox 1598 2447 1810 2514; x_wconf 89' lang='lat' dir='ltr'><strong>fuisset,</strong></span> <span class='ocrx_word' id='word_1_349' title='bbox 1847 2449 1969 2519; x_wconf 84' lang='lat' dir='ltr'><strong>Spi-</strong></span> <span class='ocrx_word' id='word_1_350' title='bbox 2071 2442 2167 2496; x_wconf 73' lang='lat' dir='ltr'><strong>tris</strong></span> <span class='ocrx_word' id='word_1_351' title='bbox 2197 2443 2550 2511; x_wconf 69' lang='lat' dir='ltr'><strong>appellatione</strong></span> <span class='ocrx_word' id='word_1_352' title='bbox 2586 2445 2752 2506; x_wconf 83' lang='lat' dir='ltr'><strong>venit,</strong></span> <span class='ocrx_word' id='word_1_353' title='bbox 2797 2446 2979 2500; x_wconf 89' lang='lat' dir='ltr'><strong>dicens</strong></span> <span class='ocrx_word' id='word_1_354' title='bbox 3015 2464 3028 2499; x_wconf 89' lang='lat'><strong>:</strong></span> <span class='ocrx_word' id='word_1_355' title='bbox 3066 2466 3084 2496; x_wconf 78' lang='grc' dir='ltr'><strong>ι</strong></span> <span class='ocrx_word' id='word_1_356' title='bbox 3113 2448 3223 2517; x_wconf 85' lang='lat' dir='ltr'><strong>Ego</strong></span> <span class='ocrx_word' id='word_1_357' title='bbox 3256 2450 3379 2502; x_wconf 81' lang='lat' dir='ltr'><strong>veni</strong></span> <span class='ocrx_word' id='word_1_358' title='bbox 3440 2450 3499 2504; x_wconf 90' lang='lat' dir='ltr'><strong>in</strong></span> <span class='ocrx_word' id='word_1_359' title='bbox 3544 2466 3639 2503; x_wconf 89' lang='lat' dir='ltr'><strong>no-</strong></span> 
     </span>
    </p>
   </div>
   <div class='ocr_carea' id='block_1_26' title="bbox 397 2528 3634 2608">
    <p class='ocr_par' dir='ltr' id='par_1_26' title="bbox 397 2528 3634 2608">
     <span class='ocr_line' id='line_1_26' title="bbox 397 2528 3634 2608; baseline 0.003 -17"><span class='ocrx_word' id='word_1_360' title='bbox 397 2538 535 2592; x_wconf 89' lang='lat' dir='ltr'><strong>ritus</strong></span> <span class='ocrx_word' id='word_1_361' title='bbox 570 2539 742 2593; x_wconf 88' lang='lat' dir='ltr'><strong>sancti</strong></span> <span class='ocrx_word' id='word_1_362' title='bbox 779 2539 1003 2607; x_wconf 89' lang='lat' dir='ltr'><strong>imperio</strong></span> <span class='ocrx_word' id='word_1_363' title='bbox 1045 2536 1154 2607; x_wconf 92' lang='grc'>(68)</span> <span class='ocrx_word' id='word_1_364' title='bbox 1189 2540 1541 2608; x_wconf 81' lang='lat' dir='ltr'><strong>propltetasse</strong></span> <span class='ocrx_word' id='word_1_365' title='bbox 1588 2540 1903 2607; x_wconf 84' lang='lat' dir='ltr'><strong>perhibetur</strong></span> <span class='ocrx_word' id='word_1_366' title='bbox 1936 2559 1951 2596; x_wconf 91' lang='lat'><strong>:</strong></span> <span class='ocrx_word' id='word_1_367' title='bbox 2069 2532 2211 2586; x_wconf 75' lang='lat' dir='ltr'><strong>mille</strong></span> <span class='ocrx_word' id='word_1_368' title='bbox 2246 2533 2387 2586; x_wconf 69' lang='grc' dir='ltr'><strong>Ρίιινί</strong></span> <span class='ocrx_word' id='word_1_369' title='bbox 2427 2534 2529 2587; x_wconf 70' lang='grc' dir='ltr'><strong>τιιεὶ</strong></span> <span class='ocrx_word' id='word_1_370' title='bbox 2556 2534 2599 2565; x_wconf 58' lang='grc'><strong>³⁸</strong></span> <span class='ocrx_word' id='word_1_371' title='bbox 2625 2551 2639 2588; x_wconf 71' lang='grc' dir='ltr'>ἐ</span> <span class='ocrx_word' id='word_1_372' title='bbox 2669 2554 2687 2585; x_wconf 74' lang='grc' dir='ltr'><strong>ι</strong></span> <span class='ocrx_word' id='word_1_373' title='bbox 2728 2534 2847 2588; x_wconf 76' lang='lat' dir='ltr'><strong>Filii</strong></span> <span class='ocrx_word' id='word_1_374' title='bbox 2883 2537 3082 2605; x_wconf 80' lang='lat' dir='ltr'><strong>quippe</strong></span> <span class='ocrx_word' id='word_1_375' title='bbox 3133 2528 3521 2594; x_wconf 61' lang='grc' dir='ltr'><strong>ιόηιυιῐιιηοόο</strong></span> <span class='ocrx_word' id='word_1_376' title='bbox 3561 2552 3634 2594; x_wconf 70' lang='grc' dir='ltr'><strong>εει</strong></span> 
     </span>
    </p>
   </div>
   <div class='ocr_carea' id='block_1_27' title="bbox 395 2623 1879 2701">
    <p class='ocr_par' dir='ltr' id='par_1_27' title="bbox 395 2630 1879 2687">
     <span class='ocr_line' id='line_1_27' title="bbox 395 2630 1879 2687; baseline 0.003 -5"><span class='ocrx_word' id='word_1_377' title='bbox 395 2639 453 2683; x_wconf 85' lang='grc' dir='ltr'><strong>ιιι</strong></span> <span class='ocrx_word' id='word_1_378' title='bbox 484 2632 536 2684; x_wconf 93' lang='lat' dir='ltr'><strong>in</strong></span> <span class='ocrx_word' id='word_1_379' title='bbox 574 2631 677 2684; x_wconf 88' lang='lat' dir='ltr'><strong>fine</strong></span> <span class='ocrx_word' id='word_1_380' title='bbox 703 2630 1012 2684; x_wconf 89' lang='lat' dir='ltr'><strong>eorumdem</strong></span> <span class='ocrx_word' id='word_1_381' title='bbox 1039 2632 1267 2683; x_wconf 85' lang='lat' dir='ltr'><strong>Actuum</strong></span> <span class='ocrx_word' id='word_1_382' title='bbox 1310 2632 1585 2685; x_wconf 85' lang='lat' dir='ltr'><strong>scribitur.</strong></span> <span class='ocrx_word' id='word_1_383' title='bbox 1621 2650 1639 2682; x_wconf 86' lang='grc'><em>‹</em></span> <span class='ocrx_word' id='word_1_384' title='bbox 1670 2632 1813 2686; x_wconf 89' lang='lat' dir='ltr'><strong>Bene</strong></span> <span class='ocrx_word' id='word_1_385' title='bbox 1845 2632 1879 2687; x_wconf 91' lang='lat' dir='ltr'><strong>S</strong></span> 
     </span>
    </p>
   </div>
   <div class='ocr_carea' id='block_1_28' title="bbox 2151 2623 3635 2701">
    <p class='ocr_par' dir='ltr' id='par_1_28' title="bbox 2153 2624 3635 2697">
     <span class='ocr_line' id='line_1_28' title="bbox 2153 2624 3635 2697; baseline 0.005 -21"><span class='ocrx_word' id='word_1_386' title='bbox 2153 2625 2365 2679; x_wconf 90' lang='lat' dir='ltr'><strong>nomine</strong></span> <span class='ocrx_word' id='word_1_387' title='bbox 2395 2624 2572 2680; x_wconf 85' lang='lat' dir='ltr'><strong>Patris</strong></span> <span class='ocrx_word' id='word_1_388' title='bbox 2616 2628 2818 2690; x_wconf 87' lang='lat' dir='ltr'><strong>venire,</strong></span> <span class='ocrx_word' id='word_1_389' title='bbox 2849 2626 2996 2681; x_wconf 89' lang='lat' dir='ltr'><strong>salva</strong></span> <span class='ocrx_word' id='word_1_390' title='bbox 3042 2629 3376 2697; x_wconf 89' lang='lat' dir='ltr'><strong>proprietate</strong></span> <span class='ocrx_word' id='word_1_391' title='bbox 3410 2631 3534 2685; x_wconf 82' lang='lat' dir='ltr'><strong>Filii</strong></span> <span class='ocrx_word' id='word_1_392' title='bbox 3576 2636 3635 2684; x_wconf 87' lang='lat' dir='ltr'><strong>ad</strong></span> 
     </span>
    </p>
   </div>
   <div class='ocr_carea' id='block_1_29' title="bbox 395 2711 3636 2789">
    <p class='ocr_par' dir='ltr' id='par_1_29' title="bbox 395 2711 3636 2789">
     <span class='ocr_line' id='line_1_29' title="bbox 395 2711 3636 2789; baseline 0.004 -26"><span class='ocrx_word' id='word_1_393' title='bbox 395 2720 530 2773; x_wconf 72' lang='lat' dir='ltr'><strong>ritus</strong></span> <span class='ocrx_word' id='word_1_394' title='bbox 575 2729 795 2773; x_wconf 75' lang='lat' dir='ltr'><strong>sanctus</strong></span> <span class='ocrx_word' id='word_1_395' title='bbox 834 2718 1042 2772; x_wconf 78' lang='lat' dir='ltr'><strong>loeutus</strong></span> <span class='ocrx_word' id='word_1_396' title='bbox 1079 2729 1163 2773; x_wconf 68' lang='lat' dir='ltr'><strong>est</strong></span> <span class='ocrx_word' id='word_1_397' title='bbox 1195 2734 1289 2787; x_wconf 85' lang='lat' dir='ltr'><strong>per</strong></span> <span class='ocrx_word' id='word_1_398' title='bbox 1318 2720 1509 2775; x_wconf 68' lang='lat' dir='ltr'><strong>Isaiam</strong></span> <span class='ocrx_word' id='word_1_399' title='bbox 1546 2722 1860 2789; x_wconf 58' lang='lat' dir='ltr'><strong>prophetam</strong></span> <span class='ocrx_word' id='word_1_400' title='bbox 1893 2724 1961 2777; x_wconf 72' lang='lat' dir='ltr'><strong>ad</strong></span> <span class='ocrx_word' id='word_1_401' title='bbox 2067 2711 2303 2776; x_wconf 83' lang='lat' dir='ltr'><strong>Patrem,</strong></span> <span class='ocrx_word' id='word_1_402' title='bbox 2331 2724 2383 2766; x_wconf 86' lang='lat' dir='ltr'><strong>et</strong></span> <span class='ocrx_word' id='word_1_403' title='bbox 2412 2714 2591 2768; x_wconf 89' lang='lat' dir='ltr'><strong>Patris</strong></span> <span class='ocrx_word' id='word_1_404' title='bbox 2623 2716 2686 2767; x_wconf 91' lang='lat' dir='ltr'><strong>ad</strong></span> <span class='ocrx_word' id='word_1_405' title='bbox 2716 2715 2945 2769; x_wconf 84' lang='lat' dir='ltr'><strong>Filium:</strong></span> <span class='ocrx_word' id='word_1_406' title='bbox 2975 2716 3051 2769; x_wconf 89' lang='lat' dir='ltr'><strong>sic</strong></span> <span class='ocrx_word' id='word_1_407' title='bbox 3076 2731 3106 2769; x_wconf 90' lang='lat' dir='ltr'><strong>c</strong></span> <span class='ocrx_word' id='word_1_408' title='bbox 3130 2721 3436 2785; x_wconf 86' lang='lat' dir='ltr'><strong>contrario,</strong></span> <span class='ocrx_word' id='word_1_409' title='bbox 3469 2722 3636 2776; x_wconf 89' lang='lat' dir='ltr'><strong>nullus</strong></span> 
     </span>
    </p>
   </div>
   <div class='ocr_carea' id='block_1_30' title="bbox 393 2803 1877 2881">
    <p class='ocr_par' dir='ltr' id='par_1_30' title="bbox 393 2811 1877 2881">
     <span class='ocr_line' id='line_1_30' title="bbox 393 2811 1877 2881; baseline 0.002 -19"><span class='ocrx_word' id='word_1_410' title='bbox 393 2820 576 2881; x_wconf 87' lang='lat' dir='ltr'><strong>patres</strong></span> <span class='ocrx_word' id='word_1_411' title='bbox 610 2821 837 2876; x_wconf 86' lang='lat' dir='ltr'><strong>vestros,</strong></span> <span class='ocrx_word' id='word_1_412' title='bbox 860 2830 879 2864; x_wconf 75' lang='grc' dir='ltr'><strong>ι</strong></span> <span class='ocrx_word' id='word_1_413' title='bbox 917 2813 1100 2865; x_wconf 89' lang='lat' dir='ltr'><strong>dicens</strong></span> <span class='ocrx_word' id='word_1_414' title='bbox 1126 2828 1140 2864; x_wconf 90' lang='lat'><strong>:</strong></span> <span class='ocrx_word' id='word_1_415' title='bbox 1172 2826 1190 2861; x_wconf 71' lang='grc' dir='ltr'><strong>ι</strong></span> <span class='ocrx_word' id='word_1_416' title='bbox 1220 2811 1365 2865; x_wconf 87' lang='lat' dir='ltr'><strong>Vade</strong></span> <span class='ocrx_word' id='word_1_417' title='bbox 1392 2813 1457 2865; x_wconf 90' lang='lat' dir='ltr'><strong>ad</strong></span> <span class='ocrx_word' id='word_1_418' title='bbox 1486 2813 1739 2881; x_wconf 91' lang='lat' dir='ltr'><strong>populum</strong></span> <span class='ocrx_word' id='word_1_419' title='bbox 1774 2815 1877 2869; x_wconf 90' lang='lat' dir='ltr'><strong>istu</strong></span> 
     </span>
    </p>
   </div>
   <div class='ocr_carea' id='block_1_31' title="bbox 2148 2803 3632 2881">
    <p class='ocr_par' dir='ltr' id='par_1_31' title="bbox 2148 2805 3632 2880">
     <span class='ocr_line' id='line_1_31' title="bbox 2148 2805 3632 2880; baseline 0.006 -25"><span class='ocrx_word' id='word_1_420' title='bbox 2148 2818 2201 2857; x_wconf 83' lang='lat' dir='ltr'><strong>us</strong></span> <span class='ocrx_word' id='word_1_421' title='bbox 2251 2805 2395 2858; x_wconf 87' lang='lat' dir='ltr'><strong>venit</strong></span> <span class='ocrx_word' id='word_1_422' title='bbox 2434 2807 2485 2858; x_wconf 89' lang='lat' dir='ltr'><strong>iu</strong></span> <span class='ocrx_word' id='word_1_423' title='bbox 2537 2808 2751 2859; x_wconf 89' lang='lat' dir='ltr'><strong>nomine</strong></span> <span class='ocrx_word' id='word_1_424' title='bbox 2792 2805 2991 2871; x_wconf 86' lang='lat' dir='ltr'><strong>Patris,</strong></span> <span class='ocrx_word' id='word_1_425' title='bbox 3035 2808 3128 2862; x_wconf 88' lang='lat' dir='ltr'><strong>sed</strong></span> <span class='ocrx_word' id='word_1_426' title='bbox 3161 2810 3310 2862; x_wconf 82' lang='lat' dir='ltr'><strong>verbi</strong></span> <span class='ocrx_word' id='word_1_427' title='bbox 3347 2813 3553 2880; x_wconf 83' lang='lat' dir='ltr'><strong>gratia,</strong></span> <span class='ocrx_word' id='word_1_428' title='bbox 3588 2815 3632 2864; x_wconf 91' lang='lat' dir='ltr'><strong>in</strong></span> 
     </span>
    </p>
   </div>
   <div class='ocr_carea' id='block_1_32' title="bbox 393 2893 3634 2974">
    <p class='ocr_par' dir='ltr' id='par_1_32' title="bbox 393 2893 3634 2974">
     <span class='ocr_line' id='line_1_32' title="bbox 393 2893 3634 2974; baseline 0.003 -28"><span class='ocrx_word' id='word_1_429' title='bbox 393 2910 448 2954; x_wconf 69' lang='lat' dir='ltr'><strong>et</strong></span> <span class='ocrx_word' id='word_1_430' title='bbox 482 2901 605 2954; x_wconf 84' lang='lat' dir='ltr'><strong>dic:</strong></span> <span class='ocrx_word' id='word_1_431' title='bbox 636 2901 779 2956; x_wconf 77' lang='lat' dir='ltr'><strong>Aure</strong></span> <span class='ocrx_word' id='word_1_432' title='bbox 815 2902 1042 2955; x_wconf 70' lang='lat' dir='ltr'><strong>audietis</strong></span> <span class='ocrx_word' id='word_1_433' title='bbox 1066 2901 1132 2965; x_wconf 69' lang='grc' dir='ltr'><strong>δ’,</strong></span> <span class='ocrx_word' id='word_1_434' title='bbox 1154 2919 1172 2952; x_wconf 69' lang='grc' dir='ltr'><strong>ι</strong></span> <span class='ocrx_word' id='word_1_435' title='bbox 1216 2910 1269 2955; x_wconf 74' lang='grc' dir='ltr'><strong>ει</strong></span> <span class='ocrx_word' id='word_1_436' title='bbox 1310 2902 1536 2971; x_wconf 80' lang='lat' dir='ltr'><strong>reliqua,</strong></span> <span class='ocrx_word' id='word_1_437' title='bbox 1592 2903 1741 2957; x_wconf 78' lang='lat' dir='ltr'><strong>Hanc</strong></span> <span class='ocrx_word' id='word_1_438' title='bbox 1799 2906 1962 2974; x_wconf 72' lang='lat' dir='ltr'><strong>igitur</strong></span> <span class='ocrx_word' id='word_1_439' title='bbox 2066 2893 2295 2960; x_wconf 88' lang='lat' dir='ltr'><strong>Domini,</strong></span> <span class='ocrx_word' id='word_1_440' title='bbox 2326 2906 2380 2951; x_wconf 89' lang='lat' dir='ltr'><strong>et</strong></span> <span class='ocrx_word' id='word_1_441' title='bbox 2416 2896 2528 2962; x_wconf 89' lang='lat' dir='ltr'><strong>Dei,</strong></span> <span class='ocrx_word' id='word_1_442' title='bbox 2567 2907 2622 2952; x_wconf 90' lang='lat' dir='ltr'><strong>et</strong></span> <span class='ocrx_word' id='word_1_443' title='bbox 2668 2896 3080 2967; x_wconf 89' lang='lat' dir='ltr'><strong>Omnipoteutis.</strong></span> <span class='ocrx_word' id='word_1_444' title='bbox 3114 2899 3266 2966; x_wconf 91' lang='lat' dir='ltr'><strong>Quod</strong></span> <span class='ocrx_word' id='word_1_445' title='bbox 3298 2905 3634 2958; x_wconf 84' lang='lat' dir='ltr'><strong>manifestum</strong></span> 
     </span>
    </p>
   </div>
   <div class='ocr_carea' id='block_1_33' title="bbox 392 2987 1876 3065">
    <p class='ocr_par' dir='ltr' id='par_1_33' title="bbox 392 2991 1876 3061">
     <span class='ocr_line' id='line_1_33' title="bbox 392 2991 1876 3061; baseline 0.004 -17"><span class='ocrx_word' id='word_1_446' title='bbox 392 2991 725 3061; x_wconf 85' lang='lat' dir='ltr'><strong>prophetiam</strong></span> <span class='ocrx_word' id='word_1_447' title='bbox 757 3007 917 3060; x_wconf 90' lang='lat' dir='ltr'><strong>quam</strong></span> <span class='ocrx_word' id='word_1_448' title='bbox 959 2993 1231 3061; x_wconf 89' lang='lat' dir='ltr'><strong>apostolus</strong></span> <span class='ocrx_word' id='word_1_449' title='bbox 1270 2994 1469 3048; x_wconf 91' lang='lat' dir='ltr'><strong>Paulus</strong></span> <span class='ocrx_word' id='word_1_450' title='bbox 1512 2994 1743 3049; x_wconf 80' lang='lat' dir='ltr'><strong>affirmat</strong></span> <span class='ocrx_word' id='word_1_451' title='bbox 1777 3013 1805 3049; x_wconf 89' lang='lat' dir='ltr'><strong>a</strong></span> <span class='ocrx_word' id='word_1_452' title='bbox 1841 2998 1876 3050; x_wconf 91' lang='lat' dir='ltr'><strong>S</strong></span> 
     </span>
    </p>
   </div>
   <div class='ocr_carea' id='block_1_34' title="bbox 2142 2987 3626 3065">
    <p class='ocr_par' dir='ltr' id='par_1_34' title="bbox 2142 2990 3626 3062">
     <span class='ocr_line' id='line_1_34' title="bbox 2142 2990 3626 3062; baseline 0.005 -25"><span class='ocrx_word' id='word_1_453' title='bbox 2142 2997 2345 3041; x_wconf 87' lang='lat' dir='ltr'><strong>vertere</strong></span> <span class='ocrx_word' id='word_1_454' title='bbox 2400 2990 2602 3058; x_wconf 90' lang='lat' dir='ltr'><strong>poteris</strong></span> <span class='ocrx_word' id='word_1_455' title='bbox 2662 2991 2953 3057; x_wconf 90' lang='lat' dir='ltr'><strong>prophetas</strong></span> <span class='ocrx_word' id='word_1_456' title='bbox 3008 2991 3253 3062; x_wconf 79' lang='lat' dir='ltr'><strong>relegens</strong></span> <span class='ocrx_word' id='word_1_457' title='bbox 3304 3007 3369 3046; x_wconf 79' lang='lat' dir='ltr'><strong>ex</strong></span> <span class='ocrx_word' id='word_1_458' title='bbox 3432 2996 3626 3048; x_wconf 82' lang='lat' dir='ltr'><strong>animo.</strong></span> 
     </span>
    </p>
   </div>
   <div class='ocr_carea' id='block_1_35' title="bbox 391 3075 1875 3190">
    <p class='ocr_par' dir='ltr' id='par_1_35' title="bbox 391 3083 1875 3155">
     <span class='ocr_line' id='line_1_35' title="bbox 391 3083 1875 3155; baseline 0.004 -19"><span class='ocrx_word' id='word_1_459' title='bbox 391 3083 498 3136; x_wconf 89' lang='lat' dir='ltr'><strong>ritu</strong></span> <span class='ocrx_word' id='word_1_460' title='bbox 541 3093 729 3138; x_wconf 86' lang='lat' dir='ltr'><strong>sancto</strong></span> <span class='ocrx_word' id='word_1_461' title='bbox 764 3085 1202 3151; x_wconf 90' lang='lat' dir='ltr'><strong>pronuntiatam,</strong></span> <span class='ocrx_word' id='word_1_462' title='bbox 1248 3084 1365 3154; x_wconf 91' lang='lat' dir='ltr'><strong>ipse</strong></span> <span class='ocrx_word' id='word_1_463' title='bbox 1413 3084 1550 3139; x_wconf 89' lang='lat' dir='ltr'><strong>liber</strong></span> <span class='ocrx_word' id='word_1_464' title='bbox 1602 3087 1875 3155; x_wconf 75' lang='lat' dir='ltr'><strong>pr0pliette</strong></span> 
     </span>
    </p>
   </div>
   <div class='ocr_carea' id='block_1_36' title="bbox 2148 3075 3632 3190">
    <p class='ocr_par' dir='ltr' id='par_1_36' title="bbox 2148 3078 3632 3149">
     <span class='ocr_line' id='line_1_36' title="bbox 2148 3078 3632 3149; baseline 0.004 -19"><span class='ocrx_word' id='word_1_465' title='bbox 2148 3093 2195 3130; x_wconf 83' lang='grc' dir='ltr'><strong>ιιι</strong></span> <span class='ocrx_word' id='word_1_466' title='bbox 2239 3086 2293 3132; x_wconf 89' lang='lat' dir='ltr'><strong>et</strong></span> <span class='ocrx_word' id='word_1_467' title='bbox 2332 3078 2542 3149; x_wconf 83' lang='lat' dir='ltr'><strong>Moyses</strong></span> <span class='ocrx_word' id='word_1_468' title='bbox 2582 3095 2806 3149; x_wconf 87' lang='lat' dir='ltr'><strong>magnus</strong></span> <span class='ocrx_word' id='word_1_469' title='bbox 2845 3080 2939 3135; x_wconf 90' lang='lat' dir='ltr'><strong>Dei</strong></span> <span class='ocrx_word' id='word_1_470' title='bbox 2987 3083 3234 3136; x_wconf 90' lang='lat' dir='ltr'><strong>minister</strong></span> <span class='ocrx_word' id='word_1_471' title='bbox 3276 3093 3333 3137; x_wconf 88' lang='lat' dir='ltr'><strong>et</strong></span> <span class='ocrx_word' id='word_1_472' title='bbox 3382 3085 3632 3149; x_wconf 82' lang='lat' dir='ltr'><strong>famulus,</strong></span> 
     </span>
    </p>
   </div>
   <div class='ocr_carea' id='block_1_37' title="bbox 393 3170 1877 3244">
    <p class='ocr_par' dir='ltr' id='par_1_37' title="bbox 393 3173 1874 3233">
     <span class='ocr_line' id='line_1_37' title="bbox 393 3173 1874 3233; baseline 0.003 -5"><span class='ocrx_word' id='word_1_473' title='bbox 393 3173 622 3230; x_wconf 90' lang='lat' dir='ltr'><strong>Domino</strong></span> <span class='ocrx_word' id='word_1_474' title='bbox 676 3173 873 3229; x_wconf 86' lang='lat' dir='ltr'><strong>dictam</strong></span> <span class='ocrx_word' id='word_1_475' title='bbox 920 3191 1043 3229; x_wconf 88' lang='lat' dir='ltr'><strong>esse</strong></span> <span class='ocrx_word' id='word_1_476' title='bbox 1090 3186 1497 3231; x_wconf 77' lang='lat' dir='ltr'><strong>cumniemorat.</strong></span> <span class='ocrx_word' id='word_1_477' title='bbox 1548 3195 1566 3228; x_wconf 78' lang='grc' dir='ltr'><strong>ι</strong></span> <span class='ocrx_word' id='word_1_478' title='bbox 1600 3178 1663 3231; x_wconf 82' lang='grc' dir='ltr'><strong>Ει</strong></span> <span class='ocrx_word' id='word_1_479' title='bbox 1696 3180 1874 3233; x_wconf 86' lang='lat' dir='ltr'><strong>audivi</strong></span> 
     </span>
    </p>
   </div>
   <div class='ocr_carea' id='block_1_38' title="bbox 2144 3170 3628 3244">
    <p class='ocr_par' dir='ltr' id='par_1_38' title="bbox 2148 3171 3628 3239">
     <span class='ocr_line' id='line_1_38' title="bbox 2148 3171 3628 3239; baseline 0.005 -17"><span class='ocrx_word' id='word_1_480' title='bbox 2148 3172 2361 3224; x_wconf 90' lang='lat' dir='ltr'><strong>nomine</strong></span> <span class='ocrx_word' id='word_1_481' title='bbox 2390 3171 2528 3237; x_wconf 84' lang='lat' dir='ltr'><strong>ejus,</strong></span> <span class='ocrx_word' id='word_1_482' title='bbox 2558 3172 2647 3239; x_wconf 92' lang='lat' dir='ltr'><strong>qui</strong></span> <span class='ocrx_word' id='word_1_483' title='bbox 2677 3182 2757 3226; x_wconf 93' lang='lat' dir='ltr'><strong>est</strong></span> <span class='ocrx_word' id='word_1_484' title='bbox 2784 3192 2796 3226; x_wconf 91' lang='lat'><strong><em>:</em></strong></span> <span class='ocrx_word' id='word_1_485' title='bbox 2823 3183 2875 3227; x_wconf 92' lang='lat' dir='ltr'><strong>et</strong></span> <span class='ocrx_word' id='word_1_486' title='bbox 2908 3173 2959 3226; x_wconf 90' lang='lat' dir='ltr'><strong>in</strong></span> <span class='ocrx_word' id='word_1_487' title='bbox 2990 3174 3203 3227; x_wconf 86' lang='lat' dir='ltr'><strong>nomine</strong></span> <span class='ocrx_word' id='word_1_488' title='bbox 3233 3175 3327 3228; x_wconf 90' lang='lat' dir='ltr'><strong>Dei</strong></span> <span class='ocrx_word' id='word_1_489' title='bbox 3359 3178 3628 3229; x_wconf 83' lang='lat' dir='ltr'><strong>Abraham</strong></span> 
     </span>
    </p>
   </div>
   <div class='ocr_carea' id='block_1_39' title="bbox 392 3259 1876 3336">
    <p class='ocr_par' dir='ltr' id='par_1_39' title="bbox 392 3265 1876 3336">
     <span class='ocr_line' id='line_1_39' title="bbox 392 3265 1876 3336; baseline 0.001 -16"><span class='ocrx_word' id='word_1_490' title='bbox 392 3266 568 3333; x_wconf 89' lang='lat' dir='ltr'><strong>inquit</strong></span> <span class='ocrx_word' id='word_1_491' title='bbox 612 3265 796 3332; x_wconf 87' lang='lat' dir='ltr'><strong>Isaias,</strong></span> <span class='ocrx_word' id='word_1_492' title='bbox 849 3284 869 3318; x_wconf 75' lang='grc' dir='ltr'><strong>ι</strong></span> <span class='ocrx_word' id='word_1_493' title='bbox 899 3281 1084 3320; x_wconf 89' lang='lat' dir='ltr'><strong>vocem</strong></span> <span class='ocrx_word' id='word_1_494' title='bbox 1132 3266 1377 3332; x_wconf 87' lang='lat' dir='ltr'><strong>Domini,</strong></span> <span class='ocrx_word' id='word_1_495' title='bbox 1422 3268 1691 3322; x_wconf 89' lang='lat' dir='ltr'><strong>dicentem</strong></span> <span class='ocrx_word' id='word_1_496' title='bbox 1731 3287 1743 3320; x_wconf 90' lang='lat'><strong>:</strong></span> <span class='ocrx_word' id='word_1_497' title='bbox 1789 3269 1876 3336; x_wconf 83' lang='lat' dir='ltr'><strong>Qu</strong></span> 
     </span>
    </p>
   </div>
   <div class='ocr_carea' id='block_1_40' title="bbox 2136 3259 3620 3336">
    <p class='ocr_par' dir='ltr' id='par_1_40' title="bbox 2156 3259 3620 3335">
     <span class='ocr_line' id='line_1_40' title="bbox 2156 3259 3620 3335; baseline 0.005 -22"><span class='ocrx_word' id='word_1_498' title='bbox 2156 3259 2320 3321; x_wconf 88' lang='lat' dir='ltr'><strong>Isaac,</strong></span> <span class='ocrx_word' id='word_1_499' title='bbox 2356 3271 2410 3314; x_wconf 93' lang='lat' dir='ltr'><strong>et</strong></span> <span class='ocrx_word' id='word_1_500' title='bbox 2454 3260 2619 3317; x_wconf 85' lang='lat' dir='ltr'><strong>Jacob</strong></span> <span class='ocrx_word' id='word_1_501' title='bbox 2654 3263 2827 3328; x_wconf 89' lang='lat' dir='ltr'><strong>venit,</strong></span> <span class='ocrx_word' id='word_1_502' title='bbox 2875 3264 2982 3317; x_wconf 90' lang='lat' dir='ltr'><strong>Deo</strong></span> <span class='ocrx_word' id='word_1_503' title='bbox 3030 3264 3092 3316; x_wconf 92' lang='lat' dir='ltr'><strong>ad</strong></span> <span class='ocrx_word' id='word_1_504' title='bbox 3141 3280 3261 3318; x_wconf 91' lang='lat' dir='ltr'><strong>eum</strong></span> <span class='ocrx_word' id='word_1_505' title='bbox 3316 3266 3620 3335; x_wconf 82' lang='lat' dir='ltr'><strong>loquente:</strong></span> 
     </span>
    </p>
   </div>
   <div class='ocr_carea' id='block_1_41' title="bbox 391 3352 1875 3428">
    <p class='ocr_par' dir='ltr' id='par_1_41' title="bbox 391 3357 1875 3428">
     <span class='ocr_line' id='line_1_41' title="bbox 391 3357 1875 3428; baseline 0.002 -17"><span class='ocrx_word' id='word_1_506' title='bbox 391 3358 623 3422; x_wconf 86' lang='lat' dir='ltr'><strong>mittam,</strong></span> <span class='ocrx_word' id='word_1_507' title='bbox 652 3366 706 3412; x_wconf 90' lang='lat' dir='ltr'><strong>et</strong></span> <span class='ocrx_word' id='word_1_508' title='bbox 742 3358 863 3427; x_wconf 91' lang='lat' dir='ltr'><strong>quis</strong></span> <span class='ocrx_word' id='word_1_509' title='bbox 907 3357 1006 3411; x_wconf 93' lang='lat' dir='ltr'><strong>ibit</strong></span> <span class='ocrx_word' id='word_1_510' title='bbox 1049 3360 1114 3411; x_wconf 88' lang='lat' dir='ltr'><strong>ad</strong></span> <span class='ocrx_word' id='word_1_511' title='bbox 1161 3360 1412 3428; x_wconf 91' lang='lat' dir='ltr'><strong>populum</strong></span> <span class='ocrx_word' id='word_1_512' title='bbox 1460 3360 1657 3413; x_wconf 78' lang='lat' dir='ltr'><strong>istum?</strong></span> <span class='ocrx_word' id='word_1_513' title='bbox 1689 3360 1750 3413; x_wconf 84' lang='lat' dir='ltr'><strong>Et</strong></span> <span class='ocrx_word' id='word_1_514' title='bbox 1794 3362 1875 3414; x_wconf 67' lang='lat' dir='ltr'><strong>ditt</strong></span> 
     </span>
    </p>
   </div>
   <div class='ocr_carea' id='block_1_42' title="bbox 2142 3352 3626 3428">
    <p class='ocr_par' dir='ltr' id='par_1_42' title="bbox 2142 3352 3626 3421">
     <span class='ocr_line' id='line_1_42' title="bbox 2142 3352 3626 3421; baseline 0.003 -15"><span class='ocrx_word' id='word_1_515' title='bbox 2142 3352 2226 3407; x_wconf 87' lang='lat' dir='ltr'><strong>Sic</strong></span> <span class='ocrx_word' id='word_1_516' title='bbox 2270 3353 2416 3408; x_wconf 92' lang='lat' dir='ltr'><strong>dices</strong></span> <span class='ocrx_word' id='word_1_517' title='bbox 2464 3354 2586 3407; x_wconf 86' lang='lat' dir='ltr'><strong>filiis</strong></span> <span class='ocrx_word' id='word_1_518' title='bbox 2636 3354 2801 3409; x_wconf 90' lang='lat' dir='ltr'><strong>lsrael</strong></span> <span class='ocrx_word' id='word_1_519' title='bbox 2845 3374 2857 3408; x_wconf 91' lang='lat'>:</span> <span class='ocrx_word' id='word_1_520' title='bbox 2902 3355 3003 3421; x_wconf 88' lang='lat' dir='ltr'><strong>Qui</strong></span> <span class='ocrx_word' id='word_1_521' title='bbox 3043 3366 3155 3420; x_wconf 83' lang='lat' dir='ltr'><strong>est,</strong></span> <span class='ocrx_word' id='word_1_522' title='bbox 3223 3358 3371 3413; x_wconf 86' lang='lat' dir='ltr'><strong>misit</strong></span> <span class='ocrx_word' id='word_1_523' title='bbox 3435 3376 3521 3413; x_wconf 92' lang='lat' dir='ltr'><strong>me</strong></span> <span class='ocrx_word' id='word_1_524' title='bbox 3570 3362 3626 3411; x_wconf 84' lang='lat' dir='ltr'><strong>ad</strong></span> 
     </span>
    </p>
   </div>
   <div class='ocr_carea' id='block_1_43' title="bbox 390 3444 3624 3522">
    <p class='ocr_par' dir='ltr' id='par_1_43' title="bbox 390 3444 3624 3522">
     <span class='ocr_line' id='line_1_43' title="bbox 390 3444 3624 3522; baseline 0.003 -20"><span class='ocrx_word' id='word_1_525' title='bbox 390 3448 529 3504; x_wconf 85' lang='lat' dir='ltr'><strong>Ecce</strong></span> <span class='ocrx_word' id='word_1_526' title='bbox 556 3464 675 3519; x_wconf 85' lang='lat' dir='ltr'><strong>ego,</strong></span> <span class='ocrx_word' id='word_1_527' title='bbox 704 3450 854 3503; x_wconf 89' lang='lat' dir='ltr'><strong>mitte</strong></span> <span class='ocrx_word' id='word_1_528' title='bbox 886 3464 989 3503; x_wconf 89' lang='lat' dir='ltr'><strong>me.</strong></span> <span class='ocrx_word' id='word_1_529' title='bbox 1021 3447 1190 3512; x_wconf 85' lang='lat' dir='ltr'><strong>Vade,</strong></span> <span class='ocrx_word' id='word_1_530' title='bbox 1214 3469 1233 3502; x_wconf 77' lang='grc' dir='ltr'><strong>ι</strong></span> <span class='ocrx_word' id='word_1_531' title='bbox 1271 3451 1465 3519; x_wconf 91' lang='lat' dir='ltr'><strong>inquit,</strong></span> <span class='ocrx_word' id='word_1_532' title='bbox 1507 3468 1526 3501; x_wconf 76' lang='grc' dir='ltr'><strong>ι</strong></span> <span class='ocrx_word' id='word_1_533' title='bbox 1554 3459 1606 3504; x_wconf 89' lang='lat' dir='ltr'><strong>et</strong></span> <span class='ocrx_word' id='word_1_534' title='bbox 1646 3452 1730 3506; x_wconf 92' lang='lat' dir='ltr'><strong>dic</strong></span> <span class='ocrx_word' id='word_1_535' title='bbox 1766 3452 1961 3522; x_wconf 91' lang='lat' dir='ltr'><strong>populo</strong></span> <span class='ocrx_word' id='word_1_536' title='bbox 2063 3458 2159 3498; x_wconf 74' lang='lat' dir='ltr'><strong>VOS</strong></span> <span class='ocrx_word' id='word_1_537' title='bbox 2176 3444 2293 3510; x_wconf 73' lang='grc' dir='ltr'><strong>Ι⁵¹’;³</strong></span> <span class='ocrx_word' id='word_1_538' title='bbox 2346 3454 2399 3497; x_wconf 65' lang='grc' dir='ltr'><strong>ει</strong></span> <span class='ocrx_word' id='word_1_539' title='bbox 2453 3460 2681 3499; x_wconf 70' lang='grc' dir='ltr'><strong>τυτευεε</strong></span> <span class='ocrx_word' id='word_1_540' title='bbox 2723 3464 2741 3497; x_wconf 75' lang='grc' dir='ltr'><strong>ι</strong></span> <span class='ocrx_word' id='word_1_541' title='bbox 2779 3447 2931 3501; x_wconf 73' lang='lat' dir='ltr'><strong>Dices</strong></span> <span class='ocrx_word' id='word_1_542' title='bbox 2979 3448 3060 3502; x_wconf 73' lang='lat' dir='ltr'><strong>eis</strong></span> <span class='ocrx_word' id='word_1_543' title='bbox 3095 3447 3276 3503; x_wconf 73' lang='grc' dir='ltr'><strong>εῧειιε</strong></span> <span class='ocrx_word' id='word_1_544' title='bbox 3326 3452 3624 3512; x_wconf 72' lang='lat' dir='ltr'><strong>Abraham.</strong></span> 
     </span>
    </p>
   </div>
   <div class='ocr_carea' id='block_1_44' title="bbox 389 3532 3621 3611">
    <p class='ocr_par' dir='ltr' id='par_1_44' title="bbox 389 3532 3621 3611">
     <span class='ocr_line' id='line_1_44' title="bbox 389 3532 3621 3611; baseline 0.002 -16"><span class='ocrx_word' id='word_1_545' title='bbox 389 3541 554 3595; x_wconf 88' lang='lat' dir='ltr'><strong>huic:</strong></span> <span class='ocrx_word' id='word_1_546' title='bbox 584 3541 727 3593; x_wconf 86' lang='lat' dir='ltr'><strong>Aure</strong></span> <span class='ocrx_word' id='word_1_547' title='bbox 764 3541 992 3597; x_wconf 78' lang='lat' dir='ltr'><strong>audietis</strong></span> <span class='ocrx_word' id='word_1_548' title='bbox 1012 3541 1087 3605; x_wconf 73' lang='lat'><strong>&quot;;</strong></span> <span class='ocrx_word' id='word_1_549' title='bbox 1115 3561 1134 3593; x_wconf 73' lang='grc' dir='ltr'><strong>ι</strong></span> <span class='ocrx_word' id='word_1_550' title='bbox 1174 3554 1225 3596; x_wconf 89' lang='lat' dir='ltr'><strong>et</strong></span> <span class='ocrx_word' id='word_1_551' title='bbox 1258 3553 1379 3611; x_wconf 91' lang='lat' dir='ltr'><strong>post</strong></span> <span class='ocrx_word' id='word_1_552' title='bbox 1409 3542 1513 3595; x_wconf 89' lang='lat' dir='ltr'><strong>alia</strong></span> <span class='ocrx_word' id='word_1_553' title='bbox 1545 3543 1662 3610; x_wconf 87' lang='lat' dir='ltr'><strong>ipse</strong></span> <span class='ocrx_word' id='word_1_554' title='bbox 1696 3544 1956 3601; x_wconf 90' lang='lat' dir='ltr'><strong>Dominus</strong></span> <span class='ocrx_word' id='word_1_555' title='bbox 2064 3532 2235 3599; x_wconf 63' lang='lat'><strong>15330.</strong></span> <span class='ocrx_word' id='word_1_556' title='bbox 2283 3544 2336 3589; x_wconf 73' lang='grc' dir='ltr'><strong>ει</strong></span> <span class='ocrx_word' id='word_1_557' title='bbox 2382 3536 2546 3590; x_wconf 64' lang='grc'><strong>1³1001)</strong></span> <span class='ocrx_word' id='word_1_558' title='bbox 2602 3538 2746 3590; x_wconf 73' lang='grc' dir='ltr'><strong>ιιιὶδῑι</strong></span> <span class='ocrx_word' id='word_1_559' title='bbox 2784 3553 2868 3591; x_wconf 76' lang='lat' dir='ltr'><strong>Ille</strong></span> <span class='ocrx_word' id='word_1_560' title='bbox 2927 3540 2991 3592; x_wconf 73' lang='lat' dir='ltr'><strong>ad</strong></span> <span class='ocrx_word' id='word_1_561' title='bbox 3042 3554 3134 3595; x_wconf 77' lang='lat' dir='ltr'><strong>VOS</strong></span> <span class='ocrx_word' id='word_1_562' title='bbox 3158 3542 3227 3595; x_wconf 80' lang='grc'><strong>⁵⁸.</strong></span> <span class='ocrx_word' id='word_1_563' title='bbox 3253 3559 3271 3592; x_wconf 76' lang='grc' dir='ltr'><strong>ι</strong></span> <span class='ocrx_word' id='word_1_564' title='bbox 3337 3543 3621 3597; x_wconf 68' lang='lat' dir='ltr'><strong>Servoruu</strong></span> 
     </span>
    </p>
   </div>
   <div class='ocr_carea' id='block_1_45' title="bbox 389 3626 3623 3702">
    <p class='ocr_par' dir='ltr' id='par_1_45' title="bbox 389 3626 3623 3702">
     <span class='ocr_line' id='line_1_45' title="bbox 389 3626 3623 3702; baseline 0.002 -23"><span class='ocrx_word' id='word_1_565' title='bbox 389 3631 503 3685; x_wconf 78' lang='lat' dir='ltr'><strong>ait:</strong></span> <span class='ocrx_word' id='word_1_566' title='bbox 542 3648 562 3682; x_wconf 74' lang='grc' dir='ltr'><strong>ι</strong></span> <span class='ocrx_word' id='word_1_567' title='bbox 592 3632 657 3684; x_wconf 85' lang='grc' dir='ltr'><strong>Ει</strong></span> <span class='ocrx_word' id='word_1_568' title='bbox 687 3642 1084 3698; x_wconf 82' lang='lat' dir='ltr'><strong>convertentur,</strong></span> <span class='ocrx_word' id='word_1_569' title='bbox 1116 3642 1167 3687; x_wconf 79' lang='lat' dir='ltr'><strong>et</strong></span> <span class='ocrx_word' id='word_1_570' title='bbox 1201 3635 1400 3688; x_wconf 63' lang='lat' dir='ltr'><strong>sonabo</strong></span> <span class='ocrx_word' id='word_1_571' title='bbox 1430 3635 1547 3690; x_wconf 80' lang='lat' dir='ltr'><strong>illos</strong></span> <span class='ocrx_word' id='word_1_572' title='bbox 1575 3634 1644 3688; x_wconf 64' lang='grc' dir='ltr'><strong>δι,</strong></span> <span class='ocrx_word' id='word_1_573' title='bbox 1672 3653 1689 3686; x_wconf 72' lang='grc' dir='ltr'><strong>ι</strong></span> <span class='ocrx_word' id='word_1_574' title='bbox 1739 3634 1806 3688; x_wconf 86' lang='grc' dir='ltr'><strong>Ει</strong></span> <span class='ocrx_word' id='word_1_575' title='bbox 1844 3644 1961 3690; x_wconf 76' lang='lat' dir='ltr'><strong>sta-</strong></span> <span class='ocrx_word' id='word_1_576' title='bbox 2064 3628 2264 3698; x_wconf 91' lang='lat' dir='ltr'><strong>quippe</strong></span> <span class='ocrx_word' id='word_1_577' title='bbox 2314 3626 2578 3697; x_wconf 87' lang='lat' dir='ltr'><strong>justorum</strong></span> <span class='ocrx_word' id='word_1_578' title='bbox 2632 3629 2818 3696; x_wconf 88' lang='lat' dir='ltr'><strong>quales</strong></span> <span class='ocrx_word' id='word_1_579' title='bbox 2870 3641 3024 3684; x_wconf 88' lang='lat' dir='ltr'><strong>erant</strong></span> <span class='ocrx_word' id='word_1_580' title='bbox 3073 3633 3137 3687; x_wconf 84' lang='lat' dir='ltr'><strong>de</strong></span> <span class='ocrx_word' id='word_1_581' title='bbox 3198 3634 3397 3702; x_wconf 90' lang='lat' dir='ltr'><strong>quibus</strong></span> <span class='ocrx_word' id='word_1_582' title='bbox 3453 3636 3623 3689; x_wconf 78' lang='lat' dir='ltr'><strong>dixit:</strong></span> 
     </span>
    </p>
   </div>
   <div class='ocr_carea' id='block_1_46' title="bbox 391 3717 3618 3793">
    <p class='ocr_par' dir='ltr' id='par_1_46' title="bbox 391 3717 3618 3793">
     <span class='ocr_line' id='line_1_46' title="bbox 391 3717 3618 3793; baseline 0.003 -27"><span class='ocrx_word' id='word_1_583' title='bbox 391 3721 487 3775; x_wconf 81' lang='lat' dir='ltr'><strong>lim</strong></span> <span class='ocrx_word' id='word_1_584' title='bbox 532 3724 789 3792; x_wconf 69' lang='lat' dir='ltr'><strong>propheta</strong></span> <span class='ocrx_word' id='word_1_585' title='bbox 817 3739 833 3777; x_wconf 68' lang='grc' dir='ltr'><strong>ι</strong></span> <span class='ocrx_word' id='word_1_586' title='bbox 869 3742 889 3774; x_wconf 70' lang='grc' dir='ltr'><strong>ι</strong></span> <span class='ocrx_word' id='word_1_587' title='bbox 919 3723 1228 3793; x_wconf 62' lang='lat' dir='ltr'><strong>Quousque,</strong></span> <span class='ocrx_word' id='word_1_588' title='bbox 1276 3726 1534 3780; x_wconf 76' lang='lat' dir='ltr'><strong>Domine?</strong></span> <span class='ocrx_word' id='word_1_589' title='bbox 1554 3745 1573 3779; x_wconf 70' lang='grc' dir='ltr'><strong>ι</strong></span> <span class='ocrx_word' id='word_1_590' title='bbox 1627 3742 1753 3781; x_wconf 82' lang='lat' dir='ltr'><strong>cum</strong></span> <span class='ocrx_word' id='word_1_591' title='bbox 1804 3727 1949 3781; x_wconf 81' lang='lat' dir='ltr'><strong>enim</strong></span> <span class='ocrx_word' id='word_1_592' title='bbox 2069 3737 2089 3771; x_wconf 73' lang='grc' dir='ltr'>ι</span> <span class='ocrx_word' id='word_1_593' title='bbox 2120 3717 2382 3770; x_wconf 80' lang='lat' dir='ltr'><strong>Mandabo</strong></span> <span class='ocrx_word' id='word_1_594' title='bbox 2403 3720 2454 3770; x_wconf 87' lang='lat' dir='ltr'><strong>ill</strong></span> <span class='ocrx_word' id='word_1_595' title='bbox 2484 3717 2686 3786; x_wconf 87' lang='lat' dir='ltr'><strong>Spiritu</strong></span> <span class='ocrx_word' id='word_1_596' title='bbox 2718 3734 2839 3775; x_wconf 86' lang='lat' dir='ltr'><strong>meo</strong></span> <span class='ocrx_word' id='word_1_597' title='bbox 2866 3723 3037 3775; x_wconf 86' lang='lat' dir='ltr'><strong>servis</strong></span> <span class='ocrx_word' id='word_1_598' title='bbox 3061 3725 3194 3778; x_wconf 88' lang='lat' dir='ltr'><strong>meis</strong></span> <span class='ocrx_word' id='word_1_599' title='bbox 3225 3728 3508 3793; x_wconf 78' lang='lat' dir='ltr'><strong>prophetis</strong></span> <span class='ocrx_word' id='word_1_600' title='bbox 3523 3728 3580 3787; x_wconf 81' lang='grc'><strong>³¹,</strong></span> <span class='ocrx_word' id='word_1_601' title='bbox 3602 3746 3618 3776; x_wconf 66' lang='grc' dir='ltr'><strong>ι</strong></span> 
     </span>
    </p>
   </div>
   <div class='ocr_carea' id='block_1_47' title="bbox 392 3806 3623 3887">
    <p class='ocr_par' dir='ltr' id='par_1_47' title="bbox 392 3806 3623 3887">
     <span class='ocr_line' id='line_1_47' title="bbox 392 3806 3623 3887; baseline 0.005 -36"><span class='ocrx_word' id='word_1_602' title='bbox 392 3810 650 3867; x_wconf 69' lang='lat' dir='ltr'><strong>Dominus</strong></span> <span class='ocrx_word' id='word_1_603' title='bbox 683 3815 748 3867; x_wconf 67' lang='lat' dir='ltr'><strong>ad</strong></span> <span class='ocrx_word' id='word_1_604' title='bbox 784 3816 1100 3885; x_wconf 68' lang='lat' dir='ltr'><strong>propnemm</strong></span> <span class='ocrx_word' id='word_1_605' title='bbox 1131 3816 1374 3880; x_wconf 62' lang='lat' dir='ltr'><strong>dixisset,</strong></span> <span class='ocrx_word' id='word_1_606' title='bbox 1408 3826 1467 3871; x_wconf 81' lang='grc' dir='ltr'><strong>υι</strong></span> <span class='ocrx_word' id='word_1_607' title='bbox 1496 3834 1556 3872; x_wconf 72' lang='lat' dir='ltr'><strong>ea</strong></span> <span class='ocrx_word' id='word_1_608' title='bbox 1584 3833 1705 3887; x_wconf 57' lang='lat' dir='ltr'><strong>qua;</strong></span> <span class='ocrx_word' id='word_1_609' title='bbox 1738 3818 1939 3886; x_wconf 64' lang='lat' dir='ltr'><strong>scr-3pm</strong></span> <span class='ocrx_word' id='word_1_610' title='bbox 2064 3808 2117 3863; x_wconf 91' lang='lat' dir='ltr'><strong>in</strong></span> <span class='ocrx_word' id='word_1_611' title='bbox 2166 3806 2382 3861; x_wconf 89' lang='lat' dir='ltr'><strong>nomine</strong></span> <span class='ocrx_word' id='word_1_612' title='bbox 2430 3806 2518 3861; x_wconf 90' lang='lat' dir='ltr'><strong>Dei</strong></span> <span class='ocrx_word' id='word_1_613' title='bbox 2554 3807 2693 3861; x_wconf 87' lang='lat' dir='ltr'><strong>facta</strong></span> <span class='ocrx_word' id='word_1_614' title='bbox 2722 3817 2805 3862; x_wconf 89' lang='lat' dir='ltr'><strong>est</strong></span> <span class='ocrx_word' id='word_1_615' title='bbox 2836 3811 3040 3866; x_wconf 89' lang='lat' dir='ltr'><strong>missio.</strong></span> <span class='ocrx_word' id='word_1_616' title='bbox 3072 3813 3138 3867; x_wconf 88' lang='lat' dir='ltr'><strong>Et</strong></span> <span class='ocrx_word' id='word_1_617' title='bbox 3166 3815 3292 3883; x_wconf 86' lang='lat' dir='ltr'><strong>quia</strong></span> <span class='ocrx_word' id='word_1_618' title='bbox 3337 3814 3493 3887; x_wconf 77' lang='lat' dir='ltr'><strong>[[url.</strong></span> <span class='ocrx_word' id='word_1_619' title='bbox 3519 3815 3623 3886; x_wconf 77' lang='lat' dir='ltr'><strong>qui]</strong></span> 
     </span>
    </p>
   </div>
   <div class='ocr_carea' id='block_1_48' title="bbox 391 3898 3624 3974">
    <p class='ocr_par' dir='ltr' id='par_1_48' title="bbox 391 3898 3624 3974">
     <span class='ocr_line' id='line_1_48' title="bbox 391 3898 3624 3974; baseline 0.003 -24"><span class='ocrx_word' id='word_1_620' title='bbox 391 3912 537 3967; x_wconf 84' lang='lat' dir='ltr'><strong>sunt,</strong></span> <span class='ocrx_word' id='word_1_621' title='bbox 571 3903 779 3959; x_wconf 79' lang='lat' dir='ltr'><strong>diceret</strong></span> <span class='ocrx_word' id='word_1_622' title='bbox 816 3903 951 3974; x_wconf 80' lang='grc'>(69),</span> <span class='ocrx_word' id='word_1_623' title='bbox 986 3915 1040 3957; x_wconf 87' lang='lat' dir='ltr'><strong>et</strong></span> <span class='ocrx_word' id='word_1_624' title='bbox 1073 3905 1339 3974; x_wconf 84' lang='lat' dir='ltr'><strong>propheta</strong></span> <span class='ocrx_word' id='word_1_625' title='bbox 1375 3905 1582 3973; x_wconf 74' lang='lat' dir='ltr'><strong>jubenii</strong></span> <span class='ocrx_word' id='word_1_626' title='bbox 1619 3906 1843 3961; x_wconf 84' lang='lat' dir='ltr'><strong>Domino</strong></span> <span class='ocrx_word' id='word_1_627' title='bbox 1879 3922 1963 3960; x_wconf 82' lang='lat' dir='ltr'><strong>re-</strong></span> <span class='ocrx_word' id='word_1_628' title='bbox 2063 3899 2255 3964; x_wconf 76' lang='lat' dir='ltr'><strong>dignos</strong></span> <span class='ocrx_word' id='word_1_629' title='bbox 2293 3912 2352 3952; x_wconf 88' lang='lat' dir='ltr'><strong>se</strong></span> <span class='ocrx_word' id='word_1_630' title='bbox 2388 3898 2747 3953; x_wconf 83' lang='lat' dir='ltr'><strong>exhibuerunt</strong></span> <span class='ocrx_word' id='word_1_631' title='bbox 2784 3900 2914 3965; x_wconf 91' lang='lat' dir='ltr'><strong>Deo,</strong></span> <span class='ocrx_word' id='word_1_632' title='bbox 2963 3903 3013 3956; x_wconf 92' lang='lat' dir='ltr'><strong>in</strong></span> <span class='ocrx_word' id='word_1_633' title='bbox 3051 3906 3266 3960; x_wconf 89' lang='lat' dir='ltr'><strong>nomine</strong></span> <span class='ocrx_word' id='word_1_634' title='bbox 3297 3907 3393 3962; x_wconf 90' lang='lat' dir='ltr'><strong>Dei</strong></span> <span class='ocrx_word' id='word_1_635' title='bbox 3426 3911 3624 3963; x_wconf 80' lang='lat' dir='ltr'><strong>venisse</strong></span> 
     </span>
    </p>
   </div>
   <div class='ocr_carea' id='block_1_49' title="bbox 388 3990 1872 4069">
    <p class='ocr_par' dir='ltr' id='par_1_49' title="bbox 388 3996 1856 4069">
     <span class='ocr_line' id='line_1_49' title="bbox 388 3996 1856 4069; baseline 0.003 -21"><span class='ocrx_word' id='word_1_636' title='bbox 388 3996 693 4065; x_wconf 79' lang='lat' dir='ltr'><strong>spondisset</strong></span> <span class='ocrx_word' id='word_1_637' title='bbox 732 4014 746 4050; x_wconf 93' lang='lat'><strong>:</strong></span> <span class='ocrx_word' id='word_1_638' title='bbox 784 4015 803 4048; x_wconf 71' lang='grc' dir='ltr'><strong>ι</strong></span> <span class='ocrx_word' id='word_1_639' title='bbox 835 3996 1141 4065; x_wconf 88' lang='lat' dir='ltr'><strong>Usquequo,</strong></span> <span class='ocrx_word' id='word_1_640' title='bbox 1191 3996 1419 4052; x_wconf 91' lang='lat' dir='ltr'><strong>Domine</strong></span> <span class='ocrx_word' id='word_1_641' title='bbox 1446 3998 1568 4050; x_wconf 63' lang='lat'><strong>‘5?»</strong></span> <span class='ocrx_word' id='word_1_642' title='bbox 1624 4013 1685 4052; x_wconf 89' lang='lat' dir='ltr'><strong>ea</strong></span> <span class='ocrx_word' id='word_1_643' title='bbox 1736 4014 1856 4069; x_wconf 78' lang='lat' dir='ltr'><strong>qua:</strong></span> 
     </span>
    </p>
   </div>
   <div class='ocr_carea' id='block_1_50' title="bbox 2135 3990 3619 4069">
    <p class='ocr_par' dir='ltr' id='par_1_50' title="bbox 2135 3990 3619 4067">
     <span class='ocr_line' id='line_1_50' title="bbox 2135 3990 3619 4067; baseline 0.005 -24"><span class='ocrx_word' id='word_1_644' title='bbox 2135 3990 2376 4045; x_wconf 88' lang='lat' dir='ltr'><strong>feruntur</strong></span> <span class='ocrx_word' id='word_1_645' title='bbox 2413 4007 2426 4043; x_wconf 89' lang='lat'><strong>:</strong></span> <span class='ocrx_word' id='word_1_646' title='bbox 2459 4006 2647 4045; x_wconf 88' lang='lat' dir='ltr'><strong>rursus</strong></span> <span class='ocrx_word' id='word_1_647' title='bbox 2700 3994 3040 4061; x_wconf 82' lang='lat' dir='ltr'><strong>proficientes</strong></span> <span class='ocrx_word' id='word_1_648' title='bbox 3089 3998 3139 4050; x_wconf 92' lang='lat' dir='ltr'><strong>in</strong></span> <span class='ocrx_word' id='word_1_649' title='bbox 3174 4000 3372 4067; x_wconf 87' lang='lat' dir='ltr'><strong>majus,</strong></span> <span class='ocrx_word' id='word_1_650' title='bbox 3425 4012 3483 4054; x_wconf 82' lang='lat' dir='ltr'><strong>et</strong></span> <span class='ocrx_word' id='word_1_651' title='bbox 3532 3999 3619 4053; x_wconf 84' lang='lat' dir='ltr'><strong>sub</strong></span> 
     </span>
    </p>
   </div>
   <div class='ocr_carea' id='block_1_51' title="bbox 393 4080 3619 4158">
    <p class='ocr_par' dir='ltr' id='par_1_51' title="bbox 393 4080 3619 4158">
     <span class='ocr_line' id='line_1_51' title="bbox 393 4080 3619 4158; baseline 0.002 -23"><span class='ocrx_word' id='word_1_652' title='bbox 393 4087 656 4156; x_wconf 84' lang='lat' dir='ltr'><strong>propheta</strong></span> <span class='ocrx_word' id='word_1_653' title='bbox 697 4101 727 4139; x_wconf 85' lang='lat' dir='ltr'><strong>a</strong></span> <span class='ocrx_word' id='word_1_654' title='bbox 763 4086 990 4141; x_wconf 84' lang='lat' dir='ltr'><strong>Domino</strong></span> <span class='ocrx_word' id='word_1_655' title='bbox 1045 4090 1184 4143; x_wconf 81' lang='lat' dir='ltr'><strong>dicta</strong></span> <span class='ocrx_word' id='word_1_656' title='bbox 1240 4097 1384 4154; x_wconf 75' lang='lat' dir='ltr'><strong>sunt,</strong></span> <span class='ocrx_word' id='word_1_657' title='bbox 1434 4088 1485 4142; x_wconf 87' lang='lat' dir='ltr'><strong>in</strong></span> <span class='ocrx_word' id='word_1_658' title='bbox 1522 4088 1723 4158; x_wconf 76' lang='lat' dir='ltr'><strong>Spiritu</strong></span> <span class='ocrx_word' id='word_1_659' title='bbox 1774 4100 1960 4144; x_wconf 70' lang='lat' dir='ltr'><strong>sancto</strong></span> <span class='ocrx_word' id='word_1_660' title='bbox 2064 4081 2222 4135; x_wconf 91' lang='lat' dir='ltr'><strong>unius</strong></span> <span class='ocrx_word' id='word_1_661' title='bbox 2273 4081 2362 4135; x_wconf 87' lang='lat' dir='ltr'><strong>Dei</strong></span> <span class='ocrx_word' id='word_1_662' title='bbox 2418 4080 2645 4150; x_wconf 90' lang='lat' dir='ltr'><strong>imperio</strong></span> <span class='ocrx_word' id='word_1_663' title='bbox 2698 4084 3084 4148; x_wconf 80' lang='lat' dir='ltr'><strong>consistentes,</strong></span> <span class='ocrx_word' id='word_1_664' title='bbox 3130 4087 3181 4140; x_wconf 92' lang='lat' dir='ltr'><strong>in</strong></span> <span class='ocrx_word' id='word_1_665' title='bbox 3238 4088 3619 4156; x_wconf 82' lang='lat' dir='ltr'><strong>omnipotentis</strong></span> 
     </span>
    </p>
   </div>
   <div class='ocr_carea' id='block_1_52' title="bbox 388 4172 3618 4249">
    <p class='ocr_par' dir='ltr' id='par_1_52' title="bbox 388 4172 3618 4249">
     <span class='ocr_line' id='line_1_52' title="bbox 388 4172 3618 4249; baseline 0.003 -29"><span class='ocrx_word' id='word_1_666' title='bbox 388 4188 807 4233; x_wconf 73' lang='lat' dir='ltr'><strong>commemorata</strong></span> <span class='ocrx_word' id='word_1_667' title='bbox 873 4176 1073 4233; x_wconf 79' lang='lat' dir='ltr'><strong>Paulus</strong></span> <span class='ocrx_word' id='word_1_668' title='bbox 1136 4179 1392 4234; x_wconf 71' lang='lat' dir='ltr'><strong>aﬂirmat,</strong></span> <span class='ocrx_word' id='word_1_669' title='bbox 1456 4180 1530 4233; x_wconf 70' lang='lat' dir='ltr'><strong>Ex</strong></span> <span class='ocrx_word' id='word_1_670' title='bbox 1586 4195 1694 4249; x_wconf 79' lang='lat' dir='ltr'><strong>quo</strong></span> <span class='ocrx_word' id='word_1_671' title='bbox 1759 4181 1961 4249; x_wconf 74' lang='lat' dir='ltr'><strong>liquido</strong></span> <span class='ocrx_word' id='word_1_672' title='bbox 2067 4172 2155 4225; x_wconf 92' lang='lat' dir='ltr'><strong>Dei</strong></span> <span class='ocrx_word' id='word_1_673' title='bbox 2194 4172 2588 4240; x_wconf 68' lang='lat' dir='ltr'><strong>nuncupatione</strong></span> <span class='ocrx_word' id='word_1_674' title='bbox 2635 4185 2918 4227; x_wconf 84' lang='lat' dir='ltr'><strong>venerunt.</strong></span> <span class='ocrx_word' id='word_1_675' title='bbox 2955 4177 3086 4240; x_wconf 84' lang='lat' dir='ltr'><strong>Quia</strong></span> <span class='ocrx_word' id='word_1_676' title='bbox 3137 4191 3263 4231; x_wconf 77' lang='lat' dir='ltr'><strong>vero</strong></span> <span class='ocrx_word' id='word_1_677' title='bbox 3310 4180 3406 4231; x_wconf 69' lang='lat' dir='ltr'><strong>[iiii</strong></span> <span class='ocrx_word' id='word_1_678' title='bbox 3465 4178 3618 4232; x_wconf 67' lang='lat' dir='ltr'><strong>Israel</strong></span> 
     </span>
    </p>
   </div>
   <div class='ocr_carea' id='block_1_53' title="bbox 389 4260 1873 4339">
    <p class='ocr_par' dir='ltr' id='par_1_53' title="bbox 389 4269 1864 4339">
     <span class='ocr_line' id='line_1_53' title="bbox 389 4269 1864 4339; baseline 0.001 -16"><span class='ocrx_word' id='word_1_679' title='bbox 389 4269 710 4333; x_wconf 85' lang='lat' dir='ltr'><strong>ostenditur,</strong></span> <span class='ocrx_word' id='word_1_680' title='bbox 742 4278 802 4322; x_wconf 92' lang='lat' dir='ltr'><strong>ut</strong></span> <span class='ocrx_word' id='word_1_681' title='bbox 831 4284 969 4337; x_wconf 67' lang='lat' dir='ltr'><strong>saepe</strong></span> <span class='ocrx_word' id='word_1_682' title='bbox 994 4270 1105 4339; x_wconf 88' lang='lat' dir='ltr'><strong>jam</strong></span> <span class='ocrx_word' id='word_1_683' title='bbox 1139 4271 1394 4334; x_wconf 79' lang='lat' dir='ltr'><strong>diximus,</strong></span> <span class='ocrx_word' id='word_1_684' title='bbox 1428 4286 1588 4324; x_wconf 89' lang='lat' dir='ltr'><strong>unam</strong></span> <span class='ocrx_word' id='word_1_685' title='bbox 1620 4283 1672 4324; x_wconf 90' lang='lat' dir='ltr'><strong>ct</strong></span> <span class='ocrx_word' id='word_1_686' title='bbox 1706 4272 1864 4324; x_wconf 88' lang='lat' dir='ltr'><strong>volun</strong></span> 
     </span>
    </p>
   </div>
   <div class='ocr_carea' id='block_1_54' title="bbox 2134 4260 3618 4339">
    <p class='ocr_par' dir='ltr' id='par_1_54' title="bbox 2143 4260 3618 4337">
     <span class='ocr_line' id='line_1_54' title="bbox 2143 4260 3618 4337; baseline 0.003 -23"><span class='ocrx_word' id='word_1_687' title='bbox 2143 4260 2377 4333; x_wconf 65' lang='lat' dir='ltr'><strong>Egypto</strong></span> <span class='ocrx_word' id='word_1_688' title='bbox 2423 4273 2843 4327; x_wconf 88' lang='lat' dir='ltr'><strong>commorantes,</strong></span> <span class='ocrx_word' id='word_1_689' title='bbox 2890 4265 3189 4319; x_wconf 85' lang='lat' dir='ltr'><strong>didicerunt</strong></span> <span class='ocrx_word' id='word_1_690' title='bbox 3221 4280 3338 4331; x_wconf 91' lang='lat' dir='ltr'><strong>eos,</strong></span> <span class='ocrx_word' id='word_1_691' title='bbox 3385 4270 3477 4337; x_wconf 92' lang='lat' dir='ltr'><strong>qui</strong></span> <span class='ocrx_word' id='word_1_692' title='bbox 3526 4282 3618 4321; x_wconf 87' lang='lat' dir='ltr'><strong>non</strong></span> 
     </span>
    </p>
   </div>
   <div class='ocr_carea' id='block_1_55' title="bbox 396 4354 3611 4432">
    <p class='ocr_par' dir='ltr' id='par_1_55' title="bbox 396 4354 3611 4432">
     <span class='ocr_line' id='line_1_55' title="bbox 396 4354 3611 4432; baseline 0 -18"><span class='ocrx_word' id='word_1_693' title='bbox 396 4371 501 4415; x_wconf 89' lang='lat' dir='ltr'><strong>tem</strong></span> <span class='ocrx_word' id='word_1_694' title='bbox 530 4370 584 4414; x_wconf 90' lang='lat' dir='ltr'><strong>et</strong></span> <span class='ocrx_word' id='word_1_695' title='bbox 617 4371 861 4414; x_wconf 89' lang='lat' dir='ltr'><strong>naturam</strong></span> <span class='ocrx_word' id='word_1_696' title='bbox 895 4362 1102 4415; x_wconf 91' lang='lat' dir='ltr'><strong>Domini</strong></span> <span class='ocrx_word' id='word_1_697' title='bbox 1130 4376 1273 4426; x_wconf 83' lang='lat' dir='ltr'><strong>esse,</strong></span> <span class='ocrx_word' id='word_1_698' title='bbox 1315 4373 1369 4417; x_wconf 86' lang='lat' dir='ltr'><strong>et</strong></span> <span class='ocrx_word' id='word_1_699' title='bbox 1406 4360 1641 4430; x_wconf 91' lang='lat' dir='ltr'><strong>Spiritus</strong></span> <span class='ocrx_word' id='word_1_700' title='bbox 1672 4363 1864 4429; x_wconf 91' lang='lat' dir='ltr'><strong>sancti,</strong></span> <span class='ocrx_word' id='word_1_701' title='bbox 1904 4372 1959 4417; x_wconf 90' lang='lat' dir='ltr'><strong>et</strong></span> <span class='ocrx_word' id='word_1_702' title='bbox 2063 4364 2206 4418; x_wconf 73' lang='lat' dir='ltr'><strong>sum.</strong></span> <span class='ocrx_word' id='word_1_703' title='bbox 2238 4354 2388 4423; x_wconf 81' lang='lat' dir='ltr'><strong>quasi</strong></span> <span class='ocrx_word' id='word_1_704' title='bbox 2439 4354 2568 4408; x_wconf 75' lang='lat' dir='ltr'><strong>deos</strong></span> <span class='ocrx_word' id='word_1_705' title='bbox 2611 4356 2805 4417; x_wconf 70' lang='grc' dir='ltr'><strong>εοὶϐτθ.</strong></span> <span class='ocrx_word' id='word_1_706' title='bbox 2850 4366 2903 4409; x_wconf 82' lang='lat' dir='ltr'><strong>el</strong></span> <span class='ocrx_word' id='word_1_707' title='bbox 2945 4358 3124 4410; x_wconf 78' lang='lat' dir='ltr'><strong>mundi</strong></span> <span class='ocrx_word' id='word_1_708' title='bbox 3160 4367 3342 4425; x_wconf 74' lang='lat' dir='ltr'><strong>patres</strong></span> <span class='ocrx_word' id='word_1_709' title='bbox 3384 4361 3494 4432; x_wconf 82' lang='lat' dir='ltr'><strong>(7i)</strong></span> <span class='ocrx_word' id='word_1_710' title='bbox 3538 4361 3611 4412; x_wconf 86' lang='lat' dir='ltr'><strong>di-</strong></span> 
     </span>
    </p>
   </div>
   <div class='ocr_carea' id='block_1_56' title="bbox 388 4447 3617 4524">
    <p class='ocr_par' dir='ltr' id='par_1_56' title="bbox 388 4447 3617 4524">
     <span class='ocr_line' id='line_1_56' title="bbox 388 4447 3617 4524; baseline 0.002 -18"><span class='ocrx_word' id='word_1_711' title='bbox 388 4452 441 4506; x_wconf 91' lang='lat' dir='ltr'><strong>in</strong></span> <span class='ocrx_word' id='word_1_712' title='bbox 474 4454 873 4520; x_wconf 89' lang='lat' dir='ltr'><strong>nuncupatione</strong></span> <span class='ocrx_word' id='word_1_713' title='bbox 918 4451 1153 4520; x_wconf 87' lang='lat' dir='ltr'><strong>Spiritus</strong></span> <span class='ocrx_word' id='word_1_714' title='bbox 1182 4454 1345 4507; x_wconf 89' lang='lat' dir='ltr'><strong>etiam</strong></span> <span class='ocrx_word' id='word_1_715' title='bbox 1388 4469 1583 4508; x_wconf 89' lang='lat' dir='ltr'><strong>nomen</strong></span> <span class='ocrx_word' id='word_1_716' title='bbox 1617 4454 1830 4507; x_wconf 90' lang='lat' dir='ltr'><strong>Domini</strong></span> <span class='ocrx_word' id='word_1_717' title='bbox 1868 4455 1952 4507; x_wconf 91' lang='lat' dir='ltr'><strong>in-</strong></span> <span class='ocrx_word' id='word_1_718' title='bbox 1987 4465 2034 4523; x_wconf 81' lang='grc' dir='ltr'>ι)</span> <span class='ocrx_word' id='word_1_719' title='bbox 2064 4448 2185 4500; x_wconf 72' lang='lat' dir='ltr'><strong>Vino</strong></span> <span class='ocrx_word' id='word_1_720' title='bbox 2219 4447 2426 4501; x_wconf 74' lang='grc' dir='ltr'><strong>Ῐιοιιοτθ</strong></span> <span class='ocrx_word' id='word_1_721' title='bbox 2476 4449 2748 4513; x_wconf 64' lang='lat' dir='ltr'><strong>venerari.</strong></span> <span class='ocrx_word' id='word_1_722' title='bbox 2795 4466 3129 4520; x_wconf 72' lang='lat' dir='ltr'><strong>consequens</strong></span> <span class='ocrx_word' id='word_1_723' title='bbox 3164 4452 3281 4516; x_wconf 71' lang='grc' dir='ltr'><strong>[υίι.</strong></span> <span class='ocrx_word' id='word_1_724' title='bbox 3330 4464 3388 4505; x_wconf 80' lang='grc' dir='ltr'><strong>ιιι</strong></span> <span class='ocrx_word' id='word_1_725' title='bbox 3419 4454 3617 4524; x_wconf 69' lang='lat' dir='ltr'><strong>Moyses</strong></span> 
     </span>
    </p>
   </div>
   <div class='ocr_carea' id='block_1_57' title="bbox 385 4539 3613 4610">
    <p class='ocr_par' dir='ltr' id='par_1_57' title="bbox 385 4539 3613 4610">
     <span class='ocr_line' id='line_1_57' title="bbox 385 4539 3613 4610; baseline 0.001 -14"><span class='ocrx_word' id='word_1_726' title='bbox 385 4542 568 4609; x_wconf 79' lang='lat' dir='ltr'><strong>telligi.</strong></span> <span class='ocrx_word' id='word_1_727' title='bbox 594 4541 711 4608; x_wconf 91' lang='lat' dir='ltr'><strong>Quo</strong></span> <span class='ocrx_word' id='word_1_728' title='bbox 742 4544 898 4597; x_wconf 86' lang='lat' dir='ltr'><strong>modo</strong></span> <span class='ocrx_word' id='word_1_729' title='bbox 912 4543 1052 4596; x_wconf 89' lang='lat' dir='ltr'><strong>enim</strong></span> <span class='ocrx_word' id='word_1_730' title='bbox 1078 4544 1143 4597; x_wconf 89' lang='lat' dir='ltr'><strong>ad</strong></span> <span class='ocrx_word' id='word_1_731' title='bbox 1173 4544 1479 4598; x_wconf 83' lang='lat' dir='ltr'><strong>Corinthios</strong></span> <span class='ocrx_word' id='word_1_732' title='bbox 1506 4544 1820 4598; x_wconf 88' lang='lat' dir='ltr'><strong>vocabulum</strong></span> <span class='ocrx_word' id='word_1_733' title='bbox 1853 4544 1947 4598; x_wconf 88' lang='lat' dir='ltr'><strong>Dei</strong></span> <span class='ocrx_word' id='word_1_734' title='bbox 2056 4541 2154 4594; x_wconf 87' lang='lat' dir='ltr'><strong>sub</strong></span> <span class='ocrx_word' id='word_1_735' title='bbox 2177 4539 2317 4606; x_wconf 84' lang='lat' dir='ltr'><strong>ejus,</strong></span> <span class='ocrx_word' id='word_1_736' title='bbox 2350 4557 2369 4590; x_wconf 75' lang='grc' dir='ltr'><strong>ι</strong></span> <span class='ocrx_word' id='word_1_737' title='bbox 2398 4540 2498 4606; x_wconf 91' lang='lat' dir='ltr'><strong>Qui</strong></span> <span class='ocrx_word' id='word_1_738' title='bbox 2525 4553 2625 4607; x_wconf 88' lang='lat' dir='ltr'><strong>est,</strong></span> <span class='ocrx_word' id='word_1_739' title='bbox 2653 4561 2671 4594; x_wconf 70' lang='grc' dir='ltr'><strong>ι</strong></span> <span class='ocrx_word' id='word_1_740' title='bbox 2708 4543 2960 4596; x_wconf 85' lang='lat' dir='ltr'><strong>vocabulo</strong></span> <span class='ocrx_word' id='word_1_741' title='bbox 2994 4546 3058 4598; x_wconf 86' lang='lat' dir='ltr'><strong>ad</strong></span> <span class='ocrx_word' id='word_1_742' title='bbox 3092 4560 3184 4599; x_wconf 89' lang='lat' dir='ltr'><strong>eos</strong></span> <span class='ocrx_word' id='word_1_743' title='bbox 3221 4546 3542 4610; x_wconf 82' lang='lat' dir='ltr'><strong>mitteretur,</strong></span> <span class='ocrx_word' id='word_1_744' title='bbox 3567 4555 3613 4598; x_wconf 87' lang='lat' dir='ltr'><strong>et</strong></span> 
     </span>
    </p>
   </div>
   <div class='ocr_carea' id='block_1_58' title="bbox 382 4631 3611 4705">
    <p class='ocr_par' dir='ltr' id='par_1_58' title="bbox 382 4631 3611 4705">
     <span class='ocr_line' id='line_1_58' title="bbox 382 4631 3611 4705; baseline -0 -16"><span class='ocrx_word' id='word_1_745' title='bbox 382 4648 543 4702; x_wconf 86' lang='lat' dir='ltr'><strong>super</strong></span> <span class='ocrx_word' id='word_1_746' title='bbox 575 4634 735 4689; x_wconf 84' lang='lat' dir='ltr'><strong>Patre</strong></span> <span class='ocrx_word' id='word_1_747' title='bbox 771 4637 1025 4702; x_wconf 89' lang='lat' dir='ltr'><strong>positum,</strong></span> <span class='ocrx_word' id='word_1_748' title='bbox 1056 4646 1110 4689; x_wconf 89' lang='lat' dir='ltr'><strong>et</strong></span> <span class='ocrx_word' id='word_1_749' title='bbox 1137 4635 1351 4691; x_wconf 90' lang='lat' dir='ltr'><strong>Domini</strong></span> <span class='ocrx_word' id='word_1_750' title='bbox 1386 4652 1548 4705; x_wconf 89' lang='lat' dir='ltr'><strong>super</strong></span> <span class='ocrx_word' id='word_1_751' title='bbox 1585 4636 1741 4700; x_wconf 82' lang='lat' dir='ltr'><strong>Filio,</strong></span> <span class='ocrx_word' id='word_1_752' title='bbox 1776 4651 1949 4705; x_wconf 88' lang='lat' dir='ltr'><strong>neque</strong></span> <span class='ocrx_word' id='word_1_753' title='bbox 2056 4646 2087 4684; x_wconf 92' lang='lat' dir='ltr'><strong>a</strong></span> <span class='ocrx_word' id='word_1_754' title='bbox 2123 4631 2270 4683; x_wconf 82' lang='lat' dir='ltr'><strong>falsis</strong></span> <span class='ocrx_word' id='word_1_755' title='bbox 2315 4645 2407 4685; x_wconf 88' lang='lat' dir='ltr'><strong>eos</strong></span> <span class='ocrx_word' id='word_1_756' title='bbox 2455 4632 2691 4687; x_wconf 88' lang='lat' dir='ltr'><strong>liberans</strong></span> <span class='ocrx_word' id='word_1_757' title='bbox 2736 4635 2860 4699; x_wconf 88' lang='lat' dir='ltr'><strong>diis,</strong></span> <span class='ocrx_word' id='word_1_758' title='bbox 2911 4636 2976 4689; x_wconf 88' lang='lat' dir='ltr'><strong>ad</strong></span> <span class='ocrx_word' id='word_1_759' title='bbox 3016 4651 3192 4689; x_wconf 80' lang='lat' dir='ltr'><strong>veram</strong></span> <span class='ocrx_word' id='word_1_760' title='bbox 3250 4642 3611 4691; x_wconf 80' lang='lat' dir='ltr'><strong>transtlucerct</strong></span> 
     </span>
    </p>
   </div>
   <div class='ocr_carea' id='block_1_59' title="bbox 451 4741 1935 4812">
    <p class='ocr_par' dir='ltr' id='par_1_59' title="bbox 451 4747 1918 4810">
     <span class='ocr_line' id='line_1_59' title="bbox 451 4747 1918 4810; baseline 0.001 -10"><span class='ocrx_word' id='word_1_761' title='bbox 451 4747 496 4780; x_wconf 79' lang='grc'><strong>³⁸</strong></span> <span class='ocrx_word' id='word_1_762' title='bbox 532 4749 701 4803; x_wconf 85' lang='lat' dir='ltr'><strong>Amos</strong></span> <span class='ocrx_word' id='word_1_763' title='bbox 726 4764 809 4810; x_wconf 84' lang='grc' dir='ltr'><strong>ιιι,</strong></span> <span class='ocrx_word' id='word_1_764' title='bbox 838 4750 893 4802; x_wconf 88' lang='lat'><strong>7.</strong></span> <span class='ocrx_word' id='word_1_765' title='bbox 970 4748 1015 4780; x_wconf 78' lang='lat'>”</span> <span class='ocrx_word' id='word_1_766' title='bbox 1055 4747 1244 4802; x_wconf 84' lang='lat' dir='ltr'><strong>Matth.</strong></span> <span class='ocrx_word' id='word_1_767' title='bbox 1284 4766 1417 4809; x_wconf 75' lang='lat' dir='ltr'><strong>xx&quot;.</strong></span> <span class='ocrx_word' id='word_1_768' title='bbox 1442 4749 1632 4804; x_wconf 66' lang='lat'><strong>43-45.</strong></span> <span class='ocrx_word' id='word_1_769' title='bbox 1709 4748 1755 4780; x_wconf 68' lang='grc' dir='ltr'><strong>⁸ο</strong></span> <span class='ocrx_word' id='word_1_770' title='bbox 1793 4747 1918 4801; x_wconf 84' lang='lat' dir='ltr'><strong>Act.</strong></span> 
     </span>
    </p>
   </div>
   <div class='ocr_carea' id='block_1_60' title="bbox 2124 4741 3608 4812">
    <p class='ocr_par' dir='ltr' id='par_1_60' title="bbox 2124 4741 3608 4812">
     <span class='ocr_line' id='line_1_60' title="bbox 2124 4741 3608 4812; baseline 0.002 -15"><span class='ocrx_word' id='word_1_771' title='bbox 2124 4744 2158 4797; x_wconf 74' lang='grc' dir='ltr'><strong>ὶ-</strong></span> <span class='ocrx_word' id='word_1_772' title='bbox 2235 4742 2279 4774; x_wconf 69' lang='grc'>⁴¹</span> <span class='ocrx_word' id='word_1_773' title='bbox 2320 4741 2443 4796; x_wconf 84' lang='lat' dir='ltr'><strong>Act.</strong></span> <span class='ocrx_word' id='word_1_774' title='bbox 2496 4757 2570 4805; x_wconf 82' lang='lat' dir='ltr'><strong>IV,</strong></span> <span class='ocrx_word' id='word_1_775' title='bbox 2626 4745 2727 4812; x_wconf 72' lang='lat'><strong>25;</strong></span> <span class='ocrx_word' id='word_1_776' title='bbox 2778 4746 2920 4801; x_wconf 85' lang='lat' dir='ltr'><strong>Psal.</strong></span> <span class='ocrx_word' id='word_1_777' title='bbox 2966 4763 3025 4807; x_wconf 87' lang='lat' dir='ltr'><strong>tt,</strong></span> <span class='ocrx_word' id='word_1_778' title='bbox 3062 4749 3111 4801; x_wconf 82' lang='lat' dir='ltr'><strong>l.</strong></span> <span class='ocrx_word' id='word_1_779' title='bbox 3187 4749 3233 4778; x_wconf 68' lang='grc' dir='ltr'><strong>δ’</strong></span> <span class='ocrx_word' id='word_1_780' title='bbox 3272 4750 3396 4804; x_wconf 84' lang='lat' dir='ltr'><strong>Act.</strong></span> <span class='ocrx_word' id='word_1_781' title='bbox 3436 4764 3608 4809; x_wconf 79' lang='lat' dir='ltr'><strong>nvtn,</strong></span> 
     </span>
    </p>
   </div>
   <div class='ocr_carea' id='block_1_61' title="bbox 380 4814 1864 4883">
    <p class='ocr_par' dir='ltr' id='par_1_61' title="bbox 380 4814 1860 4883">
     <span class='ocr_line' id='line_1_61' title="bbox 380 4814 1860 4883; baseline 0.003 -16"><span class='ocrx_word' id='word_1_782' title='bbox 380 4814 469 4871; x_wconf 77' lang='lat'><strong>9.5.</strong></span> <span class='ocrx_word' id='word_1_783' title='bbox 544 4819 589 4849; x_wconf 75' lang='lat'>“</span> <span class='ocrx_word' id='word_1_784' title='bbox 626 4817 726 4871; x_wconf 80' lang='lat' dir='ltr'><strong>lsa.</strong></span> <span class='ocrx_word' id='word_1_785' title='bbox 755 4834 827 4883; x_wconf 83' lang='lat' dir='ltr'><strong>vt,</strong></span> <span class='ocrx_word' id='word_1_786' title='bbox 857 4818 909 4880; x_wconf 90' lang='lat'><strong>8,</strong></span> <span class='ocrx_word' id='word_1_787' title='bbox 969 4819 1020 4873; x_wconf 86' lang='lat'><strong>9.</strong></span> <span class='ocrx_word' id='word_1_788' title='bbox 1098 4821 1144 4850; x_wconf 72' lang='grc'>⁸⁸</span> <span class='ocrx_word' id='word_1_789' title='bbox 1183 4821 1307 4873; x_wconf 87' lang='lat' dir='ltr'><strong>ibid.</strong></span> <span class='ocrx_word' id='word_1_790' title='bbox 1364 4820 1450 4872; x_wconf 82' lang='grc'><strong>10.</strong></span> <span class='ocrx_word' id='word_1_791' title='bbox 1528 4819 1572 4851; x_wconf 71' lang='grc'><strong>⁸⁸</strong></span> <span class='ocrx_word' id='word_1_792' title='bbox 1615 4819 1743 4873; x_wconf 91' lang='lat' dir='ltr'><strong>ibid.</strong></span> <span class='ocrx_word' id='word_1_793' title='bbox 1799 4819 1860 4872; x_wconf 75' lang='grc'><strong>11</strong></span> 
     </span>
    </p>
   </div>
   <div class='ocr_carea' id='block_1_62' title="bbox 2122 4814 3606 4883">
    <p class='ocr_par' dir='ltr' id='par_1_62' title="bbox 2122 4814 3606 4883">
     <span class='ocr_line' id='line_1_62' title="bbox 2122 4814 3606 4883; baseline 0.002 -15"><span class='ocrx_word' id='word_1_794' title='bbox 2122 4829 2199 4869; x_wconf 86' lang='grc' dir='ltr'><strong>ιιι.</strong></span> <span class='ocrx_word' id='word_1_795' title='bbox 2238 4826 2327 4875; x_wconf 74' lang='lat' dir='ltr'><strong>xv,</strong></span> <span class='ocrx_word' id='word_1_796' title='bbox 2365 4814 2455 4867; x_wconf 71' lang='grc'>26.</span> <span class='ocrx_word' id='word_1_797' title='bbox 2534 4814 2576 4845; x_wconf 70' lang='grc'><strong>⁸⁷</strong></span> <span class='ocrx_word' id='word_1_798' title='bbox 2629 4814 2786 4871; x_wconf 83' lang='lat' dir='ltr'><strong>Juan.</strong></span> <span class='ocrx_word' id='word_1_799' title='bbox 2829 4833 2940 4882; x_wconf 78' lang='lat' dir='ltr'><strong>xw,</strong></span> <span class='ocrx_word' id='word_1_800' title='bbox 2987 4817 3075 4871; x_wconf 70' lang='lat'><strong>26.</strong></span> <span class='ocrx_word' id='word_1_801' title='bbox 3154 4818 3196 4849; x_wconf 68' lang='grc'><strong>⁸⁸</strong></span> <span class='ocrx_word' id='word_1_802' title='bbox 3235 4816 3397 4873; x_wconf 83' lang='lat' dir='ltr'><strong>Juan.</strong></span> <span class='ocrx_word' id='word_1_803' title='bbox 3442 4837 3492 4883; x_wconf 88' lang='lat' dir='ltr'><strong>v,</strong></span> <span class='ocrx_word' id='word_1_804' title='bbox 3531 4821 3606 4872; x_wconf 63' lang='lat'><strong>£5.</strong></span> 
     </span>
    </p>
   </div>
   <div class='ocr_carea' id='block_1_63' title="bbox 382 4885 1714 4956">
    <p class='ocr_par' dir='ltr' id='par_1_63' title="bbox 382 4885 1714 4956">
     <span class='ocr_line' id='line_1_63' title="bbox 382 4885 1714 4956; baseline 0.003 -16"><span class='ocrx_word' id='word_1_805' title='bbox 382 4885 426 4916; x_wconf 72' lang='grc' dir='ltr'><strong>δ’</strong></span> <span class='ocrx_word' id='word_1_806' title='bbox 457 4886 622 4942; x_wconf 81' lang='lat' dir='ltr'><strong>Exod.</strong></span> <span class='ocrx_word' id='word_1_807' title='bbox 650 4904 731 4953; x_wconf 88' lang='grc' dir='ltr'><strong>ιιι,</strong></span> <span class='ocrx_word' id='word_1_808' title='bbox 760 4892 812 4942; x_wconf 87' lang='grc'><strong>4.</strong></span> <span class='ocrx_word' id='word_1_809' title='bbox 887 4890 933 4921; x_wconf 78' lang='grc'><strong>⁵⁸³</strong></span> <span class='ocrx_word' id='word_1_810' title='bbox 974 4890 1102 4944; x_wconf 88' lang='lat' dir='ltr'><strong>ibid.</strong></span> <span class='ocrx_word' id='word_1_811' title='bbox 1128 4890 1212 4943; x_wconf 84' lang='grc'><strong>15.</strong></span> <span class='ocrx_word' id='word_1_812' title='bbox 1292 4891 1334 4921; x_wconf 79' lang='grc'><strong>⁵⁸</strong></span> <span class='ocrx_word' id='word_1_813' title='bbox 1375 4890 1540 4944; x_wconf 87' lang='lat' dir='ltr'><strong>Zaclt.</strong></span> <span class='ocrx_word' id='word_1_814' title='bbox 1570 4905 1616 4956; x_wconf 86' lang='grc' dir='ltr'><strong>ι,</strong></span> <span class='ocrx_word' id='word_1_815' title='bbox 1663 4888 1714 4944; x_wconf 90' lang='grc'><strong>6.</strong></span> 
     </span>
    </p>
   </div>
   <div class='ocr_carea' id='block_1_64' title="bbox 451 5025 3605 5097">
    <p class='ocr_par' dir='ltr' id='par_1_64' title="bbox 451 5025 3605 5097">
     <span class='ocr_line' id='line_1_64' title="bbox 451 5025 3605 5097; baseline 0 -18"><span class='ocrx_word' id='word_1_816' title='bbox 451 5026 564 5096; x_wconf 79' lang='grc'>(66)</span> <span class='ocrx_word' id='word_1_817' title='bbox 599 5025 803 5080; x_wconf 66' lang='lat' dir='ltr'><strong>\‘itiose</strong></span> <span class='ocrx_word' id='word_1_818' title='bbox 862 5038 980 5081; x_wconf 89' lang='lat' dir='ltr'><strong>erat</strong></span> <span class='ocrx_word' id='word_1_819' title='bbox 1024 5038 1181 5082; x_wconf 86' lang='lat' dir='ltr'><strong>antea</strong></span> <span class='ocrx_word' id='word_1_820' title='bbox 1225 5027 1279 5081; x_wconf 89' lang='lat' dir='ltr'><strong>in</strong></span> <span class='ocrx_word' id='word_1_821' title='bbox 1323 5026 1529 5097; x_wconf 88' lang='lat' dir='ltr'><strong>aliquot</strong></span> <span class='ocrx_word' id='word_1_822' title='bbox 1575 5026 1737 5082; x_wconf 88' lang='lat' dir='ltr'><strong>etiam</strong></span> <span class='ocrx_word' id='word_1_823' title='bbox 1787 5039 1948 5090; x_wconf 84' lang='lat' dir='ltr'><strong>mss.,</strong></span> <span class='ocrx_word' id='word_1_824' title='bbox 2052 5028 2214 5092; x_wconf 90' lang='lat' dir='ltr'><strong>tione,</strong></span> <span class='ocrx_word' id='word_1_825' title='bbox 2252 5040 2411 5097; x_wconf 89' lang='lat' dir='ltr'><strong>quam</strong></span> <span class='ocrx_word' id='word_1_826' title='bbox 2444 5040 2659 5095; x_wconf 85' lang='lat' dir='ltr'><strong>sequor.</strong></span> <span class='ocrx_word' id='word_1_827' title='bbox 2696 5025 2801 5081; x_wconf 87' lang='lat' dir='ltr'><strong>Sed</strong></span> <span class='ocrx_word' id='word_1_828' title='bbox 2837 5027 3017 5080; x_wconf 90' lang='lat' dir='ltr'><strong>malim</strong></span> <span class='ocrx_word' id='word_1_829' title='bbox 3068 5028 3318 5095; x_wconf 88' lang='lat' dir='ltr'><strong>equidem</strong></span> <span class='ocrx_word' id='word_1_830' title='bbox 3373 5031 3426 5084; x_wconf 92' lang='lat' dir='ltr'><strong>in</strong></span> <span class='ocrx_word' id='word_1_831' title='bbox 3477 5041 3605 5083; x_wconf 86' lang='lat' dir='ltr'><strong>recto</strong></span> 
     </span>
    </p>
   </div>
   <div class='ocr_carea' id='block_1_65' title="bbox 384 5098 3607 5170">
    <p class='ocr_par' dir='ltr' id='par_1_65' title="bbox 384 5098 3607 5170">
     <span class='ocr_line' id='line_1_65' title="bbox 384 5098 3607 5170; baseline -0 -20"><span class='ocrx_word' id='word_1_832' title='bbox 384 5114 403 5150; x_wconf 74' lang='grc' dir='ltr'><strong>ι</strong></span> <span class='ocrx_word' id='word_1_833' title='bbox 439 5100 814 5170; x_wconf 58' lang='lat' dir='ltr'><strong>proplmtatuiit</strong></span> <span class='ocrx_word' id='word_1_834' title='bbox 851 5108 956 5152; x_wconf 89' lang='lat' dir='ltr'><strong>est.</strong></span> <span class='ocrx_word' id='word_1_835' title='bbox 984 5117 1001 5149; x_wconf 77' lang='grc' dir='ltr'><strong>ι</strong></span> <span class='ocrx_word' id='word_1_836' title='bbox 1070 5167 1099 5170; x_wconf 90' lang='lat'>__</span> <span class='ocrx_word' id='word_1_837' title='bbox 1135 5167 1144 5170; x_wconf 81' lang='lat'><em>_</em></span> <span class='ocrx_word' id='word_1_838' title='bbox 1366 5166 1378 5170; x_wconf 92' lang='lat'><strong>_</strong></span> <span class='ocrx_word' id='word_1_839' title='bbox 1760 5163 1790 5170; x_wconf 72' lang='lat'><strong>_</strong></span> <span class='ocrx_word' id='word_1_840' title='bbox 1876 5166 1923 5170; x_wconf 89' lang='lat'><strong>__</strong></span> <span class='ocrx_word' id='word_1_841' title='bbox 2055 5118 2072 5149; x_wconf 77' lang='grc' dir='ltr'><strong>ι</strong></span> <span class='ocrx_word' id='word_1_842' title='bbox 2104 5110 2367 5170; x_wconf 61' lang='lat' dir='ltr'><strong>sanctusr</strong></span> <span class='ocrx_word' id='word_1_843' title='bbox 2395 5098 2640 5160; x_wconf 86' lang='lat' dir='ltr'><strong>retineri,</strong></span> <span class='ocrx_word' id='word_1_844' title='bbox 2664 5111 2766 5170; x_wconf 83' lang='lat' dir='ltr'><strong>pro</strong></span> <span class='ocrx_word' id='word_1_845' title='bbox 2796 5115 2813 5146; x_wconf 78' lang='grc' dir='ltr'><strong>ι</strong></span> <span class='ocrx_word' id='word_1_846' title='bbox 2851 5098 3072 5170; x_wconf 80' lang='lat' dir='ltr'><strong>imperio</strong></span> <span class='ocrx_word' id='word_1_847' title='bbox 3094 5118 3111 5149; x_wconf 75' lang='grc' dir='ltr'><strong>ι</strong></span> <span class='ocrx_word' id='word_1_848' title='bbox 3148 5110 3325 5152; x_wconf 89' lang='lat' dir='ltr'><strong>autem</strong></span> <span class='ocrx_word' id='word_1_849' title='bbox 3353 5101 3453 5170; x_wconf 82' lang='lat' dir='ltr'><strong>legi</strong></span> <span class='ocrx_word' id='word_1_850' title='bbox 3485 5120 3501 5147; x_wconf 73' lang='grc' dir='ltr'><strong>ι</strong></span> <span class='ocrx_word' id='word_1_851' title='bbox 3527 5114 3607 5168; x_wconf 78' lang='lat' dir='ltr'><strong>per</strong></span> 
     </span>
    </p>
   </div>
   <div class='ocr_carea' id='block_1_66' title="bbox 451 5163 3605 5235">
    <p class='ocr_par' dir='ltr' id='par_1_66' title="bbox 451 5163 3605 5235">
     <span class='ocr_line' id='line_1_66' title="bbox 451 5163 3605 5235; baseline 0.001 -19"><span class='ocrx_word' id='word_1_852' title='bbox 451 5163 562 5234; x_wconf 82' lang='lat'><strong>(67)</strong></span> <span class='ocrx_word' id='word_1_853' title='bbox 598 5165 813 5220; x_wconf 73' lang='lat' dir='ltr'><strong>[tectius</strong></span> <span class='ocrx_word' id='word_1_854' title='bbox 844 5180 996 5220; x_wconf 86' lang='lat' dir='ltr'><strong>vetus</strong></span> <span class='ocrx_word' id='word_1_855' title='bbox 1020 5167 1204 5230; x_wconf 84' lang='lat' dir='ltr'><strong>editio,</strong></span> <span class='ocrx_word' id='word_1_856' title='bbox 1243 5185 1262 5217; x_wconf 84' lang='grc'><strong><em>‹</em></strong></span> <span class='ocrx_word' id='word_1_857' title='bbox 1292 5166 1413 5233; x_wconf 88' lang='lat' dir='ltr'><strong>quia</strong></span> <span class='ocrx_word' id='word_1_858' title='bbox 1434 5175 1576 5220; x_wconf 86' lang='lat' dir='ltr'><strong>esset</strong></span> <span class='ocrx_word' id='word_1_859' title='bbox 1599 5166 1738 5219; x_wconf 86' lang='lat' dir='ltr'><strong>filius</strong></span> <span class='ocrx_word' id='word_1_860' title='bbox 1759 5163 1946 5232; x_wconf 89' lang='lat' dir='ltr'><strong>David,</strong></span> <span class='ocrx_word' id='word_1_861' title='bbox 2048 5184 2192 5231; x_wconf 88' lang='lat' dir='ltr'><strong>eum,</strong></span> <span class='ocrx_word' id='word_1_862' title='bbox 2224 5186 2241 5218; x_wconf 84' lang='grc'>›</span> <span class='ocrx_word' id='word_1_863' title='bbox 2275 5167 2502 5232; x_wconf 88' lang='lat' dir='ltr'><strong>scilicet,</strong></span> <span class='ocrx_word' id='word_1_864' title='bbox 2533 5182 2628 5233; x_wconf 92' lang='lat' dir='ltr'><strong>per</strong></span> <span class='ocrx_word' id='word_1_865' title='bbox 2662 5163 2873 5220; x_wconf 86' lang='lat' dir='ltr'><strong>Isaiam.</strong></span> <span class='ocrx_word' id='word_1_866' title='bbox 2908 5163 3005 5221; x_wconf 79' lang='lat' dir='ltr'><strong>Hic</strong></span> <span class='ocrx_word' id='word_1_867' title='bbox 3040 5183 3228 5235; x_wconf 89' lang='lat' dir='ltr'><strong>nempe</strong></span> <span class='ocrx_word' id='word_1_868' title='bbox 3270 5163 3503 5223; x_wconf 73' lang='lat' dir='ltr'><strong>auctoris</strong></span> <span class='ocrx_word' id='word_1_869' title='bbox 3527 5163 3605 5219; x_wconf 60' lang='lat' dir='ltr'><strong>&#39;cst</strong></span> 
     </span>
    </p>
   </div>
   <div class='ocr_carea' id='block_1_67' title="bbox 386 5234 3603 5307">
    <p class='ocr_par' dir='ltr' id='par_1_67' title="bbox 386 5234 3603 5307">
     <span class='ocr_line' id='line_1_67' title="bbox 386 5234 3603 5307; baseline -0.001 -18"><span class='ocrx_word' id='word_1_870' title='bbox 386 5237 437 5290; x_wconf 91' lang='lat' dir='ltr'><strong>in</strong></span> <span class='ocrx_word' id='word_1_871' title='bbox 468 5235 890 5307; x_wconf 79' lang='lat' dir='ltr'><strong>Spiritusancto</strong></span> <span class='ocrx_word' id='word_1_872' title='bbox 924 5238 1216 5306; x_wconf 88' lang='lat' dir='ltr'><strong>loquentis,</strong></span> <span class='ocrx_word' id='word_1_873' title='bbox 1250 5235 1400 5290; x_wconf 71' lang='lat' dir='ltr'><strong>Dixit</strong></span> <span class='ocrx_word' id='word_1_874' title='bbox 1426 5234 1679 5288; x_wconf 82' lang='lat' dir='ltr'><strong>Dominus</strong></span> <span class='ocrx_word' id='word_1_875' title='bbox 1714 5235 1945 5290; x_wconf 82' lang='lat' dir='ltr'><strong>Domino</strong></span> <span class='ocrx_word' id='word_1_876' title='bbox 2047 5254 2263 5301; x_wconf 81' lang='lat' dir='ltr'><strong>sensus,</strong></span> <span class='ocrx_word' id='word_1_877' title='bbox 2322 5247 2574 5306; x_wconf 79' lang='lat' dir='ltr'><strong>totuSque</strong></span> <span class='ocrx_word' id='word_1_878' title='bbox 2634 5237 2857 5290; x_wconf 80' lang='lat' dir='ltr'><strong>inferior</strong></span> <span class='ocrx_word' id='word_1_879' title='bbox 2906 5234 3193 5291; x_wconf 82' lang='lat' dir='ltr'><strong>contextus</strong></span> <span class='ocrx_word' id='word_1_880' title='bbox 3259 5239 3603 5307; x_wconf 77' lang='lat' dir='ltr'><strong>cunjecturani</strong></span> 
     </span>
    </p>
   </div>
   <div class='ocr_carea' id='block_1_68' title="bbox 378 5304 2259 5377">
    <p class='ocr_par' dir='ltr' id='par_1_68' title="bbox 378 5304 2259 5377">
     <span class='ocr_line' id='line_1_68' title="bbox 378 5304 2259 5377; baseline 0.001 -18"><span class='ocrx_word' id='word_1_881' title='bbox 378 5323 492 5360; x_wconf 84' lang='lat' dir='ltr'><strong>meo</strong></span> <span class='ocrx_word' id='word_1_882' title='bbox 529 5322 547 5360; x_wconf 89' lang='lat'><strong><em>:</em></strong></span> <span class='ocrx_word' id='word_1_883' title='bbox 585 5304 718 5377; x_wconf 80' lang='lat' dir='ltr'><strong>Sede</strong></span> <span class='ocrx_word' id='word_1_884' title='bbox 746 5322 775 5356; x_wconf 94' lang='lat' dir='ltr'><strong>a</strong></span> <span class='ocrx_word' id='word_1_885' title='bbox 810 5304 1012 5359; x_wconf 71' lang='lat' dir='ltr'><strong>dextris</strong></span> <span class='ocrx_word' id='word_1_886' title='bbox 1046 5308 1195 5370; x_wconf 78' lang='lat' dir='ltr'><strong>meis,</strong></span> <span class='ocrx_word' id='word_1_887' title='bbox 1244 5309 1420 5377; x_wconf 88' lang='lat' dir='ltr'><strong>denuo</strong></span> <span class='ocrx_word' id='word_1_888' title='bbox 1475 5308 1843 5377; x_wconf 71' lang='lat' dir='ltr'><strong>interrogavit.</strong></span> <span class='ocrx_word' id='word_1_889' title='bbox 1889 5308 1944 5361; x_wconf 84' lang='lat' dir='ltr'><strong>Si</strong></span> <span class='ocrx_word' id='word_1_890' title='bbox 2047 5309 2259 5377; x_wconf 88' lang='lat' dir='ltr'><strong>probat.</strong></span> 
     </span>
    </p>
   </div>
   <div class='ocr_carea' id='block_1_69' title="bbox 376 5373 3600 5448">
    <p class='ocr_par' dir='ltr' id='par_1_69' title="bbox 376 5373 3600 5448">
     <span class='ocr_line' id='line_1_69' title="bbox 376 5373 3600 5448; baseline -0.002 -17"><span class='ocrx_word' id='word_1_891' title='bbox 376 5392 505 5444; x_wconf 83' lang='lat' dir='ltr'><strong>ergo</strong></span> <span class='ocrx_word' id='word_1_892' title='bbox 535 5376 884 5448; x_wconf 78' lang='lat' dir='ltr'><strong>David_\r0cat</strong></span> <span class='ocrx_word' id='word_1_893' title='bbox 914 5392 1059 5448; x_wconf 89' lang='lat' dir='ltr'><strong>eum,</strong></span> <span class='ocrx_word' id='word_1_894' title='bbox 1096 5373 1730 5448; x_wconf 3' lang='lat' dir='ltr'><strong>gqetc.rA|i_ter_’l‘holos.,</strong></span> <span class='ocrx_word' id='word_1_895' title='bbox 1769 5393 1786 5425; x_wconf 76' lang='grc' dir='ltr'><strong>ι</strong></span> <span class='ocrx_word' id='word_1_896' title='bbox 1818 5377 1943 5448; x_wconf 86' lang='lat' dir='ltr'><strong>quia</strong></span> <span class='ocrx_word' id='word_1_897' title='bbox 2047 5373 2062 5377; x_wconf 63' lang='grc'>⁷</span> <span class='ocrx_word' id='word_1_898' title='bbox 2117 5376 2228 5448; x_wconf 85' lang='grc'>(69)</span> <span class='ocrx_word' id='word_1_899' title='bbox 2270 5373 2436 5431; x_wconf 83' lang='lat' dir='ltr'><strong>Vetus</strong></span> <span class='ocrx_word' id='word_1_900' title='bbox 2474 5375 2662 5440; x_wconf 87' lang='lat' dir='ltr'><strong>editio,</strong></span> <span class='ocrx_word' id='word_1_901' title='bbox 2697 5395 2715 5427; x_wconf 74' lang='grc' dir='ltr'>ί</span> <span class='ocrx_word' id='word_1_902' title='bbox 2747 5391 2865 5446; x_wconf 65' lang='lat' dir='ltr'><strong>quae</strong></span> <span class='ocrx_word' id='word_1_903' title='bbox 2906 5378 3106 5445; x_wconf 89' lang='lat' dir='ltr'><strong>scripta</strong></span> <span class='ocrx_word' id='word_1_904' title='bbox 3150 5388 3298 5443; x_wconf 80' lang='lat' dir='ltr'><strong>sunt,</strong></span> <span class='ocrx_word' id='word_1_905' title='bbox 3334 5378 3389 5431; x_wconf 91' lang='lat' dir='ltr'><strong>in</strong></span> <span class='ocrx_word' id='word_1_906' title='bbox 3422 5378 3600 5447; x_wconf 89' lang='lat' dir='ltr'><strong>Spiritu</strong></span> 
     </span>
    </p>
   </div>
   <div class='ocr_carea' id='block_1_70' title="bbox 378 5444 2313 5514">
    <p class='ocr_par' dir='ltr' id='par_1_70' title="bbox 378 5444 2313 5514">
     <span class='ocr_line' id='line_1_70' title="bbox 378 5444 2313 5514; baseline -0.002 -15"><span class='ocrx_word' id='word_1_907' title='bbox 378 5457 520 5500; x_wconf 87' lang='lat' dir='ltr'><strong>esset</strong></span> <span class='ocrx_word' id='word_1_908' title='bbox 545 5447 679 5499; x_wconf 83' lang='lat' dir='ltr'><strong>filius</strong></span> <span class='ocrx_word' id='word_1_909' title='bbox 706 5444 892 5507; x_wconf 85' lang='lat' dir='ltr'><strong>David,</strong></span> <span class='ocrx_word' id='word_1_910' title='bbox 917 5446 1070 5507; x_wconf 78' lang='lat' dir='ltr'><strong>dixit,</strong></span> <span class='ocrx_word' id='word_1_911' title='bbox 1099 5444 1263 5498; x_wconf 80' lang='lat' dir='ltr'><strong>David</strong></span> <span class='ocrx_word' id='word_1_912' title='bbox 1295 5446 1437 5499; x_wconf 91' lang='lat' dir='ltr'><strong>enim</strong></span> <span class='ocrx_word' id='word_1_913' title='bbox 1462 5445 1696 5514; x_wconf 88' lang='lat' dir='ltr'><strong>loquitur</strong></span> <span class='ocrx_word' id='word_1_914' title='bbox 1721 5448 1784 5498; x_wconf 88' lang='lat' dir='ltr'><strong>de</strong></span> <span class='ocrx_word' id='word_1_915' title='bbox 1814 5444 1941 5512; x_wconf 77' lang='lat' dir='ltr'><strong>lieo,</strong></span> <span class='ocrx_word' id='word_1_916' title='bbox 2040 5444 2266 5501; x_wconf 82' lang='lat' dir='ltr'><strong>diceret.</strong></span> <span class='ocrx_word' id='word_1_917' title='bbox 2295 5465 2313 5496; x_wconf 75' lang='grc' dir='ltr'><strong>ι</strong></span> 
     </span>
    </p>
   </div>
   <div class='ocr_carea' id='block_1_71' title="bbox 374 5514 3537 5586">
    <p class='ocr_par' dir='ltr' id='par_1_71' title="bbox 374 5514 3537 5586">
     <span class='ocr_line' id='line_1_71' title="bbox 374 5514 3537 5586; baseline -0.001 -17"><span class='ocrx_word' id='word_1_918' title='bbox 374 5517 524 5570; x_wconf 73' lang='lat' dir='ltr'><strong>Dixit</strong></span> <span class='ocrx_word' id='word_1_919' title='bbox 554 5515 1035 5568; x_wconf 69' lang='lat' dir='ltr'><strong>DomitiusDomino</strong></span> <span class='ocrx_word' id='word_1_920' title='bbox 1067 5531 1200 5579; x_wconf 82' lang='lat' dir='ltr'><strong>meo,</strong></span> <span class='ocrx_word' id='word_1_921' title='bbox 1232 5534 1250 5566; x_wconf 77' lang='grc' dir='ltr'><strong>ι</strong></span> <span class='ocrx_word' id='word_1_922' title='bbox 1278 5528 1404 5586; x_wconf 76' lang='lat' dir='ltr'><strong>etc.</strong></span> <span class='ocrx_word' id='word_1_923' title='bbox 1777 5584 1786 5586; x_wconf 95' lang='lat'><em>_</em></span> <span class='ocrx_word' id='word_1_924' title='bbox 2112 5517 2224 5585; x_wconf 77' lang='grc'>(70)</span> <span class='ocrx_word' id='word_1_925' title='bbox 2271 5514 2472 5586; x_wconf 72' lang='lat' dir='ltr'><strong>Yitiose</strong></span> <span class='ocrx_word' id='word_1_926' title='bbox 2501 5526 2621 5569; x_wconf 86' lang='lat' dir='ltr'><strong>erat</strong></span> <span class='ocrx_word' id='word_1_927' title='bbox 2655 5515 2861 5569; x_wconf 85' lang='lat' dir='ltr'><strong>duobus</strong></span> <span class='ocrx_word' id='word_1_928' title='bbox 2888 5515 3088 5578; x_wconf 84' lang='lat' dir='ltr'><strong>verbis,</strong></span> <span class='ocrx_word' id='word_1_929' title='bbox 3112 5534 3130 5566; x_wconf 80' lang='grc' dir='ltr'><strong>ι</strong></span> <span class='ocrx_word' id='word_1_930' title='bbox 3159 5515 3235 5571; x_wconf 88' lang='lat' dir='ltr'><strong>sic</strong></span> <span class='ocrx_word' id='word_1_931' title='bbox 3268 5518 3499 5586; x_wconf 86' lang='lat' dir='ltr'><strong>quidem.</strong></span> <span class='ocrx_word' id='word_1_932' title='bbox 3522 5536 3537 5567; x_wconf 81' lang='grc' dir='ltr'><strong>ι</strong></span> 
     </span>
    </p>
   </div>
   <div class='ocr_carea' id='block_1_72' title="bbox 449 5584 3599 5657">
    <p class='ocr_par' dir='ltr' id='par_1_72' title="bbox 449 5584 3599 5657">
     <span class='ocr_line' id='line_1_72' title="bbox 449 5584 3599 5657; baseline -0.001 -18"><span class='ocrx_word' id='word_1_933' title='bbox 449 5587 558 5657; x_wconf 83' lang='grc'>(68)</span> <span class='ocrx_word' id='word_1_934' title='bbox 586 5586 713 5639; x_wconf 83' lang='lat' dir='ltr'><strong>Erat</strong></span> <span class='ocrx_word' id='word_1_935' title='bbox 741 5601 836 5639; x_wconf 89' lang='lat' dir='ltr'><strong>nec</strong></span> <span class='ocrx_word' id='word_1_936' title='bbox 860 5589 974 5638; x_wconf 85' lang='lat' dir='ltr'><strong>sine</strong></span> <span class='ocrx_word' id='word_1_937' title='bbox 997 5587 1197 5640; x_wconf 70' lang='lat' dir='ltr'><strong>sulmco</strong></span> <span class='ocrx_word' id='word_1_938' title='bbox 1221 5604 1237 5637; x_wconf 76' lang='grc' dir='ltr'><strong>ι</strong></span> <span class='ocrx_word' id='word_1_939' title='bbox 1268 5585 1501 5653; x_wconf 88' lang='lat' dir='ltr'><strong>Spiritus</strong></span> <span class='ocrx_word' id='word_1_940' title='bbox 1530 5592 1746 5657; x_wconf 83' lang='lat' dir='ltr'><strong>sanctus</strong></span> <span class='ocrx_word' id='word_1_941' title='bbox 1776 5584 1944 5651; x_wconf 88' lang='lat' dir='ltr'><strong>impe-</strong></span> <span class='ocrx_word' id='word_1_942' title='bbox 1995 5636 1997 5639; x_wconf 75' lang='grc'>,</span> <span class='ocrx_word' id='word_1_943' title='bbox 2111 5584 2223 5655; x_wconf 84' lang='grc'>(71)</span> <span class='ocrx_word' id='word_1_944' title='bbox 2260 5584 2555 5657; x_wconf 77' lang='lat' dir='ltr'><strong>Obtiuebat</strong></span> <span class='ocrx_word' id='word_1_945' title='bbox 2590 5598 2744 5639; x_wconf 86' lang='lat' dir='ltr'><strong>antea</strong></span> <span class='ocrx_word' id='word_1_946' title='bbox 2782 5603 2800 5634; x_wconf 77' lang='grc' dir='ltr'><strong>ι</strong></span> <span class='ocrx_word' id='word_1_947' title='bbox 2836 5588 3016 5639; x_wconf 89' lang='lat' dir='ltr'><strong>mundi</strong></span> <span class='ocrx_word' id='word_1_948' title='bbox 3060 5599 3260 5655; x_wconf 87' lang='lat' dir='ltr'><strong>partes,</strong></span> <span class='ocrx_word' id='word_1_949' title='bbox 3285 5584 3304 5638; x_wconf 71' lang='grc' dir='ltr'><strong><em>ἱ</em></strong></span> <span class='ocrx_word' id='word_1_950' title='bbox 3363 5604 3456 5656; x_wconf 90' lang='lat' dir='ltr'><strong>pro</strong></span> <span class='ocrx_word' id='word_1_951' title='bbox 3486 5607 3502 5637; x_wconf 79' lang='grc' dir='ltr'><strong>ι</strong></span> <span class='ocrx_word' id='word_1_952' title='bbox 3528 5604 3599 5651; x_wconf 65' lang='grc' dir='ltr'><strong>μισ</strong></span> 
     </span>
    </p>
   </div>
   <div class='ocr_carea' id='block_1_73' title="bbox 372 5655 3597 5728">
    <p class='ocr_par' dir='ltr' id='par_1_73' title="bbox 372 5655 3597 5728">
     <span class='ocr_line' id='line_1_73' title="bbox 372 5655 3597 5728; baseline -0.001 -16"><span class='ocrx_word' id='word_1_953' title='bbox 372 5655 471 5712; x_wconf 77' lang='lat' dir='ltr'><strong>rio.</strong></span> <span class='ocrx_word' id='word_1_954' title='bbox 502 5676 519 5707; x_wconf 71' lang='grc' dir='ltr'><strong>ι</strong></span> <span class='ocrx_word' id='word_1_955' title='bbox 556 5658 703 5722; x_wconf 82' lang='lat' dir='ltr'><strong>Quod</strong></span> <span class='ocrx_word' id='word_1_956' title='bbox 740 5670 895 5709; x_wconf 82' lang='lat' dir='ltr'><strong>nemo</strong></span> <span class='ocrx_word' id='word_1_957' title='bbox 927 5670 1030 5709; x_wconf 92' lang='lat' dir='ltr'><strong>non</strong></span> <span class='ocrx_word' id='word_1_958' title='bbox 1065 5664 1211 5728; x_wconf 84' lang='lat' dir='ltr'><strong>putet</strong></span> <span class='ocrx_word' id='word_1_959' title='bbox 1238 5655 1548 5728; x_wconf 80' lang='lat' dir='ltr'><strong>typographi</strong></span> <span class='ocrx_word' id='word_1_960' title='bbox 1578 5655 1852 5728; x_wconf 84' lang='lat' dir='ltr'><strong>mendum,</strong></span> <span class='ocrx_word' id='word_1_961' title='bbox 1882 5666 1943 5728; x_wconf 76' lang='lat' dir='ltr'><strong>et</strong></span> <span class='ocrx_word' id='word_1_962' title='bbox 2042 5667 2173 5710; x_wconf 91' lang='lat' dir='ltr'><strong>tres.</strong></span> <span class='ocrx_word' id='word_1_963' title='bbox 2198 5674 2216 5706; x_wconf 75' lang='grc' dir='ltr'><strong>ι</strong></span> <span class='ocrx_word' id='word_1_964' title='bbox 2259 5656 2475 5726; x_wconf 67' lang='lat' dir='ltr'><strong>Reginae</strong></span> <span class='ocrx_word' id='word_1_965' title='bbox 2529 5672 2630 5710; x_wconf 90' lang='lat' dir='ltr'><strong>ms.</strong></span> <span class='ocrx_word' id='word_1_966' title='bbox 2677 5658 2910 5711; x_wconf 83' lang='lat' dir='ltr'><strong>secunda</strong></span> <span class='ocrx_word' id='word_1_967' title='bbox 2963 5672 3124 5711; x_wconf 81' lang='lat' dir='ltr'><strong>manu</strong></span> <span class='ocrx_word' id='word_1_968' title='bbox 3181 5676 3198 5707; x_wconf 81' lang='grc' dir='ltr'><strong>ι</strong></span> <span class='ocrx_word' id='word_1_969' title='bbox 3232 5655 3413 5711; x_wconf 73' lang='lat' dir='ltr'><strong>mundi</strong></span> <span class='ocrx_word' id='word_1_970' title='bbox 3468 5662 3597 5728; x_wconf 85' lang='lat' dir='ltr'><strong>prin-</strong></span> 
     </span>
    </p>
   </div>
   <div class='ocr_carea' id='block_1_74' title="bbox 374 5724 2247 5797">
    <p class='ocr_par' dir='ltr' id='par_1_74' title="bbox 374 5724 2247 5797">
     <span class='ocr_line' id='line_1_74' title="bbox 374 5724 2247 5797; baseline -0.003 -15"><span class='ocrx_word' id='word_1_971' title='bbox 374 5738 595 5797; x_wconf 88' lang='lat' dir='ltr'><strong>repouat</strong></span> <span class='ocrx_word' id='word_1_972' title='bbox 641 5742 661 5777; x_wconf 69' lang='grc' dir='ltr'><strong>ι</strong></span> <span class='ocrx_word' id='word_1_973' title='bbox 692 5728 890 5791; x_wconf 88' lang='lat' dir='ltr'><strong>sancti,</strong></span> <span class='ocrx_word' id='word_1_974' title='bbox 911 5744 931 5777; x_wconf 72' lang='grc' dir='ltr'><strong>ι</strong></span> <span class='ocrx_word' id='word_1_975' title='bbox 964 5726 1408 5795; x_wconf 86' lang='lat' dir='ltr'><strong>quemadmodum</strong></span> <span class='ocrx_word' id='word_1_976' title='bbox 1437 5727 1488 5777; x_wconf 89' lang='lat' dir='ltr'><strong>iu</strong></span> <span class='ocrx_word' id='word_1_977' title='bbox 1521 5724 1807 5792; x_wconf 83' lang='lat' dir='ltr'><strong>autiquiss.</strong></span> <span class='ocrx_word' id='word_1_978' title='bbox 1828 5724 1942 5779; x_wconf 84' lang='lat' dir='ltr'><strong>edi-</strong></span> <span class='ocrx_word' id='word_1_979' title='bbox 2042 5729 2205 5796; x_wconf 84' lang='lat' dir='ltr'><strong>cipes.</strong></span> <span class='ocrx_word' id='word_1_980' title='bbox 2229 5744 2247 5776; x_wconf 76' lang='grc' dir='ltr'><strong>ι</strong></span> 
     </span>
    </p>
   </div>
  </div>
