3738 6310
395 318 536 375 1063

1663 320 1899 376 DIDYMI
1939 316 2408 375 ALEXANDRIN!

3498 316 3626 370 1064

393 438 587 493 secuti.
636 436 985 508 Quaecunque
1035 437 1181 493 enim
1233 439 1482 496 sufﬁcere
1513 449 1801 510 poterant,
1852 453 1961 496 tra-
1995 451 2038 505 Α
2067 456 2131 495 ex
2162 440 2324 495 Patre
2354 448 2411 494 et
2432 452 2518 493 me
2546 445 2663 501 est.
2692 435 2795 491 hoc
2840 436 2987 490 enim
3018 433 3194 505 ipsum
3224 430 3368 502 quod
3395 432 3628 487 subsistit

394 529 526 580 dens
557 528 661 589 eis,
709 528 759 579 in
794 526 1033 581 futurum
1071 539 1283 598 tempus
1316 530 1522 599 reliqua
1556 531 1805 586 distulit:
1840 547 1960 601 qua:

391 620 509 671 sine
546 616 826 685 disciplina
862 616 1099 687 Spiritus
1146 619 1323 673 sancti
1368 620 1508 674 scire
1539 635 1644 673 non
1692 623 1962 690 poterant,

391 706 513 775 quia
552 717 680 761 ante
723 709 1012 761 adventum
1047 707 1338 764 Dominica:
1387 710 1653 779 passionis
1700 727 1803 765 non
1847 720 1965 767 erat

390 797 547 849 datus
575 795 884 850 hominibus
936 793 1171 864 Spiritus
1204 808 1424 852 sanctus
1452 798 1590 869 (77),
1636 800 1963 869 evangelista

389 886 638 941 dicente:
678 904 697 936 ι
727 886 838 940 Non
882 888 1024 941 enim
1056 899 1176 942 erat
1208 890 1456 957 cuiquam
1505 888 1744 957 Spiritus
1778 890 1961 957 datus,

388 979 510 1045 quia
551 976 706 1032 Iesus
736 980 958 1032 necdum
992 989 1109 1032 erat
1137 979 1467 1048 gloriﬁcatus
1493 981 1559 1033 ⁸⁸.
1586 1000 1605 1033 ι
1642 979 1951 1035 Glorilicari

390 1070 573 1123 dicens
600 1067 804 1129 Jesum.
846 1080 1075 1123 mortem
1110 1081 1331 1141 gustare
1365 1087 1464 1140 pro
1507 1073 1736 1127 cunctis.
1770 1071 1958 1140 Itaque

389 1170 505 1228 post
568 1162 1016 1213 resurrectionem
1073 1176 1341 1230 apparens
1391 1163 1671 1233 discipulis
1722 1167 1867 1228 suis,
1908 1171 1964 1218 et

390 1248 665 1304 iusulﬂans
712 1251 765 1304 in
820 1250 1010 1305 faciem
1058 1267 1290 1306 eorum:
1347 1270 1366 1303 ι
1397 1252 1705 1321 Accipite,»
1751 1253 1959 1322 inquit,

393 1359 411 1393 r
444 1340 702 1409 Spiritum
754 1352 998 1395 sanctum
1035 1342 1113 1408 “;
1145 1363 1164 1395 ι
1202 1352 1258 1396 et
1308 1358 1520 1396 rursum
1562 1360 1576 1397 :
1626 1363 1644 1394 r
1674 1344 1964 1412 Accipietis

388 1433 637 1485 virtutem
685 1432 920 1501 Spiritus
970 1434 1139 1487 sancti
1194 1434 1460 1488 venientis
1509 1450 1671 1503 super
1713 1451 1804 1489 vos
1843 1434 1957 1488 ⁸³.»

387 1523 504 1588 Quo
535 1523 783 1576 veniente
826 1524 875 1576 in
912 1525 1073 1578 corda
1123 1523 1478 1587 credentium,
1516 1524 1804 1593 implentur
1841 1539 1959 1579 ser-

389 1616 633 1669 monibus
676 1617 950 1684 sapientia:
995 1626 1052 1670 et
1100 1617 1379 1679 scientiae,
1421 1626 1475 1672 et
1528 1617 1607 1671 sic
1656 1616 1964 1685 spirituales

387 1705 588 1771 eﬂ'ecti,
616 1708 914 1777 suscipiunt
949 1706 1181 1775 Spiritus
1222 1706 1392 1762 sancti
1434 1707 1797 1775 disciplinam,
1841 1721 1960 1776 qua:

388 1797 556 1867 possit
599 1814 692 1851 eos
722 1798 987 1851 deducere
1023 1800 1074 1851 in
1118 1813 1334 1852 omnem
1378 1798 1683 1854 veritatem.
1717 1796 1956 1852 Necdum
1992 1780 2035 1840 Β

386 1889 528 1943 enim
557 1889 791 1943 instante
817 1888 966 1960 [Ior!.
998 1887 1253 1961 instabat]
1293 1889 1425 1944 hora
1460 1889 1510 1942 in
1543 1904 1645 1957 qua
1675 1889 1960 1958 oportebat

387 1996 478 2034 eos
508 1978 711 2049 Spiritu
741 1991 927 2034 sancto
955 1980 1167 2050 repleri,
1194 1991 1320 2035 tunc
1342 1982 1556 2050 quando
1584 1979 1719 2033 dixit
1745 1979 1809 2034 ad
1835 1994 1952 2045 eos,

390 2090 413 2125 ι
445 2075 632 2128 Adhuc
672 2073 835 2126 multa
886 2073 1055 2127 habeo
1082 2073 1233 2127 vobis
1267 2072 1468 2135 dicere,
1491 2090 1511 2124 ι
1566 2080 1960 2140 consequenter

388 2165 612 2231 addidit,
650 2182 671 2217 ι
701 2165 795 2219 sed
828 2180 934 2220 non
982 2164 1206 2234 potestis
1233 2178 1295 2217 ea
1331 2172 1552 2230 portare
1598 2162 1775 2217 modo.
1800 2179 1820 2213 ι
1851 2161 1963 2214 Ad-

389 2255 492 2309 lmc
535 2256 677 2308 enim
707 2263 836 2326 typo
872 2254 1025 2323 legis,
1050 2263 1107 2309 et
1140 2254 1362 2316 umbrae,
1386 2260 1444 2306 et
1486 2250 1809 2320 imaginibus
1843 2264 1960 2304 ser-

388 2346 611 2410 vientes,
639 2361 741 2399 non
775 2355 1021 2415 poterant
1064 2344 1344 2398 veritatem
1381 2344 1559 2413 (cujus
1591 2341 1835 2395 umbram
1871 2339 1959 2395 lex

386 2437 652 2507 portabat)
693 2437 976 2506 inspicere,
1011 2436 1153 2490 unde
1185 2449 1284 2489 nec
1317 2432 1618 2503 spiritualia
1647 2432 1762 2504 (78)
1793 2432 1958 2487 susti-

387 2542 533 2581 nere.
569 2546 588 2578 ι
614 2527 744 2581 Cum
791 2538 1046 2591 autem,»
1083 2526 1191 2591 ait,
1244 2544 1263 2577 ι
1292 2527 1501 2581 venerit
1538 2525 1646 2591 ille,
1671 2543 1691 2577 ι
1738 2526 1838 2580 hoc
1875 2532 1960 2580 est

390 2636 408 2667 ι
452 2618 758 2687 paracletus
782 2616 1016 2686 Spiritus
1037 2617 1299 2680 veritatis,
1328 2615 1523 2686 diriget
1545 2630 1641 2669 vos
1671 2615 1723 2669 in
1744 2628 1958 2669 omnes]

385 2712 687 2775 veritatem,
708 2728 727 2762 ι
759 2724 856 2763 sua
889 2708 1158 2774 doctrina,
1196 2716 1250 2762 et
1284 2707 1622 2762 institutione
1661 2720 1754 2760 vos
1787 2716 1959 2759 trans-

384 2803 562 2856 ferens
592 2818 621 2856 a
662 2810 832 2856 morte
872 2800 1064 2854 littera:
1118 2802 1186 2853 ad
1220 2799 1465 2867 spiritum
1494 2797 1874 2861 vivificantem,
1905 2798 1955 2851 in

384 2908 492 2960 quo
524 2892 637 2946 solo
685 2891 861 2944 omnis
909 2890 1205 2959 Scriptura:
1249 2889 1450 2944 veritas
1492 2888 1665 2957 posita
1693 2899 1795 2944 est.
1840 2889 1959 2959 Ipse

383 2999 510 3053 ergo
542 2982 776 3051 Spiritus
803 2981 1071 3043 veritatis,
1100 2981 1409 3048 ingrediens
1452 2994 1641 3049 puram
1671 2990 1725 3033 et
1755 2979 1959 3047 simpli-

384 3090 500 3129 cem
543 3084 799 3139 mentem,
840 3072 1077 3141 signabit
1110 3071 1161 3125 in
1195 3072 1349 3125 vobis
1377 3071 1661 3125 scientiam
1692 3071 1955 3133 veritatis,

2063 544 2118 587 et
2151 532 2410 601 loquitur,
2445 545 2475 583 a
2503 528 2665 583 Patre
2692 538 2747 583 et
2768 543 2852 582 me
2876 528 2947 581 illi
2972 536 3074 581 est.
3109 525 3221 594 Ego
3248 525 3525 579 veritatem
3562 524 3630 576 lu-

2064 636 2222 690 qnor,
2257 621 2309 675 id
2345 631 2469 683 est,
2508 619 2713 687 inspiro
2750 633 2872 687 qua:
2903 617 3177 686 loquitur;
3214 613 3479 683 siquidem
3519 613 3628 679 Spi-

2065 714 2202 767 ritus
2225 711 2469 765 veritatis
2514 720 2618 765 est.
2654 709 2843 763 Dicere
2868 718 3046 763 autem
3090 718 3145 761 et
3174 707 3324 774 loqui
3368 705 3420 758 in
3458 703 3624 757 Trini-

2067 811 2199 865 tale,
2231 815 2334 855 non
2388 800 2682 855 secundum
2727 797 3173 853 cousuetudinem
3222 803 3493 855 nostram,
3532 807 3625 860 qua

2065 894 2131 945 ad
2187 906 2285 945 nos
2337 890 2566 944 invicem
2599 890 3028 944 sermocinamur
3062 898 3116 943 et
3162 887 3457 955 loquimur,
3493 886 3625 940 acci-

2066 985 2336 1050 piendum,
2371 983 2465 1037 sed
2490 981 2640 1049 juxta
2678 981 2905 1035 formam
2952 981 3375 1049 incorporalium
3418 990 3625 1032 natura-

2066 1091 2183 1130 rum
2204 1114 2219 1137 ,
2242 1085 2299 1129 et
2335 1075 2570 1128 maxime
2612 1072 2917 1139 Trinitatis,
2965 1088 3084 1139 qua:
3114 1072 3449 1124 voluntatem
3482 1085 3621 1122 suam

2065 1164 2253 1219 inserit
2280 1164 2331 1218 in
2358 1163 2522 1218 corde
2549 1161 2883 1217 credentium
2919 1159 3057 1230 (79),
3089 1171 3143 1214 et
3171 1176 3363 1213 eorum
3395 1158 3487 1227 qui
3519 1173 3624 1212 eaut

2061 1252 2249 1309 audire
2273 1262 2400 1307 sunt
2438 1252 2585 1323 digni
2610 1270 2623 1307 :
2667 1253 2768 1307 hoc
2788 1262 2903 1319 est,
2939 1252 3116 1307 dicere
3134 1260 3187 1305 et
3210 1250 3379 1320 loqui.

2134 1385 2223 1440 55.
2268 1383 2377 1439 Nos
2405 1383 2599 1452 quippe
2637 1383 2884 1438 homines
2910 1382 3128 1451 quando
3157 1384 3222 1437 de
3256 1382 3439 1451 aliqua
3472 1397 3530 1436 re
3564 1382 3619 1436 ad

2063 1477 2291 1532 alterum
2340 1474 2631 1544 loquimur,
2671 1474 2904 1543 primum
2952 1473 3091 1542 quod
3136 1472 3419 1535 volumus,
3464 1483 3624 1526 mente

2063 1569 2394 1637 concipimus
2435 1567 2639 1636 absque
2690 1580 2940 1620 sermone
2981 1564 3113 1637 (80).
3162 1562 3288 1619 inde
3336 1565 3390 1617 in
3420 1562 3623 1617 alterius

2061 1677 2275 1717 sensum
2307 1659 2549 1715 volentes
2594 1657 2929 1724 transferre,
2980 1658 3176 1725 lingua:
3207 1671 3473 1727 organum
3495 1670 3623 1709 com.

2064 1767 2371 1816 mnvemus,
2399 1760 2456 1807 et
2482 1751 2632 1821 quasi
2660 1749 2929 1819 quoddam
2963 1746 3229 1817 plectrum
3254 1748 3481 1802 chordis
3502 1748 3618 1801 den-

2061 1844 2193 1898 tium
2237 1842 2583 1903 collidentes,
2614 1838 2855 1894 vocalem
2918 1851 3107 1891 sonum
3142 1836 3466 1891 emittimus.
3523 1834 3623 1900 Quo

2060 1934 2218 1989 modo
2245 1934 2408 2003 igitur
2436 1947 2533 1988 nos
2580 1932 2848 2000 linguam,
2892 1945 3052 2000 quam
3093 1928 3271 1998 palato
3318 1927 3435 1999 (8|)
3462 1927 3615 1980 denti

2060 2025 2265 2093 busque
2294 2023 2618 2089 collidimus,
2661 2031 2719 2077 et
2754 2021 2919 2075 ictum
2961 2033 3141 2073 aerem
3172 2018 3225 2072 in
3256 2019 3472 2071 diversa
3502 2026 3621 2069 tem-

2059 2130 2311 2186 peramus
2350 2114 2585 2185 eloquia,
2636 2124 2693 2167 ut
2724 2111 2883 2167 nobis
2921 2119 3048 2165 nota
3092 2109 3552 2165 communicemus
3577 2108 3619 2159 in

2061 2208 2198 2263 alios
2224 2225 2238 2261 :
2267 2207 2339 2261 ita
2374 2216 2429 2261 et
2458 2208 2754 2260 auditorem
2797 2216 3017 2258 necesse
3049 2210 3130 2256 est
3160 2200 3375 2269 patulas
3401 2200 3621 2268 praebere

2062 2311 2245 2365 aures,
2279 2306 2335 2351 et
2364 2295 2511 2351 nullo
2531 2296 2663 2350 vitio
2691 2304 3017 2356 coarctatas,
3050 2292 3103 2346 in
3139 2305 3203 2345 ea
3239 2305 3364 2361 qua:
3387 2290 3622 2343 dicuntur

2060 2390 2298 2459 arrigere
2344 2387 2496 2457 (82),
2530 2398 2589 2441 ut
2622 2388 2788 2456 possit
2814 2386 2883 2439 ita
2920 2385 3063 2439 scire
3094 2399 3213 2453 qua:
3262 2381 3613 2453 proferuntur.

2060 2479 2327 2551 quomodo
2350 2478 2499 2533 novit
2524 2492 2586 2531 ea
2618 2478 2709 2531 ille
2741 2477 2830 2544 qui
2855 2475 3110 2545 loquitur.
3144 2474 3311 2527 Porro
3346 2474 3486 2527 Deus
3506 2474 3620 2527 siui-

2060 2572 2181 2641 plex
2216 2580 2270 2625 et
2322 2572 2688 2639 incompositae
2729 2567 3131 2636 spiritualisque
3176 2576 3416 2630 natura,
3463 2580 3617 2634 neque

2059 2676 2238 2727 aures,
2265 2675 2439 2730 neque
2464 2674 2667 2730 organa
2692 2700 2710 2726 ,
2743 2659 2936 2729 quibus
2966 2674 3069 2712 vox
3107 2657 3394 2723 emittitur,
3442 2656 3619 2718 habet;

2058 2752 2153 2808 sed
2177 2751 2413 2807 solitaria
2445 2750 3110 2820 incomprehensibilisque
3130 2749 3439 2804 substantia
3472 2749 3613 2802 nullis

2061 2843 2316 2899 membris
2358 2843 2708 2912 partibusque
2753 2842 3115 2909 componitur.
3164 2842 3295 2906 Quae
3323 2841 3536 2909 quidem
3566 2842 3619 2893 de

2060 2935 2196 2992 Filio
2234 2946 2287 2992 et
2316 2938 2382 2992 de
2415 2936 2622 3005 Spiritui
2658 2946 2845 2991 sancto
2881 2936 3137 2991 similiter
3160 2936 3495 3005 accipienda.

2132 3072 2222 3126 '56.
2264 3071 2319 3126 Si
2345 3072 2561 3141 quando
2593 3086 2721 3143 ergo
2762 3071 2987 3141 legimus
3013 3071 3065 3125 in
3106 3082 3405 3139 bCl‘lplUl’lS
3437 3087 3453 3124 :
3493 3088 3511 3119 ι
3545 3069 3619 3122 DE-

383 3174 439 3220 et
476 3180 689 3233 semper
716 3180 854 3219 nova
880 3140 1155 3219 veteribus
1203 3164 1520 3234 adjungens,
1558 3162 1751 3233 diriget
1778 3176 1872 3217 vos
1902 3162 1954 3217 in
1987 3140 2033 3201 C
2064 3161 2142 3215 xit
2162 3140 2418 3214 Dominus
2438 3140 2677 3216 Domino
2696 3140 2883 3217 meo“
2910 3178 2925 3227 ;
2952 3179 2969 3211 ι
2991 3170 3043 3214 et
3071 3160 3196 3214 alibi
3219 3177 3233 3213 :
3256 3178 3274 3210 ι
3307 3160 3451 3217 Dixit
3478 3158 3618 3217 Deus.

383 3272 597 3311 onmem
627 3256 931 3310 veritatem.

456 3346 547 3400 54.
583 3345 665 3398 Ad
706 3345 872 3399 Deum
915 3359 1130 3414 quoque
1182 3343 1395 3398 Patrem
1445 3343 1660 3413 quidam
1715 3343 1956 3415 allegans

385 3449 589 3502 preces,
622 3435 861 3504 loquitur
907 3454 921 3490 :
961 3452 980 3487 ι
1020 3435 1199 3506 Dirige
1236 3450 1320 3491 me
1355 3435 1406 3489 in
1440 3435 1666 3489 veritate
1720 3444 1809 3487 tua
1833 3434 1899 3498 “,
1928 3452 1949 3486 ι

388 3524 490 3577 hoc
536 3534 642 3586 est,
670 3524 721 3577 in
764 3524 1054 3594 Unigenito
1098 3536 1221 3591 tuo,
1256 3528 1470 3597 propria
1515 3540 1648 3580 voce
1682 3516 1953 3581 testante:

390 3631 409 3664 r
451 3614 560 3685 Ego
590 3630 708 3668 sum
744 3617 941 3671 veritas
983 3617 1051 3672 ⁸⁸.
1091 3636 1109 3669 ι
1142 3618 1312 3684 Quam
1350 3618 1735 3688 perfectionem
1775 3620 1964 3675 tribuit

390 3705 527 3759 Deus
564 3706 780 3761 mittens
829 3704 1090 3776 Spiritum
1131 3709 1410 3774 veritatis,
1455 3710 1549 3781 qui
1582 3712 1869 3765 credentes
1904 3712 1958 3765 in

389 3806 553 3850 totam
585 3797 783 3868 dirigat
824 3799 1126 3854 veritatem.
1167 3801 1373 3857 Dehinc
1412 3802 1465 3856 in
1503 3802 1961 3871 consequentibus

383 3890 449 3941 de
492 3885 698 3956 Spiritu
738 3889 1006 3957 veritatis,
1041 3892 1135 3963 qui
1187 3908 1217 3946 a
1272 3894 1429 3949 Patre
1485 3896 1749 3962 mittatur,
1798 3903 1853 3949 et
1892 3895 1963 3949 sit

383 3976 725 4045 Paracletus,
773 3979 1024 4037 Salvator
1078 3984 1189 4053 (qui
1245 3994 1302 4040 et
1337 3984 1559 4055 veritas)
1604 3986 1731 4039 ait:
1786 4001 1807 4036 ι
1848 3983 1964 4039 Non

326 4106 345 4123 κ
381 4071 522 4125 enim
554 4070 803 4143 loquetur
833 4091 863 4128 a
900 4077 1229 4146 semetipso:
1256 4094 1274 4127 ι
1299 4077 1400 4132 hoc
1428 4088 1533 4144 est,
1560 4094 1663 4133 non
1700 4078 1820 4133 sine
1856 4091 1961 4140 me,

384 4170 443 4215 et
472 4161 589 4216 sine
628 4178 751 4218 meo
779 4174 835 4220 et
862 4164 1042 4222 Patris
1072 4168 1322 4232 arbitrio,
1361 4170 1487 4238 quia
1524 4169 1898 4237 inseparabilis
1928 4184 1960 4224 a

385 4270 421 4293 ἰλ
438 4270 502 4309 ea
526 4265 581 4309 et
610 4256 787 4313 Patris
813 4269 898 4313 est
923 4261 1221 4328 voluntate,
1265 4264 1389 4334 quia
1419 4277 1523 4317 non
1551 4278 1618 4317 ex
1650 4277 1709 4317 se
1732 4272 1836 4329 est,
1863 4262 1957 4317 sed
1984 4330 1987 4333 _

2060 3252 2183 3307 Fiat
2213 3252 2298 3306 lux
2327 3252 2394 3317 ⁸⁷,
2431 3272 2450 3305 ι
2475 3262 2528 3307 et
2553 3253 2597 3308 si
2623 3268 2726 3323 qua
2760 3253 2845 3308 his
2876 3252 3093 3314 similia,
3143 3252 3302 3315 digne
3329 3251 3426 3319 (al.
3460 3251 3617 3320 digna)

2060 3347 2169 3401 Deo
2195 3346 2442 3415 accipere
2486 3344 2763 3400 debemus.
2797 3343 2981 3415 Neque
3006 3345 3152 3400 enim
3188 3344 3469 3412 ignorante
3504 3342 3619 3396 Filio

2059 3438 2170 3508 (qui
2193 3436 2452 3507 sapientia
2473 3445 2529 3491 et
2558 3436 2758 3489 veritas
2783 3436 2886 3508 est)
2923 3436 3082 3490 Pater
3112 3452 3263 3490 suam
3289 3436 3504 3489 nuntiat
3534 3451 3613 3487 vo-

2063 3528 2343 3592 luntatem,
2375 3543 2496 3581 cum
2531 3542 2692 3581 omne
2724 3528 2867 3594 quod
2911 3527 3170 3595 loquitur,
3200 3527 3419 3596 sapiens
3459 3542 3615 3581 verus

2061 3632 2165 3687 que
2194 3618 2515 3680 subsistens.
2550 3617 2602 3671 in
2642 3619 2907 3687 sapientia
2938 3620 3136 3674 haheat
3189 3628 3246 3673 et
3302 3620 3355 3672 in
3388 3620 3607 3671 substan-

2062 3712 2132 3765 tia
2166 3710 2299 3781 (8‘5).
2335 3708 2502 3778 Loqui
2545 3725 2674 3781 ergo
2719 3710 2965 3777 Patrem,
2995 3723 3048 3765 et
3076 3712 3264 3765 audire
3300 3708 3616 3775 Filium,vel

2061 3816 2094 3858 e
2125 3802 2421 3862 contrario,
2446 3800 2877 3869 Filioloquente,
2911 3802 3099 3855 audire
3130 3800 3368 3863 Patrem,
3398 3800 3613 3865 ejusdem

2064 3905 2269 3950 natura:
2299 3895 2352 3949 in
2390 3894 2549 3949 Patre
2591 3904 2645 3949 et
2689 3894 2827 3950 Filio
2868 3909 3273 3963 consensusque
3304 3892 3613 3962 significatio

2062 3994 2164 4041 est.
2198 3984 2431 4054 Spiritus
2459 3998 2674 4053 quoque
2704 3995 2924 4040 sanctus
2944 4023 2960 4049 ,
2994 3985 3085 4054 qui
3119 3994 3201 4038 est
3232 3984 3457 4053 spiritus
3493 3982 3601 4035 veri

2063 4075 2212 4141 tatis,
2260 4075 2592 4144 spiritusque
2645 4075 2944 4145 sapientize,
2996 4089 3101 4129 non
3156 4082 3335 4142 potest
3382 4072 3519 4127 Filio
3548 4071 3610 4124 lo-

2059 4178 2257 4237 quente
2281 4167 2468 4221 audire
2499 4182 2620 4237 qua:
2660 4167 2832 4221 nescit
2853 4205 2870 4232 ,
2893 4182 3014 4221 cum
3050 4166 3152 4221 hoc
3183 4166 3355 4234 ipsum
3381 4164 3451 4217 sit
3489 4162 3611 4233 quod

2058 4260 2332 4330 profertur
2357 4275 2385 4313 a
2411 4257 2551 4313 Filio
2576 4298 2593 4325 ,
2620 4259 2672 4311 id
2705 4268 2788 4313 est
2808 4298 2824 4324 ,
2851 4257 3149 4327 procedens
3176 4270 3205 4311 a
3227 4257 3469 4320 veritate,
3495 4270 3601 4309 con-

451 4349 492 4423 ⁸ξ
527 4348 681 4405 Joau.
706 4365 806 4423 vn,
830 4354 920 4411 39.
996 4355 1041 4387 ⁸³
1065 4354 1221 4411 Joan.
1248 4372 1339 4422 xx,
1369 4355 1461 4410 22.
1536 4355 1582 4387 ⁸³
1618 4355 1741 4412 Act.
1770 4372 1810 4423 ι,
1840 4356 1897 4410 8.
1972 4354 2018 4386 “
2040 4354 2187 4410 Psal.
2250 4367 2400 4418 xxiv,
2450 4352 2504 4407 5.
2582 4352 2627 4382 ⁸⁸
2664 4350 2821 4407 Joan.
2850 4366 2964 4419 xiv,
3012 4352 3067 4407 6.
3144 4353 3190 4384 “
3219 4350 3364 4406 Psal.
3412 4366 3520 4413 ctx,
3562 4349 3609 4402 2-

383 4418 425 4449 "
453 4418 587 4475 Gen.
623 4435 669 4482 ι,
704 4420 757 4473 5.

381 4520 477 4581 tus
506 4510 747 4581 editio“
778 4519 827 4564 et
864 4509 1077 4581 pepitus
1122 4509 1213 4565 Dei
1265 4511 1583 4581 sapientiam
1632 4511 1941 4566 nescientes
1972 4513 2015 4568 D

380 4579 593 4647 dirigit;
616 4598 632 4630 ι
673 4578 839 4634 Vatic.
870 4578 893 4630 ⁷(
926 4578 1014 4632 Dei
1063 4578 1377 4649 sapientiam
1413 4583 1712 4636 nescientes
1756 4581 1942 4649 dirigi-

380 4658 492 4711 tur;
520 4668 538 4700 ι
573 4649 732 4720 lieg.,
776 4667 795 4720 ι
828 4649 919 4703 Dei
947 4649 1205 4718 sapientia
1236 4654 1506 4720 ignaros,»
1540 4661 1646 4705 etc.
1688 4650 1931 4711 Tholos.,

382 4735 403 4789 ς
441 4730 495 4774 et
532 4719 718 4787 plenos
765 4719 857 4774 Dei
909 4722 1169 4787 sapientia
1220 4719 1470 4789 dirigitur
1516 4721 1657 4775 sicut
1723 4720 1944 4773 fuerunt

370 4788 503 4856 justi
535 4798 589 4842 et
621 4790 923 4856 prophetae,
972 4790 1066 4843 sed
1116 4791 1183 4844 ad
1232 4805 1347 4855 eos,
1379 4792 1467 4856 qui
1505 4793 1790 4844 verborum
1829 4788 1944 4855 ejus

375 4807 503 4856 jusu
535 4807 589 4842 et
621 4807 923 4856 propuetaa,
972 4807 1066 4843 seu
1116 4807 1183 4844 au
1232 4807 1347 4855 eos,
1416 4807 1467 4844 ιιι
1505 4807 1790 4844 verborum
1829 4807 1940 4855 ejus

375 4859 643 4912 auditores
673 4859 897 4913 necdum
929 4856 1159 4924 fuerant,
1185 4878 1203 4913 ι
1234 4870 1343 4916 etc.
1373 4807 1506 4913 ’(ἒωη
1537 4862 1711 4914 denuo
1741 4856 1940 4923 Vatic.,

380 4945 400 4978 ι
430 4927 896 4999 ιιθςιιυιηίΐιιθιοιιιιι
920 4930 1098 4982 omnia
1133 4932 1431 4994 consecuti,
1460 4945 1580 4999 quae
1624 4939 1813 4998 postea
1845 4944 1942 4997 pro

378 4998 594 5051 nomine
635 4998 1005 5069 ejussuﬂ'erre
1036 5007 1304 5067 poterant,
1354 5001 1449 5055 sed
1478 4998 1655 5069 aliqua
1689 5014 1754 5054 ex
1790 5009 1944 5068 parte

378 5070 596 5138 tradens
622 5069 702 5121 eis
732 5067 843 5133 illa,
882 5083 1001 5137 qua:
1031 5071 1229 5137 majora
1271 5081 1428 5125 erant
1454 5070 1506 5122 in
1531 5067 1802 5138 posterum
1840 5068 1943 5121 dif-

376 5136 585 5207 ferens,
608 5136 989 5207 commendans
1013 5147 1066 5190 et
1097 5140 1208 5204 illa,
1235 5154 1353 5207 qua:
1382 5142 1434 5192 in
1466 5136 1701 5192 futurum
1730 5147 1941 5205 tempus

377 5206 494 5285 ideo
539 5205 774 5271 distulit,
818 5217 878 5259 ut
914 5208 1119 5275 reliqua
1166 5205 1444 5285 disciplina
1499 5207 1728 5285 Spiritus
1769 5209 1940 5261 sancti

375 5279 477 5346 sui,
504 5288 690 5346 qum...
731 5290 835 5346 non
871 5287 1121 5346 poterant
1151 5279 1197 5333 si
1241 5280 1489 5346 primitus
1534 5282 1583 5331 in
1621 5286 1805 5331 nostro
1848 5291 1941 5330 ca-

376 5345 482 5411 pite
523 5344 890 5417 magisterium
917 5357 973 5399 et
1004 5346 1175 5401 forma
1207 5344 1383 5403 crucis
1416 5349 1637 5417 periret.
1668 5347 1937 5417 Quaecun-

374 5414 667 5484 queenim
733 5412 955 5469 sufferre
1008 5428 1319 5484 poterant,»
1369 5412 1474 5472 etc.
1518 5412 1712 5472 Eadem
1770 5415 1941 5470 ferme

424 5482 709 5557 holosanus
732 5482 1020 5552 praeponit,
1038 5482 1351 5557 tantquue
1376 5490 1571 5541 rectius
1604 5489 1752 5555 legit,
1768 5503 1803 5557 _r
1835 5486 1938 5540 nisi

376 5554 620 5625 primitus
667 5553 719 5625 in
774 5565 957 5609 nostro
1008 5558 1185 5624 capite
1241 5553 1607 5625 magisterium
1658 5553 1713 5608 et
1760 5554 1936 5609 forma

375 5622 549 5694 crucis
596 5623 888 5691 praeiret“
940 5622 1087 5694 quia
1119 5636 1242 5679 ante
1304 5622 1591 5680 adventum
1655 5626 1941 5678 Dominicte

376 5691 657 5816 (Exigitis,
684 5710 703 5746 ι
737 5702 866 5762 etc.,
898 5691 975 5749 ex
997 5695 1194 5765 quibus
1240 5696 1361 5751 boui
1410 5695 1609 5765 aliquid
1646 5695 1814 5751 lector
1845 5710 1943 5749 ex-

2117 4509 2230 4583 (77)
2271 4510 2517 4583 'l'holos.,
2540 4530 2569 4583 γι
2602 4510 2860 4583 Nondum
2882 4520 3000 4565 erat
3025 4510 3260 4579 Spiritus
3288 4511 3471 4583 datus,
3495 4524 3605 4577 qua

2043 4579 2220 4635 Jesus'
2245 4582 2478 4635 nondum
2528 4582 2706 4635 fuerat
2731 4581 3078 4648 glorilicatus.
3115 4602 3132 4632 ι
3161 4582 3297 4645 Quid
3332 4589 3414 4634 est
3442 4579 3605 4633 Jesura

2045 4652 2275 4704 nondum
2296 4651 2705 4707 honorificatum
2724 4651 2748 4704 ‘i
2769 4649 3103 4705 rGlorilicari
3134 4652 3339 4713 dicens,
3362 4668 3380 4699 ι
3413 4661 3512 4703 etc.

2115 4720 2229 4791 (78)
2283 4720 2421 4791 Erat,
2464 4740 2482 4772 ι
2525 4737 2591 4775 ne
2645 4720 3006 4789 spiritualia.)
3052 4721 3215 4775 Vetus
3260 4723 3426 4784 edit.,
3474 4738 3491 4770 r
3521 4731 3607 4771 nec

2044 4788 2293 4859 denique.
2325 4810 2344 4844 ι
2386 4790 2529 4855 Vat.,
2566 4807 2584 4841 ι
2618 4788 2809 4858 neque.
2837 4808 2856 4841 ι

2116 4858 2228 4931 (79)
2269 4859 2497 4931 Legerat
2535 4860 2663 4914 olim
2708 4859 3090 4931 Gratianus,¢
3132 4859 3327 4930 ingerit
3368 4875 3418 4931 ru
3459 4858 3605 4911 corda

2043 4929 2420 4996 credentium,
2452 4940 2508 4985 et
2547 4944 2734 4984 eorum
2764 4931 3019 4986 cordibus
3041 4930 3226 4986 inserit
3250 4970 3265 4993 ,
3302 4929 3392 4995 qui
3417 4942 3552 4987 eam,
3585 4946 3602 4977 ι

2045 5011 2152 5124 fle.
2177 4998 2303 5081 Mox
2339 4999 2585 5067 Tbolos.,
2620 5017 2640 5052 ι
2675 4998 2878 5063 dicere.
2919 5001 3083 5067 scire,
3117 5011 3173 5055 et
3212 4998 3529 5067 intelligere,
3560 5007 3606 5049 et

2066 5086 2212 5124 00m.
2257 5088 2275 5121 1

2066 5086 2212 5124 00m.
2257 5088 2275 5121 1

2257 5088 2436 5194 ’νθιυδ
2458 5140 2614 5205 edit.,
2646 5158 2666 5193 ι
2700 5148 2883 5195 mente
2906 5138 3260 5207 concipimus.
3282 5148 3335 5193 et
3358 5140 3479 5207 quia
3511 5152 3603 5190 non

2044 5211 2287 5262 Valetnus
2317 5210 2521 5277 absque
2545 5226 2794 5265 sermone
2835 5213 2888 5265 in
2933 5208 3159 5262 alterum
3190 5224 3408 5262 sensum
3439 5220 3603 5277 trans.

2047 5279 2214 5344 ferre,
2235 5276 2447 5348 lingua:
2476 5294 2733 5347 organum
2764 5293 3186 5334 eommOVeutns.
3221 5297 3241 5329 ι
3282 5278 3483 5332 Exinde
3514 5276 3603 5328 Βε-

2045 5348 2182 5415 gina:
2230 5347 2383 5409 liber.
2440 5366 2459 5399 ι
2522 5362 2577 5401 et
2618 5350 2809 5403 dentes
2849 5350 3002 5418 quasi
3034 5350 3304 5416 quoddam
3352 5350 3604 5418 plectrqu

2054 5419 2223 5472 :ortlis
2263 5418 2600 5481 cnllidentes,
2646 5438 2664 5470 ι
2706 5428 2816 5473 etc.

2115 5486 2235 5557 (8|)
2269 5487 2404 5541 Editi
2434 5488 2695 5556 plerique,
2725 5489 2989 5559 «linguam
3017 5502 3179 5558 quam
3205 5485 3404 5555 palato,
3427 5504 3447 5537 ι
3475 5495 3597 5539 etc.:

2044 5560 2396 5610 emendantus
2422 5572 2450 5609 a
2488 5559 2724 5620 scriptis.

2114 5628 2227 5698 (32)
2263 5627 2544 5681 Assentior
2573 5628 2816 5689 Bll‘llliO,
2842 5626 2932 5697 qui
2974 5646 2992 5679 ι
3045 5627 3283 5696 arrigere
3311 5645 3330 5678 ι
3368 5624 3601 5695 scripsit,

2044 5712 2142 5767 pro
2175 5716 2193 5767 ι
2225 5699 2453 5767 erigere,
2494 5715 2513 5748 ι
2545 5702 2686 5766 quod
2718 5702 2976 5751 hactenus
3005 5698 3333 5751 obtinuerat.

2118 5766 2228 5839 (83)
2268 5765 2406 5821 Olim
2429 5765 2574 5829 era',’
2600 5786 2617 5819 ι
2653 5777 2707 5823 et
2758 5768 2809 5821 iu
2848 5768 3073 5822 veritate
3119 5766 3493 5822 substantiam.
3534 5781 3552 5814 ι
