3738 6364
173 422 276 479 ,αδδ
1200 405 1400 459 LIBER
1440 406 1524 461 DE
1567 406 1647 462 se

1881 400 2167 457 SANCTO.
3185 403 3316 459 1066

171 536 321 588 solator
348 534 543 579 manans
583 518 646 574 de
690 517 1031 574 consolatore
1062 517 1194 590 (84),
1234 522 1370 575 Deus
1404 524 1468 575 de
1512 522 1618 575 Deo
1637 563 1651 585 ,
1684 527 1729 582 Α
1756 520 1895 589 quod
1923 522 2079 573 datur
2101 519 2146 571 ei
2173 533 2199 570 a
2227 516 2379 572 Filio.
2402 515 2690 584 Propterea
2717 523 2891 568 autem
2920 516 3018 568 ista
3044 516 3315 581 dicuntur,

171 624 346 694 Spiritus
365 612 594 669 veritatis
630 612 941 679 procedens.
984 610 1225 679 Denique
1263 628 1328 665 ne
1355 614 1473 679 quis
1501 614 1647 665 illum
1755 619 1811 664 ut
1844 614 2085 664 eamdem
2130 610 2181 662 in
2241 608 2501 661 Trinitate
2550 606 2833 659 credamus
2886 621 3005 660 esse
3067 618 3315 662 naturam

166 733 186 768 ει
211 709 348 766 Patris
370 712 417 758 et
441 698 555 753 Filii
600 699 869 754 voluntate
911 708 964 753 et
993 701 1249 753 societate
1279 700 1606 754 discerneret
1635 742 1649 763 ,
1755 702 1987 769 Spiritus
2025 698 2217 764 sancti,
2243 712 2360 767 quae
2386 706 2469 751 est
2496 696 2672 750 Patris
2716 708 2770 749 et
2797 696 2937 750 Filii.

165 804 363 872 scriptum
383 803 453 851 est
477 810 489 845 :
531 811 548 842 ‹
581 791 693 846 Non
726 792 866 845 enim
894 807 922 845 a
952 793 1241 862 semetipso
1266 792 1534 860 loquetur,
1560 794 1650 847 sed
1824 791 1912 845 '58.
1955 789 2089 854 Quia
2115 804 2241 856 ergo
2268 786 2367 859 [αι.
2391 787 2561 859 enim]
2582 789 2756 841 omnis
2786 788 3017 841 humana
3043 782 3143 843 vox
3174 789 3306 844 nihil

161 895 264 948 sicut
285 885 436 940 audiet
477 880 744 948 loquetur.
781 899 798 931 ι
833 879 933 934 Cui
964 881 1122 936 etiam
1168 881 1343 935 simile
1377 883 1443 935 de
1477 883 1653 949 seipso
1754 890 1931 951 potest
1981 882 2124 934 aliud
2173 880 2415 949 judicare
2461 895 2621 949 quant
2669 894 2916 949 corpora,
2954 888 3006 933 et
3057 879 3315 944 Trinitas,

162 984 352 1038 Salvator
372 975 475 1029 ait:
513 991 531 1022 ι
564 972 711 1026 Sicut
731 974 907 1035 audio,
939 982 991 1026 et
1017 973 1201 1042 judico
1233 973 1308 1034 ⁶⁸;
1344 992 1361 1024 ι
1400 984 1452 1027 et
1480 973 1600 1026 alibi
1636 993 1648 1027 :
1753 976 1819 1029 de
1838 990 1939 1043 qua
1965 988 2106 1027 nunc
2130 973 2282 1027 nobis
2311 987 2488 1027 sermo
2516 982 2616 1037 est,
2650 986 2835 1025 omnes
2866 973 3166 1027 materiales
3187 975 3317 1027 sub-

162 1073 283 1127 «Non
303 1074 451 1137 potest
485 1064 654 1118 Filius
685 1080 710 1115 a
743 1078 800 1118 se
828 1064 938 1133 (85)
971 1064 1148 1118 facere
1184 1066 1474 1134 quidquam
1500 1103 1515 1128 ,
1551 1066 1651 1117 nisi
1754 1068 1979 1120 stantias
2013 1076 2248 1135 superat,
2285 1065 2487 1119 idcirco
2538 1065 2738 1117 nullum
2786 1066 3009 1119 verbum
3060 1074 3237 1133 potest
3269 1067 3316 1119 ei

158 1164 261 1236 quod
283 1158 447 1213 viderit
468 1157 677 1210 Patrem
712 1156 996 1209 facientem
1014 1157 1081 1208 ⁸³.
1104 1176 1122 1206 ι
1152 1154 1206 1208 Si
1231 1157 1371 1209 enim
1402 1172 1537 1209 unus
1570 1165 1654 1209 est
1754 1158 1968 1226 proprie
2011 1157 2248 1225 coaptari
2272 1198 2285 1220 ,
2318 1167 2372 1211 et
2414 1157 2529 1224 ejus
2569 1157 2873 1225 signilicare
2923 1157 3276 1212 substantiam
3302 1200 3317 1220 .

156 1255 264 1311 l’atri
296 1251 473 1310 Filius,
511 1264 612 1300 non
640 1246 791 1313 juxta
842 1247 1061 1300 Sabellii
1103 1249 1301 1301 dictum
1352 1248 1565 1302 Patrem
1600 1260 1654 1301 et
1755 1251 1846 1304 sed
1887 1265 2043 1303 omne
2090 1249 2229 1318 quod
2268 1250 2553 1318 loquimur,
2591 1250 3040 1321 καταχρηστικῶς
3064 1290 3079 1314 ,
3117 1250 3168 1305 id
3196 1262 3316 1316 est,

157 1348 302 1400 l‘ilinm
335 1339 726 1403 confundentis,
760 1342 852 1393 sed
888 1340 1037 1406 juxta
1087 1340 1523 1394 indiscretionent
1570 1356 1654 1395 es-
1756 1339 1973 1394 abusive
2004 1349 2105 1404 est,
2139 1348 2192 1391 et
2222 1339 2288 1393 de
2316 1340 2738 1408 incorporalibus
2761 1342 2992 1406 cunctis,
3017 1351 3070 1394 et
3088 1343 3319 1395 maxime

153 1437 309 1499 sentiae,
334 1434 435 1486 sive
455 1431 783 1494 substantiae,
811 1447 914 1484 non
940 1441 1115 1500 potest
1141 1432 1427 1500 quidquam
1455 1433 1654 1500 absque
1754 1447 1876 1485 cum
1908 1431 1974 1485 de
2001 1432 2264 1485 Trinitate
2294 1430 2580 1499 loquimur.
2615 1433 2889 1488 Glorilicat
2917 1434 3095 1502 itaque
3117 1434 3313 1488 Filium

154 1528 271 1580 Patre
306 1523 478 1586 facere,
502 1522 627 1590 quia
664 1531 1033 1588 separatorum
1074 1523 1285 1575 diversa
1310 1532 1434 1574 sunt
1466 1536 1652 1590 opera,
1756 1521 1989 1590 Spiritus
2013 1530 2249 1584 sanctus,
2278 1524 2563 1577 ostendens
2589 1522 2733 1577 illum
2759 1533 2813 1576 et
2842 1523 2894 1576 itt
2920 1538 3161 1591 apertum
3191 1538 3318 1593 pro.

150 1618 218 1671 sed
246 1617 403 1668 videns
424 1624 733 1680 cperantem
756 1613 993 1679 Patrem,
1024 1624 1077 1668 et
1103 1615 1213 1681 ipse
1243 1623 1517 1682 cperatur,
1540 1630 1652 1667 non
1757 1614 1935 1668 ferens
1982 1614 2064 1668 his
2096 1615 2183 1683 qui
2218 1615 2416 1667 mundo
2445 1616 2607 1668 corde
2652 1631 2771 1669 eum
2816 1616 3112 1685 intelligere
3142 1624 3197 1670 et
3237 1618 3319 1668 vi-

148 1709 331 1762 secundo
362 1705 512 1774 gradu
534 1746 548 1769 ,
578 1714 632 1757 et
669 1715 786 1772 post
836 1704 981 1757 illum
1023 1720 1269 1774 operans.
1302 1704 1421 1757 Alia
1459 1704 1654 1773 quippe
1755 1706 1881 1761 dere
1915 1716 2040 1760 sunt
2071 1708 2238 1777 digni,
2276 1717 2328 1762 et
2360 1708 2700 1777 splendorem
2733 1710 3064 1773 substantia},
3093 1718 3148 1764 et
3184 1711 3319 1763 ima-

148 1798 299 1860 Patris,
324 1796 413 1848 alia
438 1793 558 1847 Filii
588 1810 748 1863 opera
778 1810 895 1849 esse
930 1796 1247 1863 inciperent,
1274 1796 1317 1848 si
1350 1811 1454 1848 non
1480 1810 1654 1863 :equa-
1684 1861 1722 1871 κ
1756 1798 1930 1865 ginem
1956 1798 2237 1852 invisibilis
2261 1799 2351 1851 Dei
2371 1801 2528 1853 scire.
2556 1798 2781 1853 Rursum
2806 1800 2979 1869 imago
3004 1802 3115 1871 ipsa
3138 1810 3290 1855 osten

144 1892 236 1944 liter
263 1888 444 1943 tierent.
481 1887 753 1954 Scriptum
801 1898 885 1942 est
915 1899 1093 1941 autem
1124 1907 1136 1941 :
1169 1904 1193 1939 ς
1223 1888 1354 1954 Qua:
1383 1889 1525 1942 enim
1562 1889 1649 1942 ille
1684 1861 1725 1915 Β
1757 1891 1887 1943 dens
1910 1906 1969 1943 se
1996 1891 2145 1958 puris
2170 1891 2459 1955 mentibus,
2483 1891 2745 1957 gloriﬁcat
2774 1890 3011 1957 Patrem,
3042 1892 3321 1946 insinuans

144 1982 256 2045 facit,
287 1999 302 2033 ι
328 1980 455 2033 haud
499 1980 718 2032 dubium
758 1979 884 2047 quin
918 1979 1079 2033 Pater
1101 2019 1117 2043 ,
1147 1998 1165 2029 ‹
1199 1981 1311 2034 hmc
1352 1980 1539 2034 eadem
1566 1980 1653 2033 Fi-
1756 1996 1875 2035 eum
1928 1980 2324 2044 nescientibus,
2367 1981 2479 2049 ipse
2506 1982 2646 2035 enim
2675 1982 2751 2036 ait
2787 2001 2800 2036 :
2852 2001 2871 2033 ‹
2908 1983 3008 2049 Qui
3038 1984 3181 2037 videt
3215 2000 3319 2044 me.

141 2074 218 2127 lius
245 2074 467 2126 similiter
495 2071 627 2124 facit
653 2072 718 2123 7°.
751 2090 769 2121 ι
801 2070 952 2137 Quod
979 2072 1023 2124 si
1065 2082 1319 2138 operante
1347 2071 1508 2125 Patre
1539 2070 1651 2142 (86)
1757 2070 1897 2123 videt
1927 2080 1980 2122 et
2011 2068 2223 2123 Patrem
2249 2070 2314 2123 '“.
2350 2089 2370 2123 ι
2396 2071 2552 2124 Pater
2589 2086 2802 2139 quoque
2836 2072 3079 2127 revelans
3124 2071 3319 2126 Filiutn

141 2173 179 2215 et
204 2161 331 2224 Filio,
359 2159 632 2228 nonjnxta
663 2161 927 2224 ordinem,
975 2160 1132 2228 primi
1183 2171 1234 2214 et
1266 2160 1511 2227 secundi,
1558 2162 1652 2214 sed
1756 2161 1841 2215 his
1880 2162 1970 2230 qui
2022 2162 2086 2214 ad
2140 2161 2340 2216 calcem
2376 2163 2616 2217 scientiae
2657 2164 2937 2232 pervenire
2982 2176 3347 2228 meruerunt,

136 2254 248 2320 juxta
298 2252 419 2306 idem
450 2262 659 2321 tempus
687 2253 942 2321 operandi
985 2255 1169 2306 eadem
1201 2263 1255 2306 et
1284 2253 1650 2315 indissimilia,
1755 2252 2022 2321 gloriﬁcat
2050 2252 2394 2322 Unigenitum
2427 2269 2604 2318 suum,
2651 2256 2939 2309 ostendens
2972 2256 3087 2325 ejus
3117 2260 3324 2326 magni-

138 2343 380 2399 subsistunt
418 2344 669 2396 universa
711 2359 827 2411 quze
865 2344 1016 2409 ﬁunt,
1061 2354 1114 2397 et
1143 2343 1311 2398 Filius
1344 2360 1446 2397 non
1479 2354 1651 2412 potest
1759 2344 2027 2398 licentiam
2057 2352 2216 2413 atque
2241 2346 2512 2398 virtutem.
2547 2346 2651 2400 Sed
2676 2354 2729 2400 et
2753 2347 2864 2415 ipse
2885 2347 3051 2402 Filius
3078 2347 3321 2403 tribuens

135 2437 424 2505 asemetipso
454 2436 746 2504 quidquam
789 2438 1000 2502 facere,
1034 2438 1124 2506 qui
1166 2453 1195 2489 a
1239 2435 1398 2491 Patre
1426 2454 1529 2490 non
1561 2453 1656 2505 po—
1759 2434 2020 2503 Spiritum
2069 2446 2311 2489 sanctum
2353 2436 2435 2489 his
2472 2437 2561 2505 qui
2611 2453 2669 2492 se
2710 2438 2897 2507 dignos
2942 2440 3055 2509 ejus
3104 2456 3324 2495 ntunere

137 2537 215 2583 test
252 2529 492 2596 separari,
548 2529 628 2581 sic
681 2538 733 2582 et
773 2527 1005 2595 Spiritus
1059 2539 1278 2582 sanctus
1321 2541 1654 2596 nequaquam
1759 2535 2215 2594 praeparaverunt,
2263 2536 2318 2581 et
2364 2528 2607 2598 pandens
2663 2528 3043 2584 sublimitatem
3068 2530 3165 2603 [αι.
3200 2546 3325 2600 pro-

133 2630 358 2688 separatus
384 2636 411 2673 a
433 2620 590 2684 Filio,
619 2629 838 2689 propter
862 2621 1152 2674 voluntatis
1184 2630 1498 2688 naturaeque
1527 2633 1658 2672 con-
1761 2614 2068 2686 prietatem]
2102 2615 2521 2686 gloriﬁcationis,
2560 2628 2613 2670 et
2643 2620 3023 2688 magnitudinis
3057 2620 3175 2689 ejus
3207 2623 3318 2675 vir-

134 2713 350 2777 sortinm,
394 2728 495 2764 non
528 2713 822 2779 semetipso
864 2712 1103 2764 creditur
1156 2710 1342 2779 loqui,
1387 2710 1478 2764 sed
1508 2709 1659 2779 juxta
1760 2711 1966 2766 tutem,
2003 2706 2269 2774 gloriﬁcat
2307 2707 2453 2759 illum
2494 2705 2625 2777 (87).
2674 2708 2869 2761 Deinde
2921 2710 3323 2779 interpretatio-

134 2802 307 2853 verbum
332 2810 380 2854 et
418 2802 699 2853 veritatem
742 2801 833 2853 Dei
870 2800 1106 2868 loquitur
1138 2800 1386 2853 universa
1417 2815 1536 2868 qum
1579 2799 1659 2852 lo-
1762 2808 1883 2846 Item
1918 2793 2150 2848 inferens
2177 2809 2297 2848 cum
2331 2797 2487 2848 modo
2522 2796 2635 2866 (88)
2665 2796 2909 2859 dixisset.
2943 2797 3006 2851 de
3038 2814 3156 2851 meo
3181 2800 3328 2853 acci-

136 2894 297 2960 quitur.
322 2892 461 2947 llanc
490 2894 796 2962 opinionem
824 2894 1096 2962 sequentia
1120 2892 1325 2947 Domini
1348 2894 1508 2946 verba
1534 2907 1657 2946 con-
1761 2886 1905 2954 piet,
1936 2887 2177 2955 protinus
2209 2886 2437 2957 subiecit
2466 2905 2480 2940 ε
2519 2906 2536 2937 σ
2580 2887 2769 2941 Onmia
2798 2904 2917 2957 quae
2953 2889 3112 2944 habet
3144 2889 3323 2954 Pater.

132 2982 319 3049 ﬁrmant,
355 2984 609 3038 dicentis:
640 2984 757 3037 «Ille
791 2999 874 3037 me
910 2983 1226 3037 clariﬁcabit
1262 3003 1280 3034 ι
1319 2983 1419 3054 [αι.
1448 2983 1659 3052 gloriﬁ-
1762 2994 1881 3033 mea
1913 2991 2075 3045 sunt;
2112 2988 2391 3047 propterea
2425 2980 2556 3042 dixi,
2591 2980 2656 3033 de
2693 2995 2811 3034 meo
2865 2982 3091 3051 accipiet
3123 2990 3176 3036 et
3224 3000 3323 3037 an-

132 3075 275 3145 ωηιξη,
302 3076 347 3128 id
384 3086 485 3140 est,
530 3075 871 3141 Pal-actenus;
903 3092 921 3125 ¢
945 3075 1068 3144 quia
1093 3076 1158 3127 de
1186 3091 1304 3129 meo
1341 3074 1591 3129 accipiet.
1632 3092 1651 3124 ι
1765 3067 2029 3122 nuntiabit
2052 3069 2200 3123 vobis
2223 3069 2290 3132 ⁷³,
2328 3088 2345 3121 ι
2378 3071 2772 3138 quodammodo
2818 3071 3041 3141 loquens
3065 3113 3080 3138 ,
3105 3072 3256 3129 Licet
3296 3094 3325 3128 a

131 3166 318 3220 Rursum
347 3168 453 3229 hic,
496 3167 744 3233 accipere
780 3166 876 3238 [ιιι.
909 3165 1202 3237 accipiet],
1235 3176 1293 3219 ut
1326 3166 1517 3221 divinae
1558 3180 1657 3217 na-
1691 3198 1735 3259 Ο
1767 3158 1924 3259 Patre
1974 3160 2229 3229 procedat
2272 3160 2504 3227 Spiritus
2546 3162 2786 3259 feritatis
2810 3203 2824 3226 ,
2862 3172 2914 3216 et
2936 3163 3024 3217 det
3076 3164 3148 3219 illi
3186 3165 3326 3220 Deus

131 3266 230 3309 tum
258 3259 533 3312 conveniat
578 3258 1002 3328 intelligendum.
1696 3250 1735 3259 ν
1768 3250 2026 3319 Spiritum
2080 3260 2326 3304 sanctum
2363 3252 2662 3318 petentibus
2696 3267 2773 3317 se,
2822 3262 2998 3307 tamen
3050 3256 3173 3323 quia
3208 3271 3325 3310 om-

181 3349 251 3401 57.
287 3348 557 3414 Quomodo
590 3365 716 3419 ergo
740 3349 909 3404 Filius
945 3352 1117 3417 dans,
1156 3366 1260 3404 non
1301 3352 1545 3419 privatur
1581 3355 1657 3408 his

1866 3342 1976 3412 (89)
2004 3358 2121 3411 qua:
2158 3342 2315 3397 habet
2349 3342 2529 3408 Pater,
2553 3359 2667 3396 mea
2691 3352 2835 3405 sunt,
2871 3356 2924 3399 et
2955 3346 3067 3413 ipse
3100 3347 3328 3415 Spiritus

127 3430 200 3504 [ιι.
236 3435 391 3506 enim]
433 3452 555 3505 quae
596 3437 813 3502 tribuit,
853 3454 1025 3507 neque
1050 3455 1169 3492 cum
1203 3441 1397 3495 damno
1432 3456 1529 3496 suo
1562 3443 1603 3495 ir

1850 3434 1937 3489 tris
1966 3449 2118 3488 meus
2168 3443 2289 3497 est,
2331 3440 2384 3487 et
2417 3433 2484 3487 de
2525 3449 2644 3488 meo
2685 3435 2930 3503 accipiet.
2979 3436 3120 3490 Cave
3150 3446 3326 3493 autem

130 3524 255 3589 pertit
295 3525 439 3591 aliis,
473 3529 555 3579 sic
585 3537 639 3579 et
680 3525 912 3595 Spiritus
964 3544 1069 3582 non
1118 3530 1314 3598 accipit
1364 3533 1503 3600 quod
1540 3542 1663 3586 ante
1763 3540 1883 3578 cum
1924 3525 2021 3578 ista
2065 3525 2315 3578 dicuntur
2344 3539 2409 3578 ne
2444 3540 2607 3594 grave
2656 3525 2851 3580 labaris
2883 3527 3245 3596 intelligentia:
3274 3531 3324 3583 in

127 3628 206 3667 nou
231 3617 421 3669 habuit.
458 3616 517 3670 Si
545 3619 692 3670 enim
726 3619 865 3685 qnod
895 3620 1044 3686 prius
1090 3635 1193 3673 non
1247 3622 1480 3675 habebat
1511 3639 1601 3676 acc

1863 3630 1949 3667 um
1979 3613 2111 3681 (90),
2143 3623 2196 3667 et
2221 3624 2373 3682 putes
2404 3630 2514 3668 rem
2534 3615 2767 3683 aliquam
2796 3632 2935 3681 esse,
2957 3628 3008 3671 et
3033 3621 3330 3687 possessio-

128 3706 200 3769 pit,
250 3710 496 3764 translato
562 3711 619 3763 in
680 3713 838 3764 alium
895 3729 1136 3778 nmnere,
1198 3729 1394 3769 vacuus
1445 3716 1665 3785 largitor
1764 3725 1916 3773 nem,
1961 3724 2077 3776 qua:
2113 3725 2139 3760 a
2177 3708 2337 3763 Patre
2386 3711 2648 3764 habeatur
2688 3727 2749 3764 ac
2795 3713 2951 3766 Filio.
2981 3713 3178 3768 Verum
3209 3729 3328 3783 qua:

126 3794 303 3853 «:ﬂ‘cclus
349 3812 467 3866 cst,
511 3818 736 3857 cessans
785 3806 983 3858 habere
1054 3807 1195 3873 quod
1258 3808 1463 3861 tribuit.
1521 3807 1663 3873 Quo-
1765 3802 1924 3857 habet
1951 3801 2278 3869 Paterjuxta
2314 3803 2692 3869 substantiam,
2726 3805 2776 3859 id
2807 3815 2907 3868 est,
2934 3808 3327 3868 mternitatem.

128 3889 251 3942 modo
302 3892 458 3960 igitur
516 3908 686 3962 supra
733 3895 797 3948 de
822 3897 1029 3949 naturis
1085 3897 1507 3965 incorporalibns
1557 3899 1662 3952 dis~
1766 3893 2777 3961 immutabilitatem,incorruptionem,
2805 3896 3191 3951 immutabilem
3215 3898 3328 3968 (9|)

126 3992 330 4047 putantes
374 3985 785 4049 intellexinms,
828 3986 905 4041 sic
946 3996 999 4039 et
1035 4004 1176 4041 nunc
1233 3988 1491 4058 Spiritum
1541 4005 1665 4042 san-
1763 3985 2082 4048 bonitatem,
2115 3985 2177 4037 de
2201 4000 2260 4039 se
2282 3996 2336 4037 et
2378 3984 2428 4037 in
2460 4000 2517 4039 se
2553 3985 2959 4048 subsistentem,
2991 3988 3102 4040 haec
3139 3988 3324 4041 eadem

128 4081 237 4125 ctum
269 4090 292 4125 a
318 4075 464 4143 .Filio
497 4077 790 4146 accipere,
834 4079 886 4132 id
926 4080 1066 4147 quod
1094 4094 1204 4133 suae
1249 4091 1453 4134 naturae
1492 4080 1667 4135 fuerat
1767 4076 1926 4130 habet
1949 4086 2001 4129 et
2025 4075 2206 4129 Filius.
2240 4074 2324 4138 Et,
2354 4085 2411 4126 ut
2444 4074 2560 4142 plus
2595 4075 2843 4138 inferam,
2874 4077 3131 4145 quidquid
3164 4075 3334 4131 Filius

126 4168 513 4231 cognoscendum
547 4168 648 4240 [αι.
688 4169 1117 4241 intelligendum]
1160 4182 1241 4224 est
1269 4210 1283 4233 ,
1317 4181 1369 4224 et
1397 4187 1498 4224 non
1533 4172 1661 4225 dan-
1767 4168 1879 4236 ipse
1908 4167 2172 4227 subsistit,
2197 4176 2249 4219 et
2282 4180 2614 4234 quaecunque
2659 4176 2780 4218 sunt
2805 4165 2925 4219 Filii
2954 4204 2970 4228 ,
2996 4166 3110 4219 haec
3144 4167 3329 4220 eadem

128 4262 206 4306 tem
233 4265 279 4309 et
307 4259 669 4326 accipientem
697 4300 712 4325 ,
751 4263 843 4313 sed
885 4276 1042 4313 unam
1074 4261 1379 4327 signiﬁcare
1418 4263 1666 4315 substan-
1765 4268 1819 4311 et
1868 4256 2028 4311 Pater
2076 4257 2255 4319 habet.
2296 4256 2486 4309 Procul
2534 4256 2655 4309 hinc
2702 4256 2882 4310 absint
2925 4256 3333 4311 dialecticorum

128 4343 244 4399 tiam.
276 4347 553 4417 Siquidem
600 4362 655 4405 et
700 4352 867 4406 Filius
911 4355 1094 4406 eadem
1138 4368 1165 4405 a
1211 4352 1371 4406 Patre
1420 4353 1664 4421 accipere
1768 4348 2081 4409 tendiculze,
2113 4357 2165 4399 et
2193 4346 2520 4415 sophismata
2551 4361 2578 4399 a
2624 4346 2850 4400 veritate
2886 4347 3175 4415 pellantur,
3208 4363 3330 4416 qua:

126 4434 299 4503 dicitur,
322 4441 519 4510 quibus
550 4443 668 4510 ipse
695 4443 959 4497 subsistit.
990 4441 1171 4511 Neque
1196 4443 1338 4497 enim
1368 4444 1495 4513 quid
1521 4444 1663 4495 aliud
1766 4438 2103 4492 occasionem
2124 4438 2416 4507 impietatis
2438 4452 2500 4491 ex
2524 4438 2605 4507 pia
2634 4439 3013 4507 praedicatione
3038 4440 3330 4508 capientia,

128 4536 186 4578 cst
226 4528 399 4599 Filius,
459 4537 714 4603 exceptis
762 4535 848 4588 his
900 4550 1019 4602 qua:
1057 4535 1104 4588 ei
1161 4535 1356 4587 dantur
1395 4550 1424 4586 a
1485 4534 1663 4598 Patre,
1702 4552 1743 4603 ι)
1769 4528 1993 4581 dicunt:
2034 4526 2171 4595 Ergo
2215 4537 2269 4581 et
2312 4526 2469 4581 Pater
2503 4538 2586 4581 est
2628 4528 2822 4592 Filius,
2865 4538 2917 4582 et
2956 4529 3123 4582 Filius
3151 4529 3331 4581 Pater.

128 4630 265 4686 neque
296 4623 395 4675 alia
434 4626 747 4678 substantia
781 4634 862 4679 est
894 4625 1127 4694 Spiritus
1166 4624 1335 4678 sancti
1387 4635 1583 4693 praeter
1606 4624 1658 4677 id
1769 4618 1827 4672 Si
1875 4620 2018 4673 enim
2060 4618 2321 4681 dixisset,
2364 4620 2542 4672 omnia
2583 4634 2913 4689 quaecunque
2958 4622 3118 4676 habet
3155 4621 3332 4683 Deus,

178 4815 379 4875 “Joan.
410 4837 476 4888 ν,
519 4823 617 4877 3t).
695 4823 739 4854 ⁶⁹
777 4822 905 4878 ibid.
952 4821 1041 4875 19.
1116 4821 1160 4850 ⁷⁰
1184 4819 1311 4875 ibid.
1389 4818 1654 4874 “10am:

957 4821 1041 4875 19.
1116 4821 1160 4850 ⁷⁰
1184 4819 1311 4875 ibid.
1389 4819 1432 4851 '“
1465 4818 1617 4874 Joan.
1647 4835 1756 4886 xw,
1783 4820 1834 4875 9.
1935 4819 2139 4875 "Joan
2192 4836 2313 4888 xvr,
2351 4820 2433 4874 15.

179 4980 283 5060 (ὃιλ
308 4983 478 5060 Penes
531 4986 852 5060 Gratianum
888 4996 970 5042 est
1019 5007 1037 5041 t
1093 4991 1388 5060 procedens
1419 4989 1556 5043 Deus
1595 4988 1662 5042 de
1764 4988 1875 5060 nis,
1903 4987 2183 5057 gloriﬁcat.
2224 5006 2241 5038 ι

128 5047 228 5128 Pco,
255 5047 481 5121 Spiritus
512 5059 768 5111 veritatis
798 5047 1150 5125 procedens'a
1177 5062 1424 5125 veritate,
1468 5074 1662 5114 conso-
1832 5047 1944 5128 (88)
1990 5060 2228 5111 limendo
2253 5074 2315 5112 ex
2351 5055 2555 5110 Bartbii
2590 5056 2904 5123 conjeCtura
2926 5094 2942 5120 ,
2985 5071 3107 5109 cum
3148 5069 3338 5124 perpe-

125 5117 501 5195 iﬂlqrnttianaus,
540 5146 559 5177 ι
599 5139 707 5180 etc.
744 5144 757 5180 :
794 5117 1012 5182 rectius.
1409 5117 1422 5125 ’
1765 5117 1875 5181 rant
1904 5117 2047 5181 esset
2077 5145 2185 5182 uno
2208 5134 2368 5182 verbo
2394 5148 2411 5177 ι
2449 5117 2736 5193 quomodo.
2780 5145 2799 5177 ι

180 5190 273 5267 (85)
313 5192 544 5251 Vuculas
582 5216 599 5247 ‹
640 5214 667 5248 a
708 5213 763 5250 se
794 5216 811 5247 I
842 5213 903 5249 ex
939 5200 1108 5252 Vatic.
1144 5198 1452 5253 sulTecimus
1474 5239 1487 5257 ,
1525 5215 1660 5252 con-
1837 5200 1947 5267 (89)
1993 5198 2061 5252 Ut
2090 5215 2280 5252 Sensus
2309 5190 2545 5255 constet,
2572 5198 2815 5249 Voculam
2846 5215 2864 5247 ‹
2897 5194 2969 5249 illi
3008 5215 3025 5246 ι
3056 5210 3332 5267 expunge:

129 5263 351 5338 sentiente
374 5268 594 5338 etiamA
631 5266 819 5320 Graeco
847 5278 991 5321 textu
1028 5269 1119 5337 ἀφ’
1188 5268 1401 5321 ἑαυτοῦ.
1458 5271 1661 5323 Deinde
1765 5263 1874 5319 tum
1904 5267 2093 5338 ltegin.
2128 5270 2245 5322 cod.
2284 5286 2303 5319 ι
2341 5268 2667 5336 petentibus,
2696 5283 2846 5337 aeque
2870 5277 3043 5319 tamen
3074 5265 3275 5329 omnia,
3308 5281 3328 5315 ο

128 5338 249 5393 Vetus
267 5332 423 5386 editio
448 5353 460 5386 :
504 5355 521 5386 ι
561 5335 626 5389 Si
656 5340 797 5390 enim
823 5355 982 5390 unum
1008 5332 1089 5393 est
1113 5339 1270 5391 Pater
1291 5353 1343 5391 et
1370 5338 1533 5390 Filius
1557 5356 1661 5390 non
1769 5347 1875 5390 etc.

125 5392 250 5479 illita.
541 5408 750 5459 dictqu
791 5425 805 5461 :
846 5426 865 5457 ι
909 5411 1122 5462 codices
1156 5408 1327 5463 Vatic.
1378 5421 1432 5462 et
1470 5409 1663 5477 Regin.
1770 5476 1782 5479 _
1843 5407 1955 5475 (90)
1996 5406 2172 5461 Malim
2210 5408 2349 5479 quod
2409 5407 2459 5479 in
2497 5406 2658 5479 reteri
2699 5408 2825 5461 edit.
2863 5413 2982 5479 erat
3018 5423 3037 5456 ι
3080 5418 3146 5457 ne
3172 5417 3336 5479 prava

130 5480 145 5511 ί
176 5470 368 5545 Sfbellii
400 5476 624 5528 vitium.
651 5494 668 5525 ›
1551 5470 1577 5477 ⁷
1770 5470 2119 5545 intelligentia
2171 5470 2366 5530 labaris
2420 5478 2472 5529 in
2518 5478 2727 5541 vitium,
2763 5497 2782 5528 ›
2829 5479 2914 5531 cui
2952 5477 3071 5529 fere
3103 5470 3339 5529 concinit

180 5538 275 5616 (ἥδ)
312 5540 501 5613 Regio.
550 5560 684 5616 ms.,
727 5564 745 5596 ι
790 5545 1065 5611 Quomodo
1116 5556 1372 5615 operante
1414 5545 1594 5609 Patre,
1639 5565 1655 5597 ι
1766 5538 2086 5613 Βεεὶιιῖηιε.

128 5613 310 5684 rectius,
349 5623 403 5665 et
450 5614 622 5680 paulo
677 5628 794 5683 post
843 5613 1214 5673 consentiente
1255 5619 1417 5671 etiam
1464 5617 1661 5678 Vatic.,
1838 5616 1950 5684 (9i)
1993 5616 2119 5669 Illud
2157 5635 2175 5667 σ
2207 5616 2593 5669 immutabilem
2631 5635 2648 5666 ι
2685 5617 2918 5671 abundat
2943 5616 3027 5668 hic
3053 5613 3194 5684 loci,
3239 5624 3338 5684 nec

131 5689 144 5721 ι
170 5679 331 5753 eadem
353 5690 404 5735 et
428 5679 639 5737 similia
664 5679 979 5741 subsistunt.
1027 5707 1045 5740 ι
1763 5684 1816 5737 in
1846 5679 2059 5753 Reginae
2088 5702 2187 5739 ms.
2218 5688 2505 5739 invenitur.
2542 5687 2739 5739 Deinde
2766 5688 2947 5749 verba,
2980 5703 2997 5734 ι
3026 5683 3112 5747 Ει,
3143 5690 3200 5735 ut
3222 5681 3338 5748 plus

136 5812 137 5815 η
174 5746 273 5829 ¹(357)
301 5751 646 5829 ὶΙίάθξῐὶῐΠβδ.
683 5760 1004 5829 cumveteri
1039 5760 1194 5823 edit.,
1227 5776 1246 5809 ε
1289 5758 1524 5829 pandens
1546 5753 1662 5829 ejus
1762 5746 2010 5829 inferant,
2031 5757 2281 5824 quidquid
2299 5756 2463 5829 Filius
2488 5756 2599 5824 ipse
2633 5758 2894 5819 subsistit,
2918 5746 2941 5806 »⁷
2967 5770 3032 5808 ex
3062 5768 3189 5808 mss.
3217 5746 3336 5805 etn-

127 5816 199 5877 (αι.
230 5816 319 5888 eis)
353 5823 750 5878 sublimitatem
782 5816 1199 5899 gloriﬁcationis.
1231 5816 1304 5884 et'
1335 5816 1659 5895 magnitudi-
1763 5826 1909 5877 nium
1940 5816 2201 5881 conéensu
2232 5842 2296 5881 ac
2325 5827 2429 5881 ﬁde
2457 5816 2701 5880 restituo.

326 5914 602 5977 PA'mOL.
660 5920 769 5979 Gn.
825 5922 1118 5982 XXXIX.
2941 5917 3016 5976 3'+
