3738 6308
393 298 547 352 ,Ιῦὃτ

1642 338 1645 341 -
1666 298 1902 353 DIDYMI
1942 296 2405 354 ALEXANDRINI
2498 338 2501 339 ν

3501 298 3632 353 1068

401 431 523 471 mea
552 415 939 477 sunt,haheret
962 414 1209 485 impietas
1230 418 1566 472 occasionem
1592 418 1958 489 conﬁngendi,
1992 420 2032 475 A
2064 417 2242 473 Pater.
2296 419 2412 489 Ipse
2473 418 2615 473 enim
2666 416 2903 487 Spiritus
2964 417 3333 472 testimonium
3393 416 3635 485 perhibet

398 520 456 563 et
492 508 780 562 verisimile
816 508 1087 562 videretur
1125 524 1241 563 esse
1270 510 1629 564 mendacium.
1663 512 1793 565 Cum
1841 525 1968 564 vero

401 600 615 661 dixerit,
640 618 657 649 ε
683 599 874 654 Omnia
902 617 1021 669 qua:
1046 601 1204 655 habet
1230 600 1388 655 Pater
1420 616 1535 655 mea
1570 613 1713 667 sunt,
1742 621 1759 653 ι
1792 600 1969 655 Patris

399 691 616 743 nomine
658 704 716 743 se
757 688 947 744 Filium
988 692 1299 755 declaravit,
1342 693 1736 761 paternitutem,
1763 695 1851 761 qui
1880 693 1970 746 Fi-

398 779 502 833 lius
531 791 666 845 erat,
696 796 800 834 non
838 784 1135 851 usurpavit,
1162 798 1465 851 quanquam
1492 794 1546 837 et
1573 784 1686 853 ipse
1728 801 1820 853 per
1871 787 1966 838 ad-

398 871 632 940 optionis
657 872 906 939 gratiam,
927 875 1213 927 mnltoruni
1241 886 1547 929 sanctorum
1571 878 1637 929 sit
1669 875 1848 939 Pater,
1878 891 1965 930 se.-

396 964 631 1013 cundum
662 961 785 1013 illud
815 964 953 1028 quod
980 963 1031 1015 in
1056 962 1284 1018 Psalmis
1312 965 1530 1032 legitur,
1566 984 1581 1015 ι
1615 966 1669 1019 Si
1697 968 1966 1020 custodie-

399 1048 507 1102 rint
537 1050 627 1103 lilii
675 1052 745 1104 tui
772 1052 848 1118 ⁷³ς
884 1072 901 1104 ο
947 1064 999 1105 et
1023 1055 1212 1108 iterum
1257 1074 1271 1109 :
1307 1076 1324 1107 ι
1369 1056 1423 1109 Si
1463 1058 1845 1126 dercliquerint
1872 1059 1966 1113 lilii

400 1140 517 1207 ejus
550 1141 719 1209 legem
749 1159 918 1197 meam
946 1145 1012 1199 ".
1045 1163 1063 1197 ι
1092 1146 1195 1199 Sed
1221 1148 1271 1199 in
1305 1148 1404 1201 hoc
1429 1162 1673 1203 sermone
1702 1164 1965 1217 sensuque

395 1235 683 1301 praeposito
708 1278 723 1300 ,
770 1247 1158 1305 consequenter
1198 1253 1258 1290 ea
1298 1254 1416 1307 quae
1457 1240 1687 1295 diximus
1715 1245 1964 1309 superius

397 1323 750 1392 Patrisesse,
781 1329 939 1382 habet
964 1340 1016 1383 et
1044 1329 1239 1394 Filius,
1275 1340 1327 1382 et
1366 1346 1483 1399 qua:
1522 1331 1643 1385 Filii
1682 1344 1826 1396 sunt,
1863 1334 1959 1387 ha-

398 1416 485 1480 bet
517 1426 568 1470 et
598 1420 829 1486 Spiritus
861 1429 1104 1474 sanctus.
1143 1421 1231 1473 Ait
1268 1422 1485 1491 quippe,
1518 1441 1535 1473 ‹
1577 1426 1641 1477 de
1666 1438 1783 1477 meo
1823 1424 1966 1477 acci-

372 1508 536 1575 piet,
569 1520 845 1577 propterea
886 1522 938 1564 et
968 1523 1189 1566 ventura
1234 1515 1574 1569 annuutiabit
1600 1516 1768 1569 vobis.
1805 1534 1823 1566 ι
1862 1514 1965 1568 Per

397 1600 656 1669 Spiritqu
682 1603 943 1671 siquidem
972 1607 1237 1668 veritatis,
1271 1608 1473 1660 sanctis
1504 1607 1633 1659 viris
1658 1605 1960 1660 futurorum

396 1692 616 1745 scientia
667 1705 815 1745 certa
866 1696 1203 1749 conceditur.
1246 1698 1395 1751 Unde
1443 1706 1496 1750 et
1538 1699 1807 1766 prophette
1863 1700 1961 1750 hoc

2074 511 2284 577 spiritui
2351 520 2565 573 nostro,
2625 512 2747 579 quia
2814 526 3002 565 sumus
3063 510 3156 563 ﬁlii
3240 510 3354 564 Dei.
3420 508 3477 562 Si
3540 524 3631 559 au-

2076 615 2179 654 tem
2223 602 2337 662 lilii,
2382 613 2431 655 et
2468 604 2708 655 [lil‘l‘etlcs
2738 620 2751 655 :
2786 604 3026 657 hmredes
3056 602 3274 670 quidem
3321 600 3437 663 Dei,
3463 600 3633 653 coha-

2074 692 2225 745 redes
2263 701 2439 745 autem
2471 691 2669 745 Christi
2712 709 2723 743 :
2771 694 2815 745 si
2865 702 3044 746 tamen
3090 691 3474 759 compatimur,
3502 700 3635 742 utet

2070 783 2628 852 congloriticemur".
2673 802 2691 835 ›
2730 783 2784 836 lu
2836 784 3084 852 przesenti
3115 784 3358 851 Apostoli
3409 784 3634 851 capitulo

2069 874 2297 942 plurima
2332 876 2398 928 de
2431 876 2691 928 societate
2722 875 2978 943 Spiritus,
3012 890 3173 942 quam
3198 875 3361 928 habet
3392 889 3516 928 cum
3546 873 3636 926 Pa-

2072 973 2151 1017 tre
2188 973 2241 1016 et
2287 963 2423 1017 Filio
2479 964 2939 1017 demonstrantur.
2993 965 3083 1016 Ait
3116 966 3313 1033 quippe
3354 964 3636 1031 Apo-tolus

2062 1052 2503 1120 justiﬁcationem
2536 1055 2800 1117 divinam,
2844 1064 2895 1108 et
2930 1054 3224 1122 spiritualis
3260 1054 3397 1123 legis
3444 1054 3634 1120 expleri

2071 1146 2121 1198 in
2160 1146 2242 1199 his
2281 1163 2295 1198 :
2332 1160 2434 1199 non
2471 1146 2560 1215 qui
2587 1145 2743 1214 juxta
2774 1160 2995 1200 carnem
3023 1144 3321 1207 ambulant,
3361 1146 3457 1199 sed
3495 1146 3634 1214 juxta

2068 1236 2347 1307 Spiritum.
2375 1237 2534 1293 Juxta
2566 1253 2783 1293 carnem
2815 1238 3198 1300 ambulantem,
3241 1252 3368 1291 eum
3406 1236 3501 1303 qui
3547 1251 3631 1303 per

2067 1329 2365 1397 voluptates
2384 1330 2510 1382 vitia
2537 1330 2717 1383 carnis
2737 1330 2948 1396 corpori
2974 1328 3253 1395 capulatus
3271 1369 3288 1393 ,
3318 1330 3447 1381 facit
3466 1327 3633 1381 omnia

2065 1435 2184 1489 qua:
2219 1420 2399 1473 carnis
2428 1430 2553 1473 sunt
2603 1419 2706 1491 [aL
2759 1417 2912 1489 esse]
2948 1428 3002 1472 et
3027 1420 3266 1487 corporis
3298 1433 3497 1485 Opera,
3524 1434 3634 1483 apo-

2064 1512 2286 1565 stolicus
2312 1525 2489 1565 sermo
2518 1511 2800 1578 descripsit
2826 1509 2921 1581 [αΙ.
2950 1508 3266 1580 describit].
3296 1508 3631 1577 Porrojuxta

2066 1598 2323 1669 Spiritum
2355 1601 2714 1653 ambulantem
2760 1618 2907 1663 eum,
2952 1603 3043 1670 qui
3082 1602 3133 1654 in
3184 1602 3477 1669 praeeptis
3519 1600 3634 1668 legis

2064 1693 2156 1747 Dei
2186 1703 2237 1746 et
2261 1693 2529 1761 Evangelii
2570 1694 2843 1762 gradiens,
2874 1694 3233 1759 spiritualium
3268 1694 3527 1761 sequitur
3552 1708 3632 1745 or-

396 1783 583 1837 eodem
610 1785 791 1851 repleti
829 1786 1051 1852 Spiritu,
1087 1789 1519 1855 prmuuutiabant
1544 1803 1703 1841 sensu
1737 1788 1869 1857 (92),
1908 1798 1961 1841 et
1992 1772 2033 1825 Β
2066 1785 2240 1837 dinem
2274 1785 2669 1838 mandatorum.
2714 1784 2992 1852 Siquidem
3034 1784 3173 1837 sicut
3214 1784 3519 1837 carnalium
3560 1785 3629 1835 vi-

380 1876 548 1943 rquasi
598 1877 876 1945 praesentia
921 1879 1306 1943 intuebanturf;
1337 1897 1456 1951 quae
1503 1890 1657 1936 erant
1703 1881 1958 1948 deinceps

396 1982 664 2021 secutura.
698 1970 842 2022 Satis
878 1971 989 2025 haec
1026 1973 1343 2042 abundeque
1368 1974 1525 2038 juxta
1564 1972 1760 2041 ingenii
1794 1972 1960 2025 nostri

393 2068 763 2127 paupertatem
791 2061 853 2112 de
892 2062 1142 2128 prmseuti
1182 2062 1455 2129 Evangelii
1496 2062 1728 2130 capitulo
1761 2061 1961 2114 dixisse

394 2148 642 2203 sumciat.
680 2150 733 2204 Si
778 2153 972 2219 quibus
1001 2162 1177 2205 autem
1210 2153 1464 2207 Dominus
1512 2154 1867 2216 revelaverit,
1907 2162 1962 2205 et

394 2236 448 2293 in
474 2242 721 2293 viciniam
742 2242 987 2295 veritatis
1015 2242 1227 2295 adducti
1253 2254 1399 2307 sunt,
1433 2244 1706 2312 magisque
1737 2250 1961 2310 possunt

394 2346 615 2385 cernere
647 2334 943 2394 veritatem,
969 2332 1318 2402 disputationi
1350 2334 1559 2387 illorum
1593 2335 1958 2388 concedamus

394 2424 636 2488 meliora,
675 2425 871 2492 quibus
904 2425 987 2479 ille
1018 2424 1340 2494 suﬂragatur
1362 2426 1452 2494 qui
1485 2435 1568 2480 est
1600 2424 1834 2495 Spiritus
1865 2440 1959 2479 ve-

393 2514 569 2567 ritatis
603 2532 615 2568 :
646 2525 699 2568 et
722 2516 954 2584 petimus
981 2530 1073 2571 eos
1104 2518 1192 2584 qui
1214 2516 1403 2571 lecturi
1428 2526 1575 2577 sunt,
1600 2526 1658 2569 ut
1682 2518 1959 2586 ignoscant

392 2604 701 2672 imperitize,
736 2607 1019 2675 studioque
1062 2608 1190 2661 dent
1235 2608 1489 2672 veniam,
1514 2608 1749 2674 cupienti
1788 2618 1956 2661 totum

392 2693 501 2748 Deo
523 2695 717 2749 olTerre
748 2698 887 2764 quod
924 2698 1116 2766 potuit,
1146 2696 1269 2751 licet
1295 2714 1445 2752 suam
1475 2714 1582 2753 non
1605 2699 1837 2768 quiverit
1860 2700 1959 2752 im-

391 2788 537 2857 plere
560 2788 908 2843 voluntatem.

463 2882 553 2937 59.
594 2880 960 2950 Proponamus
992 2893 1044 2937 et
1067 2884 1303 2951 Apostoli
1329 2886 1393 2937 ad
1412 2884 1685 2940 Romanos
1710 2886 1959 2955 Epistolte

394 2973 779 3037 testimonium,
837 2990 1063 3043 qumque
1103 2977 1255 3029 nobis
1302 2977 1351 3029 in
1399 2978 1484 3030 illa
1530 2978 1781 3033 videntur
1824 2997 1959 3049 prte-

391 3065 531 3118 senti
568 3067 803 3120 tnateriie
834 3082 1128 3137 congruere
1160 3070 1503 3125 ventilemus.
1543 3090 1561 3122 ι
1595 3072 1661 3127 Ut
1692 3072 1956 3139 justitica-

394 3156 519 3220 tio,»
553 3157 757 3226 inquit,
784 3176 801 3207 ι
833 3158 961 3226 legis
998 3159 1275 3227 impleatur
1302 3160 1353 3214 in
1385 3164 1556 3226 vobis,
1579 3165 1668 3233 qui
1692 3167 1955 3235 nonjuxta

390 3262 608 3303 carnem
667 3250 973 3313 ambulatis,
1046 3253 1140 3305 sed
1203 3256 1494 3307 secundum
1554 3257 1821 3325 Spiritum.
1856 3259 1957 3325 Qui

391 3342 533 3394 enim
576 3340 729 3408 juxta
759 3359 976 3396 carnem
1018 3352 1171 3406 sunt,
1217 3359 1277 3397 ea
1316 3361 1434 3414 qua:
1477 3348 1659 3401 carnis
1716 3360 1841 3404 sunt
1869 3367 1959 3405 sa-

390 3433 541 3502 piunt
568 3452 579 3487 :
606 3435 694 3503 qui
725 3436 1018 3505 verojuxta
1045 3439 1314 3506 spiritum,
1342 3455 1405 3494 ea
1445 3456 1567 3509 qure
1591 3444 1813 3511 Spiritus
1835 3456 1960 3499 sunt

388 3524 648 3579 sentiunt.
693 3523 966 3593 Sapientia
1001 3528 1196 3595 quippe
1216 3529 1396 3583 carnis
1425 3544 1570 3583 mors
1597 3541 1713 3596 est;
1749 3532 1958 3600 sapien-

390 3615 465 3668 tia
503 3624 681 3668 autem
712 3617 951 3683 spiritus,
986 3618 1097 3671 vita
1144 3630 1197 3671 et
1230 3632 1368 3687 pax;
1407 3621 1659 3688 quoniam
1694 3622 1958 3690 sapientia

388 3709 567 3761 carnis
604 3708 819 3761 inimica
853 3718 935 3761 est
978 3708 1085 3761 Deo
1113 3727 1125 3762 :
1160 3708 1261 3779 legi
1304 3712 1501 3779 quippe
1532 3710 1625 3765 Dei
1654 3727 1760 3766 non
1792 3712 1960 3781 subji-

387 3800 559 3865 citur;
598 3815 767 3869 neque
792 3801 951 3853 'euim
993 3812 1187 3869 potest.
1223 3802 1321 3867 Qui
1364 3818 1492 3856 vero
1520 3803 1571 3857 in
1601 3818 1765 3859 carne
1808 3813 1954 3871 sunt,

387 3886 497 3943 Deo
526 3888 733 3958 placere
771 3904 873 3942 non
917 3899 1159 3959 possunt.
1212 3889 1318 3945 Vos
1358 3901 1536 3946 autem
1584 3908 1688 3946 non
1736 3896 1868 3948 estis
1900 3895 1956 3949 in

386 3997 569 4047 carne,
598 3984 691 4037 sed
733 3983 783 4035 in
816 3982 1019 4050 Spiritu
1054 4002 1067 4036 :
1110 3986 1155 4037 si
1196 3995 1373 4039 tamen
1412 3986 1643 4055 Spiritus
1681 3988 1771 4042 Dei
1800 3986 1955 4041 habi-

387 4083 465 4127 tat
492 4073 547 4127 in
581 4074 750 4127 vobis.
795 4074 850 4127 Si
897 4076 1018 4143 quis
1064 4086 1242 4129 autem
1292 4076 1548 4147 Spiritum
1594 4079 1797 4134 Christi
1849 4095 1954 4135 non

386 4163 592 4227 habet,
628 4162 715 4217 hic
750 4180 853 4218 non
887 4174 968 4219 est
996 4164 1134 4233 ejus.
1183 4165 1239 4219 Si
1276 4176 1453 4221 autem
1490 4166 1737 4223 Christus
1778 4178 1859 4223 est
1901 4171 1953 4223 in

384 4252 539 4307 vobis
571 4292 587 4317 ,
619 4268 816 4323 corpus
843 4254 1057 4322 quidem
1088 4264 1358 4309 mortuum
1401 4266 1483 4311 est
1513 4268 1731 4328 propter
1766 4274 1953 4328 pecca-

386 4350 527 4407 tum,
558 4344 780 4412 spiritus
815 4359 942 4398 vero
964 4345 1091 4398 vivit
1117 4356 1338 4414 pr0pter
1364 4344 1652 4412 justitiam.
1690 4349 1743 4402 Si
1772 4358 1951 4403 autem

2069 1876 2198 1928 tium
2218 1885 2299 1930 est
2328 1891 2391 1927 ea
2414 1892 2603 1943 sapere
2631 1891 2751 1944 qua:
2782 1875 2962 1928 carnis
2990 1885 3134 1939 sunt,
3158 1890 3218 1929 ea
3248 1876 3496 1945 cogitare
3524 1889 3631 1942 quae

2067 1983 2388 2036 corporum,
2424 1970 2502 2023 sic
2530 1983 2560 2022 e
2596 1969 2868 2023 contrario
2903 1968 3267 2034 spiritualium
3313 1969 3491 2019 virtus
3524 1977 3629 2029 est,

2066 2074 2276 2128 semper
2321 2061 2553 2127 cogitare
2604 2061 2671 2115 de
2711 2060 3021 2115 omlestihus
3052 2071 3107 2115 et
3146 2060 3399 2123 :eternis,
3450 2068 3503 2110 et
3558 2059 3631 2110 his

2068 2162 2301 2206 tractare
2337 2168 2453 2220 qua:
2495 2153 2716 2220 spiritus
2758 2163 2903 2207 sunt.
2960 2153 3064 2207 Sed
3113 2151 3288 2206 carnis
3352 2151 3629 2218 sapientia,

2068 2244 2207 2298 illico
2235 2254 2406 2297 morte
2433 2244 2531 2297 sibi
2560 2244 2780 2307 sociata,
2812 2244 3065 2298 interlicit
3090 2259 3180 2296 eos
3215 2244 3307 2311 qui
3333 2242 3492 2310 juxta
3523 2256 3628 2295 car-

2066 2351 2185 2389 nem
2218 2336 2533 2405 gradiuntur
2561 2344 2615 2389 et
2654 2336 2899 2401 sapiunt;
2944 2335 3208 2403 sapientia
3238 2349 3369 2386 vero
3395 2334 3629 2401 spiritus,

2068 2432 2259 2481 mentis
2298 2428 2757 2497 tranquillitatem,
2804 2439 2857 2483 et
2900 2444 3117 2497 pacem,
3146 2438 3199 2481 et
3228 2430 3392 2481 vitam
3434 2428 3629 2481 baben-

2067 2522 2206 2575 tibtts
2234 2537 2291 2575 se
2321 2521 2543 2591 largitur
2581 2533 2858 2575 internum.
2899 2521 3069 2586 Quam
3098 2537 3218 2599 cum
3274 2521 3631 2589 possederint.

2064 2629 2251 2669 Omnes
2282 2614 2714 2683 perturbationes
2760 2623 2814 2668 et
2852 2630 3047 2680 genera
3076 2616 3327 2668 vitiorum
3353 2654 3367 2676 ,
3399 2626 3455 2667 et
3498 2616 3630 2682 ipsos

2065 2719 2277 2773 quoque
2308 2706 2579 2758 dmmones
2611 2704 2734 2774 (qui
2771 2706 2883 2757 lucc
2908 2719 3195 2775 suggerere
3221 2705 3511 2773 nituntur)
3542 2705 3629 2756 ha-

2066 2796 2265 2848 bebunt
2297 2797 2394 2848 sub
2420 2796 2646 2864 pedibus
2676 2796 2809 2849 suis.
2839 2784 3113 2865 Sapientia
3145 2811 3272 2865 ergo
3304 2797 3488 2848 carnis
3514 2810 3627 2848 cum

2067 2886 2222 2939 tnorti
2261 2884 2446 2953 juncta
2478 2886 2573 2947 sit,
2606 2886 2821 2940 inimica
2867 2896 2948 2939 est
2994 2886 3119 2939 Deo.
3158 2884 3413 2939 Inimicos
3442 2886 3628 2955 quippe

2065 2993 2157 3034 eos
2187 2979 2361 3032 reddit
2398 2979 2485 3047 qui
2516 2980 2626 3032 suis
2654 2977 2859 3048 legibus
2891 2980 3157 3043 vixerint;
3183 2980 3463 3031 contraria
3495 2992 3628 3030 sem-

2068 3090 2182 3142 per,
2209 3084 2259 3126 et
2293 3086 2598 3141 repugnans
2631 3071 2892 3125 voluntati
2921 3083 2974 3125 et
3004 3072 3104 3141 legi
3134 3072 3246 3124 Dei.
3277 3069 3465 3139 Neque
3493 3070 3627 3123 cnim

2066 3166 2177 3219 [ieri
2209 3174 2401 3233 p0test,
2437 3175 2494 3215 ut
2521 3162 2611 3231 qui
2654 3164 2706 3216 in
2738 3163 2997 3231 sapientia
3022 3163 3201 3216 carnis
3234 3172 3337 3224 est,
3380 3160 3474 3213 Dei
3500 3174 3626 3227 pra-

2062 3265 2213 3323 cepta
2236 3253 2522 3315 custodiat,
2548 3262 2599 3305 et
2625 3252 2883 3304 voluntati
2913 3252 3055 3305 illius
3082 3252 3424 3319 subjiciatur.
3458 3248 3626 3314 Quane

2060 3346 2151 3399 diu
2188 3345 2454 3399 servimus
2483 3345 2883 3413 voluptatibus,
2914 3344 3119 3397 servire
3159 3343 3269 3396 Deo
3302 3357 3406 3395 non
3437 3355 3625 3409 posse.

2060 3454 2201 3492 mus.
2242 3437 2374 3492 Cum
2418 3447 2598 3491 autem
2644 3436 2948 3490 titillantem
2998 3434 3397 3503 subjecerimus
3436 3432 3625 3485 nostris

2061 3530 2285 3600 pedibus
2317 3528 2606 3593 luxuriam,
2641 3538 2697 3582 et
2732 3539 2872 3581 totos
2904 3542 3001 3580 nos
3032 3526 3098 3579 ad
3121 3526 3370 3595 spiritum
3401 3521 3623 3576 transfe-

2060 3631 2257 3682 rentes,
2308 3634 2644 3689 nequaquam
2683 3619 2943 3673 fuerimus
2983 3619 3035 3671 in
3084 3631 3268 3678 carne,
3319 3616 3371 3668 id
3422 3624 3525 3677 est,
3575 3616 3621 3666 in

2058 3711 2237 3765 carnis
2285 3710 2627 3779 passioaibus
2657 3747 2672 3771 ,
2725 3716 2852 3762 tunc
2900 3705 3246 3773 subjicieinur
3282 3702 3414 3756 Deo.
3451 3702 3623 3770 Neque

2057 3801 2199 3856 enim
2226 3800 2292 3853 de
2328 3813 2492 3853 carne
2522 3799 2623 3852 hac
2652 3799 2704 3851 in
2733 3811 2836 3865 qua
2864 3797 3111 3857 vivimus,
3141 3805 3195 3847 et
3233 3795 3284 3847 in
3330 3794 3487 3859 cujus
3530 3807 3619 3843 va-

2057 3892 2205 3948 sculo
2228 3900 2412 3945 nostra
2456 3890 2634 3943 anima
2663 3888 2994 3951 continetur,
3038 3886 3277 3955 Apostoli
3321 3899 3502 3938 sermo
3523 3892 3620 3947 est,

2056 3983 2180 4052 quia
2218 3996 2408 4035 omnes
2451 3981 2662 4045 sancti,
2699 3994 2923 4048 corpore
2975 3987 3029 4032 et
3066 3992 3232 4032 carne
3264 3975 3619 4035 circumdati,

2058 4074 2375 4144 placuerunt
2404 4073 2547 4136 Deo;
2591 4072 2682 4125 sed
2723 4070 2790 4124 ad
2824 4069 2876 4123 id
2906 4072 3082 4137 potius
3107 4068 3258 4137 ,quod
3299 4076 3494 4121 contra
3533 4066 3617 4118 Dei

2056 4170 2380 4236 prmeeptutn
2436 4178 2501 4217 ex
2554 4163 2784 4216 humana
2837 4162 3096 4214 societate
3146 4167 3509 4227 perpetratur,
3557 4155 3619 4208 de

2055 4256 2251 4325 quibus
2278 4264 2360 4308 est
2393 4272 2406 4309 :
2454 4273 2472 4305 ί
2498 4252 3017 4322 DiligesDominum
3056 4251 3221 4306 Deum
3265 4259 3415 4303 tuum
3452 4249 3496 4279 ⁷⁸
3533 4264 3548 4311 ;
3595 4266 3613 4298 ι

2054 4358 2103 4402 et
2138 4365 2150 4401 :
2200 4366 2217 4398 ι
2251 4347 2404 4413 Quod
2438 4346 2528 4401 tibi
2556 4361 2659 4401 non
2695 4348 2774 4400 vis
2809 4344 2921 4399 ﬁeri
2944 4345 3008 4407 ⁷⁷,
3054 4363 3071 4396 ι
3115 4355 3222 4398 etc.
3275 4342 3379 4395 Vos
3422 4352 3615 4403 autem,

386 4423 622 4503 Spiritus
663 4433 777 4502 ejus
811 4436 899 4505 qui
951 4435 1232 4489 suscitavit
1270 4434 1454 4491 Jesum
1492 4454 1531 4491 ia
1562 4440 1793 4495 mortuis
1815 4479 1830 4503 ,
1856 4440 1948 4494 ha-
1980 4463 2027 4518 ι)
2055 4438 2148 4502 ait,
2177 4437 2319 4492 haud
2350 4436 2568 4491 dubium
2598 4437 2725 4505 quin
2756 4434 3000 4503 discipuli
3033 4433 3253 4497 Christi,
3284 4433 3373 4503 qui
3406 4434 3613 4500 sapien.

384 4524 522 4579 bitat
574 4526 627 4579 in
673 4526 845 4590 vobis,
898 4528 988 4596 qui
1037 4527 1321 4582 suscitavit
1361 4525 1868 4603 JesumChristum
1919 4545 1950 4585 a

384 4617 630 4682 mortuis,
660 4616 952 4671 vivificabit
980 4627 1035 4671 et
1081 4617 1329 4673 mortalia
1359 4634 1586 4690 corpora
1619 4630 1796 4675 vestra
1819 4637 1947 4691 pro-

381 4714 503 4776 pter
541 4708 927 4763 inhabitautem
956 4708 1216 4777 Spiritum
1238 4709 1351 4778 ejus
1376 4711 1429 4765 in
1453 4712 1621 4766 vobis.
1654 4711 1817 4782 Ergo,
1842 4712 1949 4768 fra-

380 4808 491 4854 tres
514 4799 649 4871 (95),
680 4801 949 4857 debitores
974 4816 1161 4855 sumus
1200 4816 1304 4856 non
1337 4803 1521 4865 carni,
1560 4812 1618 4857 ut
1651 4805 1944 4858 secundum

377 4902 597 4943 carnem
647 4892 909 4945 vivamus.
946 4890 1002 4946 Si
1037 4891 1180 4945 enim
1226 4894 1520 4948 secundum
1548 4908 1766 4948 carnem
1797 4894 1948 4949 vixe-

380 4982 519 5044 ritis,
550 4983 883 5049 moriemini;
918 4983 964 5037 si
996 4994 1175 5038 autem
1207 4984 1398 5054 spiritu
1425 4985 1567 5039 facta
1591 4987 1772 5041 carnis
1804 5002 1947 5041 mor-

381 5072 743 5139 tilicaveritis,
794 5076 1006 5130 vivetis.
1058 5076 1378 5146 Quicunque
1428 5078 1570 5133 enim
1609 5077 1813 5146 Spiritu
1851 5079 1945 5134 Dei

378 5178 629 5236 aguntur,
659 5168 711 5222 bi
756 5171 847 5223 lilii
898 5180 1023 5225 sunt
1047 5172 1161 5226 Dei.
1194 5170 1309 5228 Non
1339 5173 1483 5227 enim
1523 5175 1811 5241 accepistis
1833 5174 1945 5241 spi-

379 5256 541 5309 ritum
585 5260 859 5313 servitutis
908 5263 1101 5315 iterum
1145 5263 1197 5316 in
1247 5263 1478 5327 timore;
1516 5264 1609 5317 sed
1648 5263 1945 5332 accepistis

378 5345 638 5413 Spiritum
686 5349 989 5418 adOptiouis
1044 5353 1095 5405 in
1177 5367 1285 5423 quo
1352 5351 1647 5405 clamamus
1690 5370 1704 5405 :
1752 5353 1943 5418 Abba,

437 5506 483 5536 "
506 5504 652 5559 Psal.
676 5522 862 5570 cxxxr,
895 5508 980 5562 12.
1056 5509 1102 5539 ⁷⁸
1130 5507 1271 5563 Psal.
1292 5524 1557 5573 Lxxxvtu,
1595 5507 1681 5560 31.

445 5662 813 5737 (9z)_Reginaz
856 5665 974 5717 cod.
1015 5683 1033 5717 ι
1085 5666 1269 5722 eodem
1314 5665 1499 5736 repleti
1544 5666 1783 5737 Spiritu,
1820 5681 1948 5737 pro-

375 5733 690 5789 nuntiabant
710 5745 761 5789 et
788 5749 969 5790 sensu.
1005 5754 1023 5786 ι

1759 5508 1803 5538 ⁷⁵
1836 5507 1989 5561 Rom.
2021 5520 2139 5569 vttt,
2180 5505 2329 5559 4-17.

2056 4528 2186 4577 tiam
2218 4524 2453 4592 Spiritus
2483 4523 2829 4592 suscepistis,
2872 4532 2927 4577 et
2970 4523 3135 4576 vitam
3166 4531 3220 4577 et
3252 4536 3438 4590 pacem
3471 4520 3613 4589 (95);

2056 4632 2161 4670 non
2202 4616 2332 4669 estis
2360 4617 2409 4669 in
2443 4630 2641 4678 carne,
2680 4616 2731 4669 id
2768 4624 2884 4680 est,
2924 4616 2978 4668 in
3011 4616 3191 4669 carnis
3225 4614 3499 4683 operibus,
3530 4628 3614 4665 ne-

2051 4722 2155 4777 que
2181 4707 2299 4776 ejus
2329 4722 2490 4776 opera
2526 4708 2882 4776 perpetratis,
2917 4706 3183 4776 siquidem
3227 4704 3485 4772 Spiritum
3528 4703 3609 4756 Dei

2053 4799 2263 4853 habetis
2288 4799 2339 4853 in
2385 4799 2556 4853 vobis.
2592 4798 2733 4852 Idem
2770 4809 2947 4852 autem
2994 4797 3229 4867 Spiritus
3262 4797 3390 4859 Dei,
3423 4796 3611 4863 etSpi-

2050 4894 2187 4947 ritus
2227 4891 2427 4948 Christi
2466 4901 2571 4954 est,
2608 4891 2882 4946 deducens
2908 4900 2960 4944 et
2998 4889 3259 4959 copulans
3287 4903 3409 4943 cum
3440 4887 3529 4957 qui
3562 4892 3609 4938 in

2047 5001 2105 5040 se
2134 4984 2402 5046 habuerit,
2436 4982 2661 5037 Domino
2700 4981 2825 5036 Jesu
2859 4982 3097 5037 Christo.
3141 4979 3293 5035 Unde
3323 4990 3376 5033 et
3409 4981 3462 5031 in
3492 4992 3610 5031 ωη-

2046 5074 2392 5143 scquentibus
2443 5074 2698 5129 scribitur
2746 5091 2759 5126 :
2808 5091 2825 5123 ι
2875 5071 2931 5126 Si
2977 5073 3098 5142 quis
3134 5084 3311 5124 autem
3362 5068 3606 5137 Spiritum

2050 5164 2249 5221 Christi
2291 5182 2393 5218 non
2426 5165 2606 5228 habet,
2637 5164 2724 5217 hic
2760 5179 2863 5217 tton
2902 5176 2983 5220 est
3011 5165 3145 5231 ejus.
3185 5181 3205 5215 ι

2123 5259 2213 5313 40.
2259 5256 2489 5311 Rursum
2552 5256 2603 5309 in
2660 5258 2908 5325 prmsenti
2983 5256 3238 5308 discimus
3302 5254 3601 5308 societatem

2053 5363 2211 5418 quam
2270 5347 2431 5400 habet
2506 5345 2742 5414 Spiritus
2789 5356 3009 5400 sanctus
3067 5344 3133 5396 ad
3186 5343 3387 5407 Deum,
3445 5352 3497 5395 et
3545 5341 3605 5391 ad

2408 5506 2452 5536 "
2477 5505 2633 5559 Deut.
2668 5520 2739 5573 vr,
2781 5505 2834 5559 5.
2913 5506 2956 5535 ⁷⁷
2980 5502 3111 5557 Tob.
3146 5502 3327 5567 tv,16.

2129 5668 2242 5734 (95)
2284 5668 2471 5721 Deerat
2498 5687 2514 5717 ι
2548 5670 2763 5733 fratres,
2801 5689 2818 5719 ι
2853 5668 2991 5736 quod
3017 5682 3048 5720 e
3075 5682 3203 5720 mss.
3235 5664 3553 5719 suﬁ‘ecimus.

2124 5739 2232 5806 (9i)
2276 5737 2399 5794 Erat
2431 5758 2448 5789 ι
2486 5751 2537 5794 et
2567 5742 2725 5792 vitam
2757 5740 2922 5807 pacis,
2959 5757 2976 5789 ι
3014 5736 3457 5791 dissentientibus
3483 5748 3598 5786 mss.
