3738 6368
154 412 255 472 i069

1188 388 1389 443 LIBER
1432 387 1515 441 DE
1556 384 1826 440 SPIRITU
1872 383 2160 440 SANCTO.

3176 386 3312 441 1070

153 531 378 589 Christum.
404 514 499 571 Sed
522 521 575 567 et
598 513 651 568 in
684 510 919 582 Epistula
944 509 1089 565 Petri
1118 553 1133 578 ,
1162 510 1398 578 Spiritus
1422 517 1640 562 sanctus
1674 515 1716 568 Α
1748 505 1876 568 tuis,
1920 504 2123 558 habitat
2161 504 2214 557 in
2255 502 2405 556 vobis
2426 542 2440 565 ,
2494 502 2582 571 qui
2641 501 2924 556 suscitavit
2968 501 3244 557 Christum
3285 520 3314 556 a

152 636 241 679 esse
262 608 428 671 Christi
454 604 690 672 Spiritus
724 602 1109 671 comprobatur
1143 617 1155 652 :
1192 618 1209 651 ι
1242 601 1579 661 Scrutantes,
1617 617 1634 648 ι

152 713 308 779 inquit,
349 720 366 753 ι
413 708 461 752 et
502 698 871 765 inquirentes,
929 714 948 747 ›
995 696 1047 749 id
1093 705 1175 750 est
1223 697 1531 765 prdphetaz,
1578 695 1643 747 de

150 805 297 877 quibus
318 796 359 851 ei
378 794 539 847 fuerat
563 803 744 844 sermo
766 789 1029 857 superior,
1066 807 1085 839 ι
1120 788 1172 840 in
1203 786 1371 856 quod,
1400 797 1455 841 et
1487 785 1643 854 quale

150 907 306 961 tempus
328 884 427 958 (95)
459 881 796 951 significabat
822 881 885 943 is,
933 880 1023 949 qui
1065 882 1117 932 in
1143 879 1225 934 eis
1262 889 1381 933 erat
1410 878 1645 946 Spiritus

148 981 327 1043 Christi,
351 972 635 1031 testiﬁcans
668 972 720 1024 in
764 971 983 1025 Christo
1020 970 1320 1039 passiones,
1351 978 1405 1022 et
1433 984 1495 1021 ea
1527 984 1645 1037 qua:

145 1087 233 1148 post
261 1079 390 1128 erant
426 1076 671 1121 secutura
706 1064 919 1117 decreta
958 1077 973 1114 ε
1022 1063 1074 1116 1η
1110 1065 1302 1132 quibus
1353 1063 1643 1127 reveluum

145 1178 227 1233 est,
249 1165 353 1234 quia
380 1175 475 1213 non
513 1157 652 1220 sibi,
685 1157 777 1209 sed
821 1156 975 1209 nobis
1019 1156 1397 1208 ministrabant
1432 1170 1493 1208 ea
1527 1166 1647 1221 quas

142 1254 542 1317 nuucannuntiata
569 1249 861 1302 suntvobis
878 1263 973 1317 per
991 1247 1248 1316 Spiritum
1263 1255 1507 1302 sanctum
1526 1246 1594 1298 ⁷⁸.
1622 1264 1640 1296 υ

142 1354 217 1405 Iste
252 1354 407 1400 autem
439 1341 671 1409 Spiritus
716 1347 937 1393 sanctus
979 1340 1153 1394 dictus
1191 1349 1275 1393 est
1325 1348 1376 1392 et
1412 1337 1646 1407 Spiritus

141 1442 227 1506 Dei,
255 1452 344 1491 non
382 1434 429 1488 in
467 1432 716 1501 praesenti
769 1440 974 1484 tantum
1023 1445 1291 1495 sermone,
1343 1431 1433 1485 sed
1484 1439 1536 1484 et
1592 1430 1644 1484 in

137 1532 227 1587 aliis
248 1527 359 1582 locis
392 1522 784 1591 compluribus,
816 1532 875 1575 ut
910 1521 981 1575 ibi
1018 1540 1030 1575 :
1063 1539 1081 1572 r
1118 1521 1192 1574 Ea
1220 1535 1342 1589 qua:
1372 1520 1462 1574 Dei
1497 1530 1645 1583 sunt,

139 1634 258 1675 uenio
296 1615 427 1669 novit
466 1613 571 1666 nisi
618 1612 850 1682 Spiritus
876 1611 968 1665 Dei
1004 1612 1073 1665 ".
1114 1630 1132 1661 ι
1169 1611 1374 1665 Deinde
1404 1611 1650 1680 sequitur

132 1718 224 1779 post
255 1707 343 1760 hoc
372 1703 507 1773 quod
539 1704 616 1756 ait
665 1721 679 1755 :
720 1720 737 1753 ι
777 1702 833 1757 Si
867 1703 990 1772 quis
1026 1712 1202 1756 autem
1243 1703 1503 1771 Spiritum
1554 1702 1645 1757 Dei

135 1814 211 1852 non
238 1798 393 1857 habet,
423 1795 505 1848 hic
540 1809 648 1847 non
668 1804 750 1847 est
777 1793 931 1860 ejus;
964 1813 982 1845 ι
1020 1805 1071 1847 et
1105 1794 1331 1848 infertur
1362 1814 1375 1848 :
1411 1814 1428 1845 ι
1467 1794 1520 1848 Si
1557 1810 1651 1848 au-

1747 596 1989 657 mortuis,
2029 596 2323 661 viviﬁcabit
2354 606 2408 649 et
2442 594 2687 649 mortalia
2716 610 2943 663 corpora
2996 603 3174 650 vestra
3221 610 3317 665 per

1745 688 2135 741 inhabitantem
2203 686 2460 759 Spiritum
2504 702 2658 739 suum
2694 686 2745 739 in
2796 685 2947 741 vobis
2992 702 3006 738 :
3062 704 3081 738 ι
3142 702 3319 742 nonne

1744 778 1837 833 tibi
1876 779 2087 831 videtur
2116 780 2331 842 dicere,
2360 778 2483 847 quia
2519 778 2562 831 si
2597 775 2976 859 Spiritns’ejus
3014 778 3104 847 qui
3145 779 3319 831 susci-

1748 871 1880 924 tavit
1918 870 2189 924 Christutn
2226 869 2445 932 Jesum,
2506 870 2558 925 id
2610 881 2713 935 est,
2758 872 2847 938 qui
2899 868 3139 937 ejusdem
3192 868 3318 923 Jesu

1744 960 1946 1016 Christi
1979 960 2210 1028 Spiritus
2257 971 2358 1027 est,
2402 960 2608 1016 habitat
2653 962 2704 1015 in
2756 962 2950 1015 vobis:
2988 974 3319 1028 consequen-

1747 1061 1830 1105 ter
1872 1052 2287 1107 viviticabuntur
2316 1063 2369 1107 et
2414 1054 2661 1108 mortalia
2705 1069 2932 1122 corpora
2964 1063 3145 1107 vestra
3195 1066 3317 1104 cum

1745 1140 2140 1198 immortalibus
2174 1145 2457 1199 animabus
2509 1144 2620 1215 (98)
2668 1147 2734 1199 ab
2786 1162 2850 1200 eo
2906 1149 2997 1216 qui
3038 1146 3322 1201 suscitavit

1745 1234 2019 1289 Christum
2050 1234 2232 1290 Jesum
2258 1251 2285 1289 a
2318 1238 2569 1300 mortuis,
2600 1238 2894 1305 principem
2919 1250 2971 1291 et
3000 1236 3321 1308 primogeni-

1751 1335 1861 1380 tum
1893 1327 2345 1381 resurreetionis?
2368 1326 2434 1381 Et
2475 1330 2669 1397 quibus
2705 1329 2804 1383 tale
2839 1338 3154 1398 tantumque
3187 1328 3321 1384 divi-

1747 1416 1891 1471 nitus
1933 1431 2030 1485 per
2076 1417 2336 1487 Spiritum
2384 1432 2577 1472 munus
2620 1418 2879 1472 indultum
2912 1430 3013 1482 est,
3051 1421 3322 1473 debitores

1748 1521 1934 1561 sumus
1965 1507 2210 1577 Spiritui,
2254 1525 2358 1563 non
2400 1511 2573 1574 carni,
2611 1522 2665 1563 ut
2700 1510 2851 1577 juxta
2898 1528 3015 1567 eam
3054 1512 3316 1565 vivamus.

1748 1600 2027 1669 Siquidem
2072 1605 2161 1671 qui
2204 1604 2356 1670 juxta
2398 1620 2615 1659 carnem
2666 1606 2880 1671 vixerit,
2922 1609 3183 1662 morietur
3233 1610 3319 1663 illa

1749 1705 1927 1747 morte
1959 1710 2076 1763 quae
2109 1706 2387 1763 peccatum
2427 1698 2691 1767 sequitur.
2735 1717 2752 1749 ι
2800 1698 3084 1754 Peccatum
3124 1702 3322 1771 quippe

1750 1799 1873 1838 cum
1916 1798 2344 1843 consummatum
2390 1788 2570 1851 fuerit,
2608 1802 2832 1859 generat
2880 1805 3130 1858 mortem,
3178 1813 3197 1846 ι
3233 1812 3321 1849 se-

131 1902 212 1942 tem
230 1886 521 1941 Christusin
546 1883 720 1944 vobis,
750 1903 768 1934 ι
795 1884 1300 1939 etmanifestissime
1318 1887 1646 1939 demonstra-
1682 1860 1724 1916 Β
1752 1879 1982 1933 cundum
2030 1878 2287 1935 Iacobum
2339 1882 2408 1935 θ’.
2451 1882 2557 1936 Sed
2609 1895 2663 1937 et
2709 1883 2954 1939 Ezechiel
3011 1898 3319 1956 peccantem

133 1992 197 2033 tur
215 1978 598 2046 inseparabilem
620 1992 741 2032 esse
767 1976 1029 2044 Spiritum
1059 1987 1308 2029 sanctum
1335 1992 1363 2028 a
1385 1975 1603 2030 Christo
1628 1994 1641 2029 :

126 2071 221 2138 quia
247 2069 539 2135 ubicunque
575 2067 810 2135 Spiritus
841 2077 1061 2119 sanctus
1091 2064 1271 2130 fuerit,
1306 2066 1379 2119 ibi
1408 2076 1461 2118 et
1487 2065 1645 2119 Chri—

127 2173 212 2214 stus
233 2170 332 2220 est,
357 2168 405 2211 et
435 2159 790 2229 undecunque
815 2156 1013 2211 Christi
1054 2156 1287 2226 Spiritus
1314 2157 1642 2220 discesserit,

124 2252 218 2305 inde
260 2251 446 2319 pariter
493 2251 697 2303 recedit
744 2258 797 2302 et
829 2248 1096 2303 Christus.
1152 2266 1169 2298 ι
1228 2246 1281 2301 Si
1335 2248 1455 2315 quis
1503 2247 1644 2300 enim

125 2343 338 2408 Spiritum
362 2340 567 2394 Christi
600 2356 703 2393 non
738 2340 919 2402 habet,
951 2339 1038 2392 hic
1072 2353 1175 2392 non
1210 2347 1291 2392 est
1319 2338 1455 2405 ejus.
1496 2356 1512 2388 ι
1547 2337 1643 2392 Cui

120 2432 360 2498 coniuncto
397 2432 441 2484 si
484 2431 609 2499 quis
644 2431 972 2483 contrarium
1022 2439 1296 2492 assamat,
1332 2429 1512 2482 dicere
1548 2444 1643 2496 po-

121 2531 235 2573 test:
265 2520 316 2574 Si
345 2521 464 2588 quis
513 2519 720 2575 Christi
755 2530 869 2580 est,
898 2522 968 2572 ita
1002 2528 1059 2573 ut
1100 2518 1349 2573 Christus
1385 2520 1435 2573 in
1465 2534 1529 2573 eo
1559 2521 1646 2583 sit,

118 2614 156 2665 in
181 2614 266 2666 hoc
292 2612 525 2678 Spiritus
568 2613 656 2666 Dei
691 2621 791 2665 est.
827 2610 937 2665 Hoc
969 2622 1147 2664 autem
1184 2612 1322 2664 idem
1352 2623 1405 2665 et
1435 2611 1501 2665 de
1542 2612 1648 2666 Deo

115 2703 244 2756 Patre
282 2704 528 2757 similiter
578 2705 965 2772 usurpandum.
1010 2701 1066 2755 Si
1107 2702 1228 2770 quis
1263 2702 1520 2770 Spiritum
1556 2704 1648 2757 Dei

115 2809 197 2846 non
216 2795 383 2859 habet,
411 2794 514 2848 iste
541 2807 648 2846 non
673 2802 755 2846 est
786 2792 925 2861 ejus.
955 2793 1049 2845 Cui
1079 2807 1292 2845 rursum
1317 2793 1648 2846 contrarium

113 2885 274 2953 siquis
302 2896 569 2947 assumat,
609 2885 790 2940 dicens
840 2900 853 2936 :
891 2884 948 2937 Si
993 2884 1113 2952 quis
1162 2884 1255 2937 Dei
1288 2892 1390 2948 est,
1447 2884 1498 2937 in
1550 2886 1651 2938 hoc

114 2974 306 3041 Spiritus
346 2975 438 3029 Dei
482 2986 594 3030 est.
632 2974 783 3030 Unde
830 2976 1087 3029 scribitur
1134 2992 1148 3029 :
1207 2995 1224 3026 ι
1264 2974 1493 3030 Nescitis
1525 2976 1650 3044 quia

112 3070 326 3134 templum
387 3071 478 3124 Dei
533 3072 700 3134 estis,
756 3078 808 3123 et
860 3072 911 3123 in
962 3069 1113 3123 vobis
1166 3070 1371 3124 habitat
1420 3070 1652 3139 Spiritus

114 3161 275 3215 Dei“?
297 3182 314 3215 ι
346 3164 409 3217 Ει
434 3166 486 3215 in
504 3162 734 3216 Joannis
757 3161 989 3231 Epistula
1020 3180 1074 3214 ε(
1107 3160 1159 3214 1η
1187 3161 1288 3215 hoc
1310 3161 1652 3231 cognoscitur
1679 3198 1719 3256 Ο

114 3253 223 3308 Deus
255 3257 500 3310 habitans
549 3258 605 3308 in
638 3255 981 3324 quibusdam,
1017 3268 1141 3309 cum
1187 3254 1447 3307 manserit
1486 3256 1538 3307 in
1573 3254 1652 3308 eis

111 3345 307 3415 Spiritus
327 3364 489 3418 quem
512 3349 664 3403 dedit
681 3350 746 3399 ⁸¹.
779 3368 796 3399 ι
834 3349 909 3403 Ex
936 3348 1129 3416 quibus
1145 3347 1395 3401 omnibus
1420 3347 1652 3400 indisso-

105 3440 277 3494 eiabilis
323 3454 489 3509 atque
540 3442 834 3495 indiscreta
878 3440 1166 3494 Trinitatis
1207 3438 1510 3494 substantia
1559 3438 1653 3492 de-

108 3539 418 3585 monstratur.

156 3620 231 3675 41.
269 3622 398 3676 Cum
432 3636 573 3690 ergo
611 3623 687 3674 ait
741 3638 756 3674 :
794 3640 813 3673 ι
864 3620 920 3675 Si
958 3619 1206 3674 Christus
1245 3619 1299 3673 in
1352 3617 1503 3671 vobis
1549 3626 1652 3677 est.

106 3725 266 3779 corpus
283 3714 507 3781 quidem
536 3722 811 3767 mortuum
836 3720 1052 3781 propter
1074 3719 1375 3778 peccatum,
1414 3728 1432 3758 ι
1458 3723 1657 3777 nequa-

102 3816 231 3867 quam
269 3804 415 3858 vitiis
464 3804 819 3872 lasciviaeque
857 3803 1190 3864 deserviens,
1232 3801 1326 3855 sed
1363 3800 1476 3870 (96)
1513 3814 1658 3853 mor-

105 3893 329 3949 tilicatum
382 3906 654 3964 peccato,
690 3910 795 3949 non
838 3903 1210 3950 commovetur
1252 3894 1317 3948 ad
1373 3893 1504 3947 vitia
1548 3910 1560 3944 :
1604 3900 1660 3946 et

102 3998 402 4055 nequaquam
458 3987 577 4041 erit
630 3986 793 4040 vitale
843 3995 1085 4056 peccato.
1137 3985 1427 4053 Postquam
1478 3992 1657 4036 autem

105 4089 265 4143 corpus
291 4088 527 4147 peccato
562 4089 841 4133 mortuum
880 4076 1062 4141 fuerit,
1088 4077 1337 4131 Christus
1369 4075 1422 4156 in
1458 4075 1542 4129 his
1566 4074 1656 4144 qui

98 4180 174 4221 sua
192 4184 408 4240 corpora
445 4171 948 4234 mortiﬁcaverunt,
981 4181 1219 4239 praesens
1243 4167 1504 4239 Spiritum
1536 4167 1660 4219 vitae

101 4256 301 4315 ostendit
354 4278 456 4331 per
491 4262 773 4331 justitiam
831 4265 945 4316 sive
996 4261 1387 4315 correctionem
1437 4273 1658 4327 operum

102 4346 322 4405 virtutum
353 4352 785 4415 immortalium,
818 4352 933 4407 sive
964 4352 1117 4406 ﬁdem
1144 4351 1267 4407 Jesu
1295 4350 1497 4406 Christi
1525 4348 1656 4421 (97),

100 4439 141 4491 in
164 4438 239 4495 his
263 4445 351 4511 qui
378 4443 548 4511 juxta
585 4444 748 4499 ﬁdem
795 4443 939 4498 illius
989 4451 1411 4498 conversantur.
1454 4439 1659 4495 Deinde

1747 1971 1981 2024 animam
2019 1974 2154 2027 mori
2204 1974 2411 2028 scribit.
2454 1974 2745 2043 Separalur
2797 1978 2939 2031 enim
2970 1979 3080 2045 jam
3121 1996 3149 2034 a
3192 1982 3319 2047 vita,

1748 2076 1866 2129 qua:
1911 2063 1961 2115 in
1991 2064 2252 2132 sapientia
2285 2064 2518 2135 Spiritus
2545 2068 2804 2122 collocata
2833 2081 2917 2125 est
2945 2071 3012 2125 ³³.

1819 2151 1907 2205 42.
1945 2154 1999 2207 Si
2032 2156 2154 2222 quis
2204 2165 2384 2208 autem
2417 2158 2812 2211 transcenderit
2853 2160 3018 2213 vitam
3050 2162 3231 2215 earnis
3262 2172 3315 2216 et

1751 2246 1954 2314 Spiritu
1980 2260 2142 2315 opera
2173 2248 2353 2301 carnis
2381 2251 2784 2305 mortiiicaverit
2817 2250 2951 2321 (99),
2996 2253 3135 2307 vivet
3166 2255 3319 2308 beata

1747 2347 2057 2405 aeternaque
2106 2339 2213 2392 vita
2252 2340 2453 2395 relatus
2496 2343 2547 2395 in
2578 2342 2714 2396 ﬁlios
2749 2342 2866 2405 Dei,
2915 2353 2969 2398 et
3000 2344 3237 2398 directus
3269 2346 3321 2397 in

1751 2428 1889 2481 viam
1929 2437 2127 2482 rectam
2160 2438 2377 2497 propter
2406 2430 2667 2498 Spiritum
2719 2442 2983 2495 sanctum,
3023 2432 3113 2501 qui
3142 2443 3197 2485 et
3231 2432 3320 2484 Dei

1751 2517 1981 2588 Spiritus
2003 2518 2319 2587 appellatur.
2352 2538 2370 2571 ι
2408 2520 2464 2575 Si
2494 2521 2656 2586 enim,
2692 2540 2710 2573 ι
2744 2521 2937 2590 inquit,
2968 2541 2985 2571 ε
3018 2522 3169 2587 juxta
3203 2537 3325 2576 car-

1751 2624 1873 2663 nem
1907 2609 2166 2673 vixeritis,
2196 2612 2519 2666 moriemini.
2550 2612 2701 2679 Quod
2733 2613 2775 2667 si
2810 2614 3000 2683 spiritu
3033 2614 3170 2667 facta
3198 2630 3321 2668 car-

1751 2701 1834 2753 nis
1860 2701 2335 2765 mortiticaveritis,
2360 2703 2552 2757 vivetis
2579 2720 2592 2766 ;
2632 2724 2649 2754 ι
2683 2715 2736 2757 et
2759 2705 2810 2757 in
2837 2706 3320 2774 consequentibus:

1759 2809 1777 2842 ι
1819 2790 2090 2861 Quotquot
2119 2794 2261 2846 enim
2301 2794 2506 2863 Spiritu
2544 2795 2635 2849 Dei
2670 2806 2923 2865 aguntur,
2965 2798 3018 2851 hi
3072 2796 3163 2850 ﬁlii
3202 2810 3327 2852 sunt

1754 2883 1868 2939 Dei.
1904 2903 1922 2934 ι
1952 2882 2186 2937 Rursum
2220 2885 2526 2940 refocillans
2559 2902 2673 2949 eos,
2704 2898 2757 2941 et
2786 2890 3092 2953 consolans,
3121 2899 3174 2943 et
3201 2905 3327 2958 pro-

1753 2989 1952 3029 vocans
2006 2991 2227 3044 sperare
2272 2977 2515 3043 meliora,
2565 2979 2759 3047 quibus
2809 2980 3147 3049 loquebatur,
3196 2982 3323 3037 ait:

1760 3084 1779 3116 ε
1818 3067 1930 3121 Νοη
1958 3068 2104 3121 enim
2137 3070 2421 3136 accepistis
2452 3070 2644 3124 iterum
2682 3072 2930 3141 spiritum
2963 3074 3239 3129 servitutis
3273 3076 3324 3129 in

1758 3157 1970 3222 timore,
1997 3177 2015 3210 ι
2041 3160 2091 3211 id
2124 3168 2225 3223 est,
2251 3176 2353 3213 non
2387 3161 2737 3217 similitudine
2772 3180 3070 3230 servorum,
3102 3178 3243 3221 metu
3273 3179 3329 3223 et

1755 3255 1962 3302 terrore
1990 3263 2271 3317 poenarum
2307 3266 2400 3305 vos
2431 3253 2714 3307 abstinetis
2751 3272 2778 3306 a
2811 3255 2975 3319 vitiis,
3008 3256 3129 3326 quia
3161 3259 3327 3312 babe-

1758 3340 1828 3394 tis
1853 3340 2005 3394 vobis
2040 3342 2219 3395 datum
2249 3342 2326 3413 (1)
2358 3359 2386 3397 a
2421 3343 2580 3398 Patre
2627 3346 2885 3414 Spiritum
2918 3350 3245 3417 adeptionis,
3276 3351 3331 3405 id

1756 3440 1840 3484 est
1877 3430 2139 3499 Spiritum
2173 3443 2440 3500 sanctum,
2470 3434 2560 3503 qui
2594 3434 2707 3504 ipse
2740 3437 2995 3506 Spiritus,
3030 3451 3082 3493 et
3114 3440 3231 3507 Dei,
3276 3454 3333 3497 et.

1756 3521 1988 3586 Christi,
2020 3534 2073 3577 et
2105 3525 2349 3579 veritatis
2398 3526 2595 3580 dicitur
2626 3539 2789 3599 atque
2820 3533 3115 3600 sapientiae.
3149 3532 3204 3588 Si
3235 3550 3333 3589 au-

1760 3623 1863 3666 tem
1890 3615 2120 3682 Spiritus
2151 3616 2252 3670 iste
2286 3618 2502 3686 adoptat
2555 3620 2607 3672 in
2642 3620 2778 3674 tilios
2808 3624 2897 3676 Dei
2939 3639 3066 3689 eos,
3100 3641 3329 3695 quorum

1757 3705 2064 3775 dignatione
2086 3709 2166 3760 sui
2197 3707 2467 3762 habitator
2484 3710 2731 3778 efﬁcitur,
2762 3715 2855 3768 tibi
2885 3721 3330 3786 consequentium

1759 3812 1921 3863 super
1951 3799 2188 3865 potentia
2220 3800 2335 3867 ejus
2369 3801 2783 3871 intelligentiam
2809 3804 3146 3876 derelinquo.

1828 3888 1997 3943 Porro
2055 3890 2107 3942 in
2178 3890 2278 3943 hoc
2327 3892 2626 3960 adoptionis
2690 3894 2890 3964 Spiritu
2940 3897 3173 3953 clamant
3241 3902 3332 3969 qui

1760 3981 2063 4035 habuerunt
2090 3980 2237 4035 illum
2262 3981 2475 4036 Patrem
2509 3984 2697 4047 Deum,
2723 3987 2862 4041 sicut
2889 3990 3125 4043 ostendit
3153 4005 3334 4047 sermo

1761 4074 1944 4127 dicens
1982 4094 1993 4128 :
2035 4092 2053 4125 ι
2106 4073 2162 4128 ln
2209 4089 2315 4144 quo
2342 4074 2671 4131 clamamus:
2704 4079 2876 4144 Abba,
2915 4080 3114 4136 Pater:
3160 4102 3180 4136 ι
3219 4084 3335 4154 ipso

1762 4164 1965 4232 Spiritu
1999 4164 2088 4232 qui
2118 4178 2216 4220 nos
2254 4167 2471 4236 adoptat
2500 4168 2552 4222 in
2594 4169 2751 4233 lilios,
2800 4172 3164 4229 testimonium
3200 4192 3335 4243 prte-

1760 4257 1923 4311 bente
1957 4256 2366 4326 participatione
2404 4259 2507 4323 sui,
2536 4260 2677 4328 quod
2712 4275 2740 4313 a
2773 4272 2956 4318 nostro
2978 4262 3180 4335 Spiritu
3210 4283 3337 4337 pos-

1762 4348 1987 4414 sidetur,
2037 4349 2161 4417 quia
2212 4348 2307 4403 ﬁlii
2348 4348 2444 4404 Dei
2488 4366 2696 4407 sumus.
2736 4353 2837 4408 Cui
2887 4370 3223 4428 consequens
3252 4371 3336 4415 est

1763 4440 1929 4494 Deum
1969 4442 2183 4508 quidem
2216 4442 2368 4509 quasi
2401 4454 2631 4512 patrem,
2668 4448 3039 4503 hatreditarias
3067 4452 3221 4505 nobis
3253 4453 3336 4506 di-

100 4523 351 4598 Aposwlus
400 4534 518 4589 alio
563 4534 884 4604 syllogismo
938 4533 1231 4603 conjuncto
1281 4533 1469 4599 utitur,
1517 4532 1659 4601 quod
1696 4538 1737 4592 D
1768 4530 1929 4585 vitias
1964 4531 2257 4586 contulisse
2294 4532 2395 4603 (2),
2430 4535 2731 4604 spiritualia
2765 4538 2937 4602 dona;
2968 4541 3165 4595 Christi
3208 4556 3415 4597 vero

100 4621 466 4689 signiﬁcantius
497 4624 781 4681 dialectici
811 4624 1029 4695 ἀξίωμα
1063 4633 1282 4687 vocant,
1310 4634 1365 4677 et
1394 4625 1467 4677 ait
1499 4641 1511 4677 :
1551 4641 1570 4674 ι
1607 4622 1664 4677 Si

99 4724 245 4769 autem
277 4716 525 4789 Spiritus
560 4718 683 4788 ejus
714 4718 806 4788 qui
847 4717 1132 4772 suscitavit
1161 4716 1436 4772 Christum
1470 4731 1498 4768 a
1529 4730 1667 4767 mor-

151 4827 355 4884 "lPet.
382 4848 424 4894 ι,
458 4831 561 4896 11,
596 4831 685 4884 12.
762 4830 990 4887 "lCor.
1016 4832 1187 4894 11,“.

124 4943 246 5019 ,(95)
285 4945 494 5019 lterum
532 4948 742 5003 vitiose
769 4958 912 5013 erat,
949 4958 1003 5002 et
1033 4947 1372 5019 nulloAsensu
1415 4964 1432 4995 ι
1474 4945 1527 5019 in
1556 4960 1663 5013 quo

100 5014 180 5088 ait,
207 5014 354 5088 quale
382 5028 643 5088 tempus,
682 5037 700 5069 ι
740 5029 869 5082 etc.,
898 5034 1072 5087 neque
1101 5029 1155 5071 ut
1185 5017 1480 5088 Scriptura!
1511 5014 1661 5068 locus

100 5084 427 5157 scribebatur,
478 5084 543 5141 ut
595 5089 704 5141 alia
758 5089 953 5142 menda
986 5084 1484 5157 'interpunctionis,
1532 5096 1663 5149 etc.,

98 5154 262 5217 quibus
292 5167 439 5212 totus
470 5159 737 5213 scatebat
767 5160 854 5213 hic
876 5158 1032 5221 liber,
1066 5154 1486 5212 dissituulemus.

153 5224 250 5291 (96)
285 5225 467 5284 Vatic.
524 5248 546 5280 ι
588 5230 641 5282 si
688 5247 707 5279 ι
748 5244 845 5297 pro
880 5246 900 5278 ι
942 5230 1056 5282 sed.
1100 5246 1119 5279 ι
1159 5227 1226 5280 Ut
1253 5240 1443 5297 sensus
1486 5234 1664 5297 tamen

100 5303 336 5366 utcunque
366 5309 599 5353 constet
636 5295 762 5351 cuni
792 5300 1053 5365 superiori
1088 5295 1331 5366 Apostoli
1370 5296 1661 5366 sententia,

97 5364 290 5437 Verbum
334 5368 570 5437 aliquod
620 5364 978 5437 supplendum
1011 5376 1114 5430 est,
1140 5364 1275 5434 iputa
1297 5404 1311 5427 ,
1341 5382 1386 5437 _r_
1414 5364 1663 5437 illjuduin-

102 5432 261 5506 telligjt
293 5432 444 5506 quod
475 5432 871 5506 nequaquam,
916 5457 934 5488 ι
973 5447 1102 5499 etc.,
1136 5432 1231 5489 aut
1262 5435 1390 5506 quid
1431 5434 1627 5506 simile.

155 5502 252 5570 (97)
298 5503 429 5562 Vide
458 5502 601 5571 nutu
644 5502 826 5561 isiluec
861 5509 933 5561 sit
961 5502 1292 5575 prteferenda
1325 5503 1544 5573 Regina:
1575 5518 1666 5557 co-

100 5571 389 5647 dicisleCtio
428 5598 442 5633 :
499 5598 519 5630 ι
559 5578 846 5641 Christus,
883 5571 993 5630 suis
1024 5576 1113 5642 qui
1138 5590 1233 5628 sua
1262 5571 1493 5647 corpora
1522 5589 1665 5647 mor-

104 5641 417 5717 tiﬁcaverunt
434 5663 537 5717 per
566 5657 895 5717 praisentem
921 5641 1202 5714 Spiritum,
1225 5641 1388 5717 vitam
1409 5645 1664 5717 ostendit,

99 5726 177 5777 per
195 5714 457 5782 justitiam
500 5714 776 5787 operum,
810 5718 923 5771 sive
957 5732 1052 5783 per
1090 5716 1480 5787 correctionem
1509 5714 1641 5767 vitio

101 5795 197 5854 rum
232 5782 579 5853 mortalium,
618 5787 735 5841 sive
762 5803 856 5854 per
901 5782 1056 5840 tidem
1086 5782 1212 5838 Jesu
1244 5784 1465 5849 Christi,
1505 5802 1523 5834 ι
1560 5794 1662 5837 etc.

157 5852 251 5925 (98)
295 5855 369 5912 Ita
407 5855 610 5914 ferunt
641 5852 793 5912 vetus
823 5857 986 5912 editio
1012 5866 1065 5911 et
1103 5854 1317 5925 Regina:
1348 5868 1477 5928 ms.,
1510 5866 1665 5913 antea

1262 4828 1486 4884 "lCor.
1514 4843 1597 4895 Ill,
1630 4829 1714 4882 16.
1789 4829 1833 4860 ⁸¹
1862 4830 1877 4883 1
1907 4828 2059 4883 Joan.
2086 4844 2159 4892 tv,
2192 4828 2275 4883 l3.

1762 4619 2071 4674 cohzeredes
2112 4634 2210 4675 nos
2238 4634 2376 4684 esse,
2411 4638 2475 4676 eo
2512 4625 2655 4692 quod
2686 4608 2878 4681 fratres
2918 4626 3034 4694 ejus
3078 4644 3173 4696 per
3212 4647 3337 4699 gra-

1765 4714 1895 4765 tiam
1924 4721 1979 4766 et
2004 4712 2386 4781 benignitatem
2417 4715 2584 4782 ipsius
2619 4717 2972 4786 appellamur.
3000 4719 3213 4774 Erimus
3242 4737 3339 4774 atl-

2353 4829 2398 4860 ⁸¹
2423 4828 2537 4885 Jac.
2561 4846 2597 4895 ι,
2631 4831 2714 4887 l5.

1764 4954 1882 4999 erat
1929 4962 1947 4994 ι
1985 4958 2109 4997 cum
2155 4943 2541 4997 inunortalium
2576 4945 2877 4999 animabus.
2920 4965 2939 4997 ι
2988 4946 3105 4999 Mox
3149 4948 3338 5002 eadem

1765 5025 1921 5069 vetus
1971 5014 2100 5066 edit.
2138 5031 2175 5083 ir
2238 5014 2651 5083 primogenitum
2719 5015 2864 5066 illum
2924 5019 3339 5072 resurrectionis

1762 5085 2076 5139 ostendens.
2122 5082 2302 5147 Quare
2332 5092 2389 5137 et
2431 5085 2625 5152 quibus
2660 5083 2784 5148 tale,
2822 5102 2840 5134 ι
2877 5097 2982 5141 etc.

1835 5153 1945 5224 (99)
1990 5152 2082 5224 Est
2130 5153 2351 5221 Regina:
2399 5154 2602 5207 codicis
2637 5153 2896 5223 integrior
2933 5155 3094 5209 lectio
3128 5155 3239 5210 haec
3284 5168 3340 5210 et

1765 5222 2105 5279 concinnior.
2138 5224 2312 5275 Antea
2339 5232 2456 5276 erat
2481 5222 2850 5278 tantummodo
2884 5243 2903 5276 ι
2944 5228 3341 5281 transcenderit

1764 5296 1930 5347 vitam
1954 5293 2153 5356 carnis,
2177 5301 2230 5345 et
2250 5293 2455 5360 Spiritu
2475 5308 2634 5360 opera
2658 5295 2838 5347 carnis
2863 5296 3286 5351 mortilicaverit.
3316 5316 3334 5347 ι

1836 5362 1912 5434 (1)
1954 5361 2076 5416 Vat.
2107 5380 2126 5412 ι
2161 5362 2425 5434 abstinete
2452 5377 2483 5415 a
2514 5363 2677 5434 vitiis,
2705 5365 2794 5431 qui
2826 5365 3033 5434 habetis
3062 5366 3336 5420 vobiscum

1765 5431 1970 5495 datum,
2010 5452 2029 5483 ι
2066 5444 2195 5495 etc.,
2245 5432 2439 5486 deinde
2476 5450 2494 5483 ι
2550 5432 2642 5500 qui
2691 5434 2805 5502 ipse
2852 5431 3086 5502 Spiritus
3125 5434 3248 5490 Filii
3285 5444 3342 5489 et

1764 5503 1989 5565 Christi,
2022 5509 2077 5554 et
2103 5502 2366 5564 veritatis,
2407 5520 2426 5553 ι
2466 5511 2571 5556 etc.

1836 5574 1913 5642 (2)
1947 5570 2080 5625 Cod.
2116 5571 2337 5640 Reginae
2379 5591 2396 5623 ι
2441 5588 2546 5641 qua
2579 5587 2607 5624 a
2650 5583 2834 5629 nostro
2863 5574 3056 5643 spiritu
3092 5572 3338 5643 posside-

1768 5653 1877 5706 tur,
1921 5661 1938 5693 ι
1984 5650 2041 5694 et
2091 5643 2261 5714 paulo
2289 5651 2407 5708 post
2437 5657 2568 5714 cum
2611 5646 2781 5698 veteri
2833 5660 3045 5714 quoque
3079 5646 3336 5706 editione,

1772 5734 1791 5763 ‹
1823 5714 1975 5782 quasi
2010 5722 2218 5777 patrem
2252 5712 2555 5766 luereditari
2586 5730 2614 5765 a
2651 5715 2827 5777 nobis,
2854 5712 3056 5768 Christi
3094 5728 3222 5767 vero
3252 5728 3338 5766 co—

1769 5784 2031 5854 Ιιωωάοξε
2088 5792 2271 5854 r_etc.,
2314 5783 2518 5854 absque
2546 5783 2676 5851 illis,
2714 5802 2732 5836 ι
2783 5783 3002 5841 divitias
3044 5784 3338 5841 contulisse

1768 5851 2069 5923 spiritualia
2092 5851 2255 5907 dona.
2289 5870 2309 5904 ι

2792 4832 2837 4863 ⁸³
2857 4833 3052 4887 Ezech.
3069 4850 3220 4899 xvnt,
3246 4836 3335 4889 ‘20.
