3738 6304
421 304 549 358 IO'II

1670 292 1903 349 DIDYMI
1945 292 2411 349 ALEXANDRINI

3498 301 3608 358 1οἨ

424 429 529 471 lem
563 415 801 470 hmredes
832 413 948 478 Dei,
982 410 1289 467 colueredes
1321 420 1495 466 autem
1531 408 1733 465 Christi
1764 412 1808 465 si
1841 426 1987 467 com-
2014 422 2063 475 Α
2092 415 2303 469 cordari
2350 422 2529 466 autem
2577 426 2636 466 se
2688 412 3075 467 misericordia:
3119 420 3177 465 et
3218 411 3469 467 virtutum
3499 417 3611 486 ejus,

420 508 708 577 patiamur,
745 514 801 557 ιιι
834 512 887 557 et
924 502 1319 572 congloriticari
1354 502 1403 555 ei
1437 516 1503 556 ex
1544 501 1853 571 passionum
1895 515 1989 557 so-

420 600 619 654 cietate
654 612 978 652 mereamur.

491 689 583 746 43.
621 691 819 746 Verum
862 689 985 758 quia
1027 697 1081 741 et
1122 687 1222 740 hoc
1246 687 1398 755 juxta
1436 686 1485 739 id
1535 688 1676 757 quod
1719 688 1988 757 potuimus

423 782 741 836 edissertum
791 790 892 840 est,
942 791 1303 847 proponamus
1357 776 1629 844 propheta:
1672 776 1986 861 capitulum,

420 872 665 942 quadam
705 871 770 925 de
801 869 998 937 Spiritu
1027 878 1210 921 sancto
1244 865 1545 927 continens,
1592 875 1648 917 ut
1679 880 1783 917 non
1817 863 1987 917 solum

421 966 489 1019 de.
527 963 693 1029 Novo,
726 978 909 1015 verum
939 960 1098 1013 etiam
1144 960 1208 1012 de
1242 957 1413 1010 Veteri
1445 956 1791 1010 Testamento
1830 970 1990 1023 super

422 1058 537 1128 ejus
569 1056 671 1108 fide
720 1052 1103 1119 intellectuque
1146 1050 1461 1103 doceamur.
1494 1046 1625 1100 Nam
1656 1056 1709 1102 et
1740 1049 1989 1115 superius

423 1144 697 1218 praelocuti
733 1158 945 1206 sumus,
980 1142 1031 1194 in
1071 1141 1322 1194 omnibus
1356 1142 1581 1202 sanctis,
1613 1148 1717 1192 tam
1774 1140 1857 1193 his
1897 1140 1986 1207 qui

422 1250 541 1309 post
577 1238 859 1291 adventum
898 1234 1105 1287 Domini
1148 1232 1317 1286 nostri
1352 1234 1583 1293 luerunt,
1626 1246 1786 1299 quam
1826 1230 1987 1283 etiam

422 1340 589 1393 relro,
616 1329 668 1382 in
713 1326 1039 1394 patriarchis
1069 1324 1319 1378 videlicet
1344 1334 1399 1377 et
1428 1323 1728 1392 prophetis,
1754 1322 1990 1391 Spiritus

418 1422 591 1477 sancti
623 1420 848 1490 gratiam
878 1417 1045 1472 fuisse
1077 1428 1364 1477 versatam,
1403 1428 1455 1469 et
1486 1432 1579 1469 eos
1605 1417 1831 1469 diversis
1860 1416 1991 1469 cha-

388 1513 735 1568 wrismatihus
766 1512 1159 1577 virtutibusque
1189 1509 1505 1577 complesse.
1535 1507 1814 1574 Quomodo
1843 1507 1987 1561 enim

416 1604 580 1659 unius
606 1605 696 1657 Dei
724 1613 775 1656 et
806 1601 1073 1671 Unigeniti
1100 1600 1217 1669 ejus
1239 1601 1465 1670 gratiam
1494 1600 1845 1668 possidentes,
1881 1610 1987 1652 tam

420 1696 475 1750 hi
502 1696 760 1765 quiante,
788 1710 945 1763 quam
975 1692 1139 1749 etiam
1168 1692 1238 1745 illi
1265 1693 1353 1761 qui
1384 1700 1503 1760 post
1528 1692 1818 1744 adventum
1846 1690 1985 1759 ejus,

2091 504 2363 574 inquiunt,
2400 506 2452 557 in
2492 502 2743 557 erunibus
2776 518 2896 572 qua:
2928 502 3178 556 retribuit
3219 502 3331 565 eis,
3360 518 3459 557 non
3494 506 3613 573 juxta

2083 598 2348 668 justitiam
2377 614 2526 652 suam
2546 637 2562 662 ,
2594 598 2685 650 sed
2710 596 2861 664 juxta
2901 595 3326 650 misericordiam
3357 606 3409 650 et
3442 596 3616 655 bonita-

2092 699 2197 742 tem
2242 687 2515 756 ejus,‘qui
2548 698 2633 743 est
2681 687 2847 757 judex
2897 687 3074 740 domui
3114 684 3349 750 videnti,
3388 694 3615 749 etscusui

2092 780 2292 834 mundo
2322 782 2483 835 corde
2510 780 2752 834 cernenti
2803 779 3085 833 Dominum
3119 778 3223 849 (4).
3258 777 3371 832 Hoc
3396 779 3618 847 siquidem

2090 885 2153 923 ex
2202 870 2427 925 Hebraeo
2468 886 2718 924 sermone
2753 871 2805 922 in
2840 870 3018 939 lingua
3053 878 3240 922 nostra
3279 870 3620 937 interpretatur

2089 962 2273 1057 Isgel,
2321 962 2370 1015 id
2416 970 2518 1027 est,
2554 978 2697 1016 meus
2740 962 2915 1014 videns
2948 961 3112 1014 Deum
3165 960 3265 1029 (5).
3321 959 3466 1014 Licet
3504 964 3620 1016 enim

2091 1050 2355 1106 tor'menta
2380 1092 2395 1117 ,
2427 1064 2480 1107 et
2523 1052 2797 1106 cruciatus
2823 1052 2986 1122 judex
3038 1065 3422 1118 nonnunquam
3463 1050 3621 1105 inferat

2084 1144 2342 1214 judicium
2375 1144 2726 1202 merentibus.
2754 1153 2933 1197 tamen
2964 1143 3053 1210 qui
3078 1157 3273 1196 causas
3294 1157 3472 1195 rerum
3492 1142 3619 1196 altius

2091 1240 2349 1299 intuetur,
2374 1236 2561 1290 videns
2587 1236 2918 1305 propositum
2947 1234 3203 1289 bonitatis
3227 1233 3367 1302 ejus,
3395 1233 3479 1301 qui
3504 1236 3621 1303 cupit

2088 1327 2360 1396 corrigere
2407 1335 2740 1393 peccantem,
2784 1324 2981 1379 bonum
3028 1324 3176 1377 illum
3221 1324 3522 1387 confitetur,
3557 1325 3623 1378 di-

2090 1434 2217 1473 cens
2244 1436 2255 1470 :
2283 1436 2301 1469 ‹
2334 1418 2573 1472 lnferens
2600 1416 2697 1489 j‘al.
2728 1416 2949 1487 inferas]
2979 1416 3133 1469 nobis
3160 1415 3310 1483 juxta
3347 1415 3621 1469 misericor-

2089 1512 2232 1564 diam
2268 1524 2441 1564 suant.
2482 1529 2501 1562 ι
2542 1511 2596 1563 Si
2647 1511 2790 1564 enim
2830 1510 3145 1576 iniquitates
3184 1524 3374 1561 eorum
3415 1521 3537 1576 quos
3562 1507 3625 1573 ju-

2090 1599 2230 1652 dicat
2260 1601 2504 1652 attendat
2530 1599 2807 1662 Dominus,
2838 1599 2959 1667 quis
2991 1598 3312 1652 sustinebit?
3340 1596 3504 1651 Porro
3527 1598 3627 1665 quia

2093 1688 2231 1758 apud
2276 1688 2558 1742 Dominum
2610 1690 2919 1759 pr0pitiatio
2947 1698 3052 1751 est,
3108 1689 3371 1741 Dominus
3412 1687 3626 1742 videlicet

416 1786 639 1857 justitize
682 1800 906 1840 erexere
945 1783 1196 1837 vexillum
1220 1821 1234 1845 ,
1281 1784 1527 1837 veritatis
1558 1791 1683 1835 sunt
1712 1782 1993 1845 scientiam
2026 1777 2069 1832 Β
2096 1792 2277 1837 noster
2317 1790 2477 1849 atque
2521 1782 2771 1837 Salvator
2802 1784 2965 1837 infert
3003 1784 3157 1837 nobis
3177 1781 3471 1837 secundum
3500 1781 3630 1835 niiseo

418 1878 734 1943 consecuti;
777 1876 855 1929 sic
889 1884 943 1929 et
980 1874 1214 1944 Spiritus
1259 1874 1430 1927 sancti
1465 1874 1694 1942 gratiam
1746 1873 1985 1942 posside-

418 1970 575 2035 bunt,
610 1968 733 2037 quia
768 1965 1177 2035 inseparabilem
1215 1980 1242 2016 a
1277 1964 1433 2016 Patre
1462 1974 1514 2015 et
1536 1962 1674 2016 Filio
1698 1977 1837 2025 esse,
1868 1962 1990 2031 Spi-

421 2061 585 2113 ritum
618 2068 861 2112 sanctum
900 2057 970 2110 in-
1006 2056 1187 2109 multis
1234 2070 1393 2123 supra
1442 2052 1575 2108 locis
1630 2055 1984 2108 ostendimus.

419 2153 692 2222 Scriptum
722 2162 805 2204 est
835 2164 964 2219 ergo
997 2149 1047 2201 in
1074 2148 1332 2217 propheta
1370 2165 1383 2200 ε
1418 2165 1435 2197 ι
1473 2146 1850 2201 Misericordia:
1880 2147 1984 2198 Do-

417 2242 551 2297 mini
598 2242 910 2296 recordatus
950 2254 1105 2299 sum,
1151 2247 1203 2290 et
1234 2237 1447 2290 virtutis
1500 2235 1615 2302 ejus
1646 2237 1699 2289 in
1742 2236 1991 2291 omnibus

410 2349 540 2403 qua).
585 2334 832 2387 retribuit
882 2331 1055 2385 nobis.
1102 2329 1356 2383 Dominus
1387 2329 1548 2404 judev
1594 2328 1767 2389 bonus
1810 2328 1988 2388 domui

412 2422 606 2498 Israel,
634 2422 877 2484 inferens
908 2422 1063 2483 nobis
1086 2420 1235 2495 jurta
1278 2425 1708 2480 miscricordiam
1734 2439 1908 2487 suam,
1940 2431 1994 2477 et

418 2525 567 2590 juxta
619 2522 1019 2575 multitudinem
1047 2519 1268 2590 justitia:
1310 2534 1443 2573 suae.
1488 2519 1553 2572 Et
1583 2518 1761 2571 dixit:
1810 2516 1994 2571 Nonne

421 2613 647 2683 populus
677 2630 826 2667 meus
859 2613 949 2665 lilii
996 2621 1049 2665 et
1094 2628 1197 2665 non
1237 2612 1735 2680 prtevaricabuntur
1787 2608 1888 2679 (5).
1930 2608 1996 2662 Ει

419 2706 595 2757 factus
643 2714 725 2757 est
783 2704 889 2757 illis
940 2704 991 2757 in
1042 2704 1273 2757 salutem
1332 2718 1396 2756 ex
1450 2701 1596 2755 omni
1652 2700 1995 2754 tribulatione

421 2812 605 2851 eorum
630 2814 645 2862 ;
671 2812 775 2849 non
810 2796 1033 2866 legatus,
1079 2810 1251 2863 neque
1287 2794 1530 2863 angelus,
1559 2794 1652 2847 sed
1683 2793 1797 2863 ipse
1827 2792 1995 2846 salva-

422 2889 501 2942 vit
524 2904 638 2957 eos,
667 2904 730 2941 eo
762 2891 902 2956 quod
930 2888 1177 2941 dilexerit
1202 2902 1310 2947 eos,
1344 2897 1397 2939 et
1425 2886 1727 2955 pepercerit
1751 2885 1846 2938 eis.
1879 2883 1996 2953 Ipse

424 2979 652 3033 redemit
698 2993 813 3038 eos,
856 2988 912 3031 et
953 2976 1189 3046 suscepit
1237 2991 1349 3041 eos,
1402 2985 1456 3030 et
1488 2976 1747 3029 exaltavit
1796 2990 1888 3029 eos
1943 2977 1993 3027 in

420 3072 671 3125 omnibus
695 3070 881 3124 diebus
902 3068 1106 3123 saeculi.
1135 3068 1237 3138 Ipsi
1270 3082 1395 3122 vero
1419 3082 1521 3120 non
1554 3067 1917 3129 crediderunt,
1944 3076 1998 3119 et

2092 1874 2375 1928 ricordiam
2410 1889 2583 1941 suam,
2609 1875 2790 1929 omnia
2824 1890 2942 1943 qua:
2973 1890 3070 1929 nos
3096 1874 3406 1943 proveliant
3433 1872 3496 1925 ad
3519 1872 3630 1925 salu-

2092 1977 2216 2021 tem.
2268 1968 2511 2023 querens
2544 1982 2756 2036 quoque
2794 1967 2949 2036 juxta
3001 1966 3432 2020 misericordiam
3470 1979 3629 2025 suam.

2090 2069 2143 2113 et
2171 2060 2269 2114 hoe
2303 2061 2511 2115 faciens
2547 2062 2597 2113 iu
2618 2059 2823 2127 judicio
2861 2059 2958 2128 (6),
2987 2074 3108 2114 cum
3132 2059 3345 2128 justitia
3379 2058 3526 2111 nobis
3553 2061 3630 2109 tri-

2091 2153 2242 2215 buit,
2274 2166 2392 2219 quae
2437 2152 2668 2205 admista
2717 2151 3103 2206 misericordia:
3142 2149 3390 2203 bonitate
3439 2148 3632 2213 largius

2090 2253 2191 2297 est.

2160 2338 2248 2398 45.
2285 2338 2600 2410 Arguendns
2619 2346 2703 2393 est
2728 2352 2794 2391 ex
2832 2335 3081 2405 prmsenti
3116 2332 3357 2404 capitqu
3383 2333 3458 2403 (7)
3487 2332 3631 2386 haere-

2095 2436 2317 2489 ticorum
2352 2448 2525 2496 error,
2558 2432 2647 2499 qui
2682 2430 2976 2483 bonitatem
3012 2444 3041 2481 a
3071 2426 3281 2495 justitia
3321 2434 3634 2494 separantes,

2093 2525 2255 2579 alium
2286 2524 2450 2579 Deum
2481 2524 2699 2585 bonum,
2741 2524 2904 2574 alium
2954 2520 3158 2588 justum
3202 2518 3492 2571 finxerunt.
3522 2516 3637 2570 Ecce

2093 2616 2236 2669 enim
2275 2617 2326 2669 in
2368 2616 2770 2685 praesentiarum
2818 2612 2933 2681 ipse
2967 2621 3049 2666 est
3082 2612 3245 2676 Deus,
3290 2619 3352 2663 et
3395 2612 3574 2671 lienus,
3599 2615 3641 2661 et

2092 2708 2275 2775 judex,
2312 2716 2367 2761 et
2418 2706 2569 2775 juxta
2619 2706 3048 2760 misericordiam
3101 2718 3255 2757 suam
3289 2702 3641 2771 jnstitiamque

2097 2800 2402 2861 restituens,
2452 2810 2507 2852 et
2550 2798 2754 2867 pariter
2804 2798 2977 2851 bonus
3020 2796 3313 2865 juswsque
3347 2794 3641 2848 subsistens.

2098 2889 2317 2943 Frustra
2369 2890 2529 2958 igitur
2570 2888 2813 2956 iniquum
2858 2887 3050 2954 dogma
3090 2887 3435 2947 simulantes,
3475 2885 3642 2935 boauut

2097 2981 2261 3034 Deum
2292 2978 2589 3048 Evangelii,
2623 2988 2677 3033 et
2708 2979 2917 3033 Veteris
2955 2976 3287 3031 Testamenti
3314 2977 3522 3042 justum
3548 2987 3647 3027 esse

2094 3072 2391 3128 defendunt
2413 3072 2509 3141 (ὅ),
2535 3070 2659 3139 quia
2688 3080 2741 3125 et
2772 3070 2823 3123 in
2851 3069 3096 3140 plurimis
3116 3068 3239 3121 aliis
3264 3068 3423 3129 locis,
3451 3078 3504 3120 et
3527 3078 3647 3117 nunc

424 3162 771 3215 irritaverunt
804 3160 1061 3229 Spiritum
1117 3168 1362 3214 sanctum
1409 3159 1559 3228 ejus;
1601 3166 1655 3212 et
1695 3174 2059 3228 conversusc
2093 3166 2144 3217 in
2198 3164 2471 3233 prophetae
2528 3176 2809 3228 sermone,
2873 3162 3074 3229 rjudex
3132 3161 3303 3214 bonus
3335 3178 3357 3211 ι
3424 3157 3651 3213 scribitur

422 3262 507 3306 est
533 3252 612 3305 eis
639 3254 703 3305 ad
734 3251 1090 3305 inimicitiam.
1126 3251 1241 3319 Ipse
1276 3250 1568 3304 debellavit
1593 3264 1695 3304 eos
1728 3259 1779 3303 et
1814 3264 1995 3304 recor-

424 3341 581 3395 datus
620 3350 702 3395 est
745 3340 953 3395 dierum
986 3340 1353 3408 antiquorum.
1392 3340 1494 3405 Qui
1530 3340 1716 3391 eduxit
1758 3340 1823 3393 de
1855 3350 1995 3393 terra

424 3441 694 3500 pastorem
734 3431 937 3495 ovium,
982 3430 1070 3499 qui
1114 3431 1291 3499 posuit
1326 3432 1378 3484 in
1430 3431 1509 3485 eis
1555 3429 1812 3497 Spiritum
1867 3446 1995 3483 san-

426 3534 595 3585 etum,
626 3537 960 3592 congregans
988 3524 1205 3577 dextera
1238 3521 1452 3593 Moysen
1488 3521 1552 3572 δ”.
1588 3539 1607 3573 ι

496 3612 586 3665 44.
629 3610 733 3677 Qui
783 3613 1097 3681 frequenter
1149 3611 1242 3667 Dei
1298 3612 1478 3681 adepti
1536 3622 1661 3665 sunt
1702 3610 1996 3675 beneficia,

426 3702 663 3756 scientes
695 3704 864 3772 gratia
905 3703 1092 3773 magis,
1129 3712 1183 3756 et
1223 3702 1590 3757 misericordia
1638 3703 1788 3771 ejus,
1838 3719 1997 3771 quam

429 3795 664 3865 propriis
690 3811 754 3849 ex
780 3810 838 3849 se
872 3794 1038 3849 fuisse
1063 3796 1315 3865 Operibus
1343 3806 1681 3857 consecutos,
1714 3797 1867 3863 quasi
1894 3813 1999 3850 uno

430 3902 620 3943 attines
644 3902 927 3951 consensu,
966 3896 1019 3939 et
1052 3889 1233 3942 animo
1259 3889 1649 3941 concordantes
1685 3886 1997 3956 loquuntur,

432 3997 454 4033 ι
503 3980 883 4034 Misericordia:
938 3979 1149 4031 Domini
1209 3977 1524 4032 recordatus
1579 3993 1717 4032 sum.
1763 3999 1779 4031 ι
1839 3980 1998 4047 Cogi-

429 4078 608 4123 tantes
640 4070 784 4123 enim
812 4085 929 4137 quae
978 4069 1044 4122 ab
1083 4086 1145 4122 eo
1190 4068 1499 4138 frequenter
1547 4070 1597 4121 in
1637 4067 1821 4140 Moyse
1862 4073 2000 4126 dona

429 4163 787 4231 susceperint,
822 4161 1023 4230 gratias
1055 4161 1330 4225 referunt,
1366 4171 1418 4212 et
1454 4176 1572 4212 cum
1608 4162 1997 4229 misericordia,

430 4252 595 4305 etiam
646 4252 903 4304 virtutum
950 4250 1159 4302 Domini
1198 4250 1584 4316 recordantur,
1627 4257 1738 4305 sive
1786 4251 2005 4306 mirabi-

430 4343 586 4407 lium,
621 4357 742 4411 qua:
772 4343 961 4394 crebro
991 4355 1087 4408 pro
1129 4339 1206 4392 eis
1232 4337 1358 4391 fecit
1390 4337 1441 4390 in
1473 4339 1701 4407 pupulis,
1740 4341 1851 4394 sive
1878 4357 2005 4411 pro-

432 4443 667 4489 tectuunt
695 4435 885 4487 animm
910 4474 923 4498 ,
960 4433 1154 4501 quibus
1185 4447 1278 4500 per
1309 4430 1498 4499 legem,
1534 4442 1587 4484 et
1612 4435 1923 4502 prophetas,
1951 4450 2005 4493 et

436 4616 736 4685 Scripturis
772 4630 963 4671 nomen
1007 4614 1220 4667 virtutis
1252 4624 1539 4681 utrumque
1575 4615 1861 4683 significat.
1896 4619 2002 4674 Re-

504 4733 549 4763 ⁸⁸
583 4731 681 4784 lsa.
727 4746 879 4792 LXIII,
918 4730 1069 4783 7-l‘2.
1166 4730 1208 4760 ⁸⁸
1238 4728 1279 4781 ΙΙ
1319 4728 1458 4783 Tim.
1490 4745 1562 4797 tv,
1594 4730 1649 4785 8.

435 4820 519 4869 Ill,
549 4802 640 4856 25.
713 4804 757 4832 9°
795 4801 931 4855 Psal.
974 4814 1140 4862 usit,
1188 4800 1237 4853 1.

506 4916 586 4987 (5)
630 4915 743 4968 Erit
780 4912 1220 4987 opermgpretium
1254 4914 1515 4987 insignem
1556 4914 1899 4987 istumilsaia:
1932 4916 2009 4969 lo-

438 4984 574 5041 cum
599 4987 837 5039 recolere
867 4987 932 5037 ad
956 4984 1201 5053 Grzecmn
1235 4986 1529 5051 excinplar,
1561 4990 1625 5037 ad
1656 4986 1813 5053 cujus
1846 4988 2005 5040 Iidem

440 5056 691 5127 nonnulla
726 5056 1145 5127 emendavimus.
1189 5051 1295 5107 Pro
1324 5073 1342 5103 ι
1380 5054 1567 5127 Nonne
1594 5051 1822 5123 pupillus
1856 5072 2007 5111 meus

440 5124 573 5179 lilii?
624 5144 639 5175 ι
691 5135 809 5177 erat
850 5124 1073 5193 negandi
1116 5139 1295 5178 sensu.
1356 5142 1372 5175 ι
1426 5125 1539 5178 Non
1584 5127 1807 5193 pOpulus
1859 5142 2008 5180 meus

442 5195 559 5258 lilii,
608 5213 625 5243 ι
657 5206 841 5246 contra
872 5209 999 5245 mss.
1036 5193 1255 5261 Iiegime
1281 5204 1335 5247 et
1368 5194 1609 5248 Vaticani
1641 5196 1823 5249 lident.
1857 5196 2009 5249 Grae-

442 5281 538 5317 cus
569 5279 780 5331 quoque
806 5263 916 5331 Οὑχ
938 5264 965 5314 ὁ
994 5262 1117 5324 λαός
1145 5279 1267 5331 μου,
1297 5275 1405 5317 etc.

444 5334 590 5458 Du)
636 5332 799 5386 Vetus
856 5334 1041 5397 editio,
1100 5351 1119 5381 ι
1178 5345 1233 5385 et
1291 5350 1448 5401 sepsu
1504 5335 1703 5389 mundo
1760 5334 2005 5389 cernenti

491 5420 636 5455 οιιιιι.
689 5421 705 5453 ν

491 5420 636 5455 οιιιιι.
689 5421 705 5453 ν

512 5473 589 5542 (5)
632 5471 830 5524 Vitiose
860 5480 911 5523 et
939 5481 1122 5524 contra
1156 5487 1285 5526 mss.
1325 5473 1480 5526 fidem
1517 5484 1671 5526 antea
1697 5484 1815 5526 erat
1854 5492 1872 5523 ε
1903 5472 2006 5527 Do-

444 5543 666 5612 minum.
710 5560 726 5591 ι
760 5542 881 5593 llam
904 5556 1063 5610 porro
1086 5544 1316 5612 nominis
1344 5542 1503 5594 Israel
1532 5544 1874 5612 etymologia,
1894 5547 2009 5598 sive

442 5611 565 5674 νοῦς
589 5612 731 5681 ὁρῶν
763 5612 923 5675 Θεόν,
959 5611 1161 5682 Grzecis
1187 5614 1471 5682 praecipue
1501 5611 1702 5675 arrisit,
1726 5614 2007 5682 Illympio-

446 5688 575 5735 noro
628 5680 688 5734 in
750 5696 869 5748 cap.
926 5698 939 5734 ι
996 5680 1377 5745 Ecclesiaste,
1432 5682 1651 5737 Leontio
1708 5680 2009 5746 De'sectis,

447 5751 753 5822 Theophani
780 5754 1038 5805 Cerameo
1067 5751 1309 5819 aliisque.
1350 5750 1388 5804 Ε
1421 5750 1626 5807 Latinis
1671 5753 1815 5823 apud
1844 5752 2010 5822 Opta-

1726 4734 1771 4765 ”
1808 4734 1960 4790 Joan.
1994 4754 2131 4806 xvu,
2168 4742 2257 4798 il.

2102 3256 2258 3319 Deus,
2296 3264 2351 3308 et
2382 3269 2412 3309 e
2441 3254 2716 3307 contrario
2742 3254 2882 3321 quod
2928 3252 3138 3317 nolunt,
3170 3253 3221 3304 in
3256 3250 3414 3305 Pauli
3449 3248 3649 3318 apostoli

2098 3344 2331 3412 Epistola
2361 3342 2473 3415 (qui
2509 3353 2656 3397 certe
2684 3340 2818 3395 Novi
2848 3340 3176 3395 Testamenti
3217 3339 3542 3407 pmdieator
3566 3348 3652 3403 esu

2098 3438 2237 3490 Deus
2272 3435 2450 3504 justus
2500 3436 2664 3503 judex
2712 3434 2963 3488 refertur.
3021 3431 3315 3501 «Reposita
3351 3440 3439 3485 est
3474 3429 3648 3492 mihi,»

2101 3530 2291 3598 inquit,
2320 3547 2338 3580 ι
2360 3543 2557 3583 corona
2578 3528 2819 3597 justitize,
2846 3542 3007 3595 quam
3035 3527 3218 3580 reddet
3249 3525 3389 3577 mihi
3424 3522 3655 3577 Dominus

2101 3622 2153 3676 in
2190 3621 2276 3674 illa
2309 3622 2395 3675 die
2418 3620 2596 3689 justus
2628 3620 2787 3690 judex
2820 3620 2887 3673 ⁸⁵.
2918 3639 2937 3672 ι
2962 3621 3102 3674 Idem
3130 3629 3213 3673 est
3240 3633 3400 3687 ergo,
3435 3616 3550 3669 licet
3576 3629 3657 3666 nov

2101 3712 2371 3776 lint,l\'ovi
2412 3722 2465 3765 et
2499 3711 2708 3766 Veteris
2739 3712 3070 3765 Testamenti
3103 3712 3266 3773 Deus,
3300 3710 3593 3764 visibilium
3616 3714 3659 3758 ct

2102 3804 2448 3858 invisibilium
2478 3804 2743 3865 conditor,
2781 3803 3061 3857 Salvatore
3095 3804 3255 3856 etiam
3288 3802 3349 3855 in
3388 3798 3659 3869 Evangelia

2096 3896 2301 3965 justum
2337 3906 2393 3951 et
2425 3896 2623 3950 bonum
2661 3896 2874 3951 Patrem
2915 3896 3119 3966 liquido
3147 3904 3453 3947 attestante
3482 3910 3496 3947 :
3532 3911 3549 3943 ι
3574 3890 3660 3945 Pa-

2101 3996 2183 4041 ter
2224 3989 2387 4057 juste,
2430 3988 2658 4041 mundus
2714 3998 2765 4043 te
2810 4002 2912 4041 non
2970 3986 3299 4056 cognovit“.
3330 4004 3354 4037 ι
3396 3983 3464 4040 Et
3497 3985 3548 4037 in
3578 3982 3663 4034 alio

2104 4079 2220 4133 loco
2253 4096 2267 4133 :
2307 4099 2325 4130 ι
2347 4080 2513 4134 Nemo
2541 4080 2735 4146 bonus,
2772 4080 2873 4135 nisi
2906 4096 3042 4134 unus
3072 4080 3209 4134 Deus
3231 4079 3297 4131 ".
3337 4098 3360 4130 ι
3396 4078 3503 4132 Sed
3546 4085 3597 4130 et
3620 4076 3663 4127 iu

2104 4172 2271 4224 veteri
2312 4171 2427 4241 lege
2480 4173 2607 4225 alibi
2647 4172 2849 4241 justus,
2898 4173 3023 4226 alibi
3073 4174 3243 4225 bonus
3276 4171 3493 4225 dicitur
3518 4170 3659 4223 Deus.

2104 4261 2157 4315 In
2194 4262 2443 4323 Psalmis,
2492 4262 2715 4319 «Justus
2765 4264 3084 4327 Dominus,»
3139 4264 3340 4331 inquit,
3387 4271 3489 4317 «et
3534 4260 3668 4329 justi-

2108 4352 2207 4408 tias
2234 4355 2500 4408 dilexit”.
2533 4374 2551 4405 ι
2591 4356 2654 4409 Et
2680 4371 2710 4409 e
2756 4359 3032 4409 contrario
3066 4356 3117 4408 in
3159 4354 3424 4417 Jeremia,
3467 4372 3489 4405 ι
3514 4353 3669 4405 Bonus

2108 4441 2366 4497 Dominus
2396 4445 2482 4499 his
2512 4448 2599 4513 qui
2629 4448 2894 4499 sustinent
2926 4461 3046 4499 eum
3070 4444 3135 4495 ”.
3159 4463 3179 4496 ι
3216 4443 3434 4497 Rursus
3460 4444 3511 4497 in
3543 4442 3668 4494 Psal-

286 4504 700 4594 ’pr:ecepta
747 4524 862 4593 ejus
909 4523 1147 4576 salubria
1199 4522 1396 4573 eruditi
1448 4529 1589 4575 sunt.
1629 4522 1906 4593 Siquidem
1951 4530 2003 4583 in
2036 4512 2080 4567 Ῐ)
2112 4534 2213 4587 mis
2243 4552 2256 4587 :
2290 4552 2307 4584 ι
2333 4536 2502 4601 Quam
2529 4504 2707 4591 .Ilonlls
2742 4537 2883 4589 Deus
2929 4537 3112 4599 Israel,
3144 4537 3227 4590 his
3255 4536 3349 4604 qui
3385 4546 3540 4590 recto
3567 4544 3671 4587 sunt

2108 4627 2273 4680 corde
2296 4627 2362 4679 ν’.
2390 4646 2408 4679 ι
2450 4628 2515 4680 Ει
2546 4628 2657 4682 haec
2686 4630 2901 4697 quidem
2927 4644 2956 4681 c
2989 4628 3155 4681 latere
3184 4638 3382 4682 contra
3410 4626 3671 4681 haereticos

2332 4742 2568 4798 "Marc.
2607 4745 2754 4811 x,l8.
2831 4746 2875 4777 ⁸⁸
2912 4744 3051 4798 Psal.
3117 4758 3172 4808 χ,
3235 4745 3290 4796 8.
3390 4742 3442 4775 ⁸⁹
3490 4741 3671 4797 Threu.

2109 4930 2219 4974 ttnu
2250 4921 2612 4978 Milevitanum
2664 4924 2906 4978 invenias
2951 4924 3045 4978 lib.
3078 4942 3137 4987 ιι,
3172 4925 3225 4980 in
3262 4927 3393 4993 fine,
3419 4939 3477 4983 et
3510 4927 3675 4981 Hiero.

2120 5006 2337 5060 nymum
2380 5011 2595 5061 quoque
2637 5009 2702 5047 ex
2735 4996 2962 5048 aliorum
3010 5012 3193 5049 sensu.
3242 4997 3343 5063 Qui
3394 5010 3577 5051 autem
3620 5013 3673 5049 ιιι

2108 5096 2169 5134 ea
2192 5097 2340 5153 voce
2372 5068 2562 5143 Summ
2602 5088 2822 5137 extundi
2858 5087 3057 5153 possit,
3095 5088 3220 5141 alibi
3255 5089 3521 5142 diximus.

2180 5152 2257 5220 (6)
2305 5155 2475 5208 Verba
2507 5163 2603 5226 eet
2630 5158 2729 5208 hoc
2756 5152 2958 5210 faciens
2980 5174 2998 5207 ι
3026 5158 3075 5209 in
3107 5157 3320 5226 Regina:
3348 5174 3464 5212 nts.
3492 5173 3677 5224 expun-

2106 5234 2307 5300 guntur
2337 5241 2349 5276 :
2381 5242 2501 5300 niox
2530 5223 2730 5300 ﬁlatim,
2783 5244 2800 5274 ι
2830 5227 2984 5300 nobis
3033 5223 3240 5287 tribuit.
3271 5229 3406 5296 quia
3439 5243 3505 5282 ea
3542 5223 3676 5297 justa

2107 5294 2491 5363 misericordiae
2529 5296 2822 5347 bonitatem
2846 5296 3073 5363 largitus
3097 5307 3199 5349 est.
3243 5314 3261 5346 ι

2176 5362 2254 5429 (7)
2296 5361 2433 5416 IIinc
2464 5365 2681 5417 tertium
2708 5364 2903 5419 librum
2937 5361 3290 5433 auspicantur
3311 5366 3566 5421 editores
3584 5364 3680 5423 alii,

2104 5445 2203 5495 qua
2253 5435 2318 5485 de
2361 5449 2417 5485 re
2459 5450 2617 5499 supra
2660 5435 2895 5486 diximus
2942 5437 2994 5488 in
3030 5437 3244 5501 praslixa
3277 5436 3682 5489 Admonitione.

2105 5502 2384 5554 Absonum
2412 5518 2540 5555 vero
2570 5513 2653 5555 est
2679 5505 2935 5568 maxime,
2962 5506 3103 5574 quod
3131 5521 3160 5557 ει
3203 5506 3378 5558 media
3413 5505 3571 5559 Isaia:
3597 5507 3683 5558 luci

2112 5573 2454 5647 expositione
2485 5574 2807 5647 inceperim.

2180 5641 2512 5719 (.8)_.lsegin:e
2538 5642 2691 5719 liber,
2721 5661 2738 5692 ι
2770 5644 2966 5695 bonum
2992 5643 3060 5719 de
3085 5642 3405 5719 Evangelio,
3433 5652 3494 5700 et
3526 5660 3591 5700 oe
3615 5657 3689 5696 re-

2111 5711 2207 5762 ter‘
2239 5710 2603 5767 Testamento
2627 5712 2829 5767 ‘usturu
2871 5728 2991 5768 esse
3030 5710 3344 5768 defendunt.
3384 5732 3410 5765 ι
