  <div class='ocr_page' id='page_1' title='image "/cluster/home/n/w/nwhite01/storage/ocr_20150623/39/hvd.32044019207778/544.png"; bbox 0 0 3738 6364; ppageno 0'>
   <div class='ocr_carea' id='block_1_1' title="bbox 82 398 253 456">
    <p class='ocr_par' dir='ltr' id='par_1_1' title="bbox 82 398 253 456">
     <span class='ocr_line' id='line_1_1' title="bbox 82 398 253 456; baseline -0.023 0"><span class='ocrx_word' id='word_1_1' title='bbox 82 422 87 429; x_wconf 93' lang='grc'><strong>·</strong></span> <span class='ocrx_word' id='word_1_2' title='bbox 154 398 253 456; x_wconf 67' lang='grc'><strong>11173</strong></span> 
     </span>
    </p>
   </div>
   <div class='ocr_carea' id='block_1_2' title="bbox 1181 378 2151 438">
    <p class='ocr_par' dir='ltr' id='par_1_2' title="bbox 1181 378 2151 438">
     <span class='ocr_line' id='line_1_2' title="bbox 1181 378 2151 438; baseline -0.004 0"><span class='ocrx_word' id='word_1_3' title='bbox 1181 383 1384 438; x_wconf 79' lang='lat' dir='ltr'><strong>LIBER</strong></span> <span class='ocrx_word' id='word_1_4' title='bbox 1424 382 1510 438; x_wconf 77' lang='lat' dir='ltr'><strong>DE</strong></span> <span class='ocrx_word' id='word_1_5' title='bbox 1551 380 1822 437; x_wconf 80' lang='lat' dir='ltr'><strong>SPIRITU</strong></span> <span class='ocrx_word' id='word_1_6' title='bbox 1858 378 2151 435; x_wconf 75' lang='lat' dir='ltr'><strong>SANCTO.</strong></span> 
     </span>
    </p>
   </div>
   <div class='ocr_carea' id='block_1_3' title="bbox 3150 382 3293 434">
    <p class='ocr_par' dir='ltr' id='par_1_3' title="bbox 3150 382 3293 434">
     <span class='ocr_line' id='line_1_3' title="bbox 3150 382 3293 434; baseline 0 0"><span class='ocrx_word' id='word_1_7' title='bbox 3150 382 3247 434; x_wconf 78' lang='grc'><strong>107</strong></span> <span class='ocrx_word' id='word_1_8' title='bbox 3259 382 3293 434; x_wconf 69' lang='grc' dir='ltr'>ι·</span> 
     </span>
    </p>
   </div>
   <div class='ocr_carea' id='block_1_4' title="bbox 148 501 3287 581">
    <p class='ocr_par' dir='ltr' id='par_1_4' title="bbox 148 501 3287 581">
     <span class='ocr_line' id='line_1_4' title="bbox 148 501 3287 581; baseline -0.006 -3"><span class='ocrx_word' id='word_1_9' title='bbox 148 518 326 581; x_wconf 73' lang='lat' dir='ltr'><strong>strictim</strong></span> <span class='ocrx_word' id='word_1_10' title='bbox 346 511 466 567; x_wconf 79' lang='lat' dir='ltr'><strong>dicta</strong></span> <span class='ocrx_word' id='word_1_11' title='bbox 498 517 641 563; x_wconf 86' lang='lat' dir='ltr'><strong>sunt.</strong></span> <span class='ocrx_word' id='word_1_12' title='bbox 671 507 906 579; x_wconf 83' lang='lat' dir='ltr'><strong>Tempus</strong></span> <span class='ocrx_word' id='word_1_13' title='bbox 934 516 1111 562; x_wconf 90' lang='lat' dir='ltr'><strong>autem</strong></span> <span class='ocrx_word' id='word_1_14' title='bbox 1158 516 1263 571; x_wconf 88' lang='lat' dir='ltr'><strong>est,</strong></span> <span class='ocrx_word' id='word_1_15' title='bbox 1293 518 1351 560; x_wconf 88' lang='lat' dir='ltr'><strong>ut</strong></span> <span class='ocrx_word' id='word_1_16' title='bbox 1378 508 1623 575; x_wconf 83' lang='lat' dir='ltr'><strong>proposi-</strong></span> <span class='ocrx_word' id='word_1_17' title='bbox 1651 511 1696 566; x_wconf 84' lang='grc' dir='ltr'><strong>Α</strong></span> <span class='ocrx_word' id='word_1_18' title='bbox 1727 504 2244 557; x_wconf 69' lang='lat' dir='ltr'><strong>consummationem</strong></span> <span class='ocrx_word' id='word_1_19' title='bbox 2286 501 2463 557; x_wconf 68' lang='lat' dir='ltr'><strong>saeculi</strong></span> <span class='ocrx_word' id='word_1_20' title='bbox 2516 504 2680 557; x_wconf 86' lang='lat' dir='ltr'><strong>vitam</strong></span> <span class='ocrx_word' id='word_1_21' title='bbox 2721 503 2797 559; x_wconf 88' lang='lat' dir='ltr'><strong>eis</strong></span> <span class='ocrx_word' id='word_1_22' title='bbox 2850 504 3107 570; x_wconf 81' lang='lat' dir='ltr'><strong>tribuens,</strong></span> <span class='ocrx_word' id='word_1_23' title='bbox 3141 506 3287 559; x_wconf 85' lang='lat' dir='ltr'><strong>salu-</strong></span> 
     </span>
    </p>
   </div>
   <div class='ocr_carea' id='block_1_5' title="bbox 152 597 1622 677">
    <p class='ocr_par' dir='ltr' id='par_1_5' title="bbox 152 597 1622 677">
     <span class='ocr_line' id='line_1_5' title="bbox 152 597 1622 677; baseline -0.014 -8"><span class='ocrx_word' id='word_1_24' title='bbox 152 627 231 670; x_wconf 82' lang='lat' dir='ltr'><strong>tum</strong></span> <span class='ocrx_word' id='word_1_25' title='bbox 264 603 493 677; x_wconf 61' lang='lat' dir='ltr'><strong>propheta!</strong></span> <span class='ocrx_word' id='word_1_26' title='bbox 532 599 775 653; x_wconf 82' lang='lat' dir='ltr'><strong>ordinem</strong></span> <span class='ocrx_word' id='word_1_27' title='bbox 813 612 1222 668; x_wconf 82' lang='lat' dir='ltr'><strong>prosequamur,</strong></span> <span class='ocrx_word' id='word_1_28' title='bbox 1262 598 1352 665; x_wconf 85' lang='lat' dir='ltr'><strong>qui</strong></span> <span class='ocrx_word' id='word_1_29' title='bbox 1385 597 1463 650; x_wconf 57' lang='lat' dir='ltr'><strong>ita»</strong></span> <span class='ocrx_word' id='word_1_30' title='bbox 1492 611 1622 650; x_wconf 91' lang='lat' dir='ltr'><strong>con-</strong></span> 
     </span>
    </p>
   </div>
   <div class='ocr_carea' id='block_1_6' title="bbox 146 688 1621 760">
    <p class='ocr_par' dir='ltr' id='par_1_6' title="bbox 146 688 1621 760">
     <span class='ocr_line' id='line_1_6' title="bbox 146 688 1621 760; baseline -0.012 0"><span class='ocrx_word' id='word_1_31' title='bbox 146 704 332 760; x_wconf 79' lang='lat' dir='ltr'><strong>texitur:</strong></span> <span class='ocrx_word' id='word_1_32' title='bbox 358 701 444 746; x_wconf 73' lang='lat' dir='ltr'><strong>cet</strong></span> <span class='ocrx_word' id='word_1_33' title='bbox 481 689 633 757; x_wconf 80' lang='lat' dir='ltr'><strong>dixit,</strong></span> <span class='ocrx_word' id='word_1_34' title='bbox 656 708 675 738; x_wconf 76' lang='grc' dir='ltr'><strong>ι</strong></span> <span class='ocrx_word' id='word_1_35' title='bbox 718 690 857 744; x_wconf 88' lang='lat' dir='ltr'><strong>haud</strong></span> <span class='ocrx_word' id='word_1_36' title='bbox 892 690 1110 744; x_wconf 88' lang='lat' dir='ltr'><strong>dubium</strong></span> <span class='ocrx_word' id='word_1_37' title='bbox 1144 688 1271 756; x_wconf 91' lang='lat' dir='ltr'><strong>quin</strong></span> <span class='ocrx_word' id='word_1_38' title='bbox 1319 688 1573 741; x_wconf 86' lang='lat' dir='ltr'><strong>Dominus</strong></span> <span class='ocrx_word' id='word_1_39' title='bbox 1606 706 1621 742; x_wconf 88' lang='lat'><strong>:</strong></span> 
     </span>
    </p>
   </div>
   <div class='ocr_carea' id='block_1_7' title="bbox 152 780 1620 855">
    <p class='ocr_par' dir='ltr' id='par_1_7' title="bbox 152 780 1620 855">
     <span class='ocr_line' id='line_1_7' title="bbox 152 780 1620 855; baseline -0.011 -8"><span class='ocrx_word' id='word_1_40' title='bbox 152 813 167 846; x_wconf 86' lang='lat'><strong>«</strong></span> <span class='ocrx_word' id='word_1_41' title='bbox 188 794 333 847; x_wconf 81' lang='lat' dir='ltr'><strong>Nonne</strong></span> <span class='ocrx_word' id='word_1_42' title='bbox 347 782 545 855; x_wconf 88' lang='lat' dir='ltr'><strong>populus</strong></span> <span class='ocrx_word' id='word_1_43' title='bbox 566 796 715 835; x_wconf 89' lang='lat' dir='ltr'><strong>meus</strong></span> <span class='ocrx_word' id='word_1_44' title='bbox 735 781 850 846; x_wconf 84' lang='lat' dir='ltr'><strong>ﬁlii,</strong></span> <span class='ocrx_word' id='word_1_45' title='bbox 872 798 970 835; x_wconf 90' lang='lat' dir='ltr'><strong>nee</strong></span> <span class='ocrx_word' id='word_1_46' title='bbox 995 780 1487 849; x_wconf 68' lang='lat' dir='ltr'><strong>prmvaricabuntur</strong></span> <span class='ocrx_word' id='word_1_47' title='bbox 1507 780 1550 812; x_wconf 76' lang='grc'>⁹¹</span> <span class='ocrx_word' id='word_1_48' title='bbox 1565 780 1620 832; x_wconf 68' lang='grc'><strong>⁸9»</strong></span> 
     </span>
    </p>
   </div>
   <div class='ocr_carea' id='block_1_8' title="bbox 148 872 1626 942">
    <p class='ocr_par' dir='ltr' id='par_1_8' title="bbox 148 872 1626 942">
     <span class='ocr_line' id='line_1_8' title="bbox 148 872 1626 942; baseline -0.007 -6"><span class='ocrx_word' id='word_1_49' title='bbox 148 886 229 941; x_wconf 78' lang='lat' dir='ltr'><strong>Non</strong></span> <span class='ocrx_word' id='word_1_50' title='bbox 256 886 404 939; x_wconf 87' lang='lat' dir='ltr'><strong>erant,</strong></span> <span class='ocrx_word' id='word_1_51' title='bbox 442 874 628 942; x_wconf 83' lang='lat' dir='ltr'><strong>inquit,</strong></span> <span class='ocrx_word' id='word_1_52' title='bbox 663 874 868 928; x_wconf 82' lang='lat' dir='ltr'><strong>similes</strong></span> <span class='ocrx_word' id='word_1_53' title='bbox 901 874 984 927; x_wconf 86' lang='lat' dir='ltr'><strong>his</strong></span> <span class='ocrx_word' id='word_1_54' title='bbox 1019 872 1108 940; x_wconf 90' lang='lat' dir='ltr'><strong>qui</strong></span> <span class='ocrx_word' id='word_1_55' title='bbox 1156 873 1390 942; x_wconf 74' lang='lat' dir='ltr'><strong>generati</strong></span> <span class='ocrx_word' id='word_1_56' title='bbox 1421 880 1545 926; x_wconf 88' lang='lat' dir='ltr'><strong>sunt</strong></span> <span class='ocrx_word' id='word_1_57' title='bbox 1571 880 1626 926; x_wconf 89' lang='lat' dir='ltr'><strong>et</strong></span> 
     </span>
    </p>
   </div>
   <div class='ocr_carea' id='block_1_9' title="bbox 147 961 1627 1033">
    <p class='ocr_par' dir='ltr' id='par_1_9' title="bbox 147 961 1627 1033">
     <span class='ocr_line' id='line_1_9' title="bbox 147 961 1627 1033; baseline -0.009 -6"><span class='ocrx_word' id='word_1_58' title='bbox 147 969 329 1033; x_wconf 77' lang='lat' dir='ltr'><strong>exaltati,</strong></span> <span class='ocrx_word' id='word_1_59' title='bbox 372 972 419 1019; x_wconf 90' lang='lat' dir='ltr'><strong>et</strong></span> <span class='ocrx_word' id='word_1_60' title='bbox 456 977 572 1016; x_wconf 89' lang='lat' dir='ltr'><strong>eum</strong></span> <span class='ocrx_word' id='word_1_61' title='bbox 617 963 705 1031; x_wconf 90' lang='lat' dir='ltr'><strong>qui</strong></span> <span class='ocrx_word' id='word_1_62' title='bbox 755 963 939 1032; x_wconf 81' lang='lat' dir='ltr'><strong>genuit</strong></span> <span class='ocrx_word' id='word_1_63' title='bbox 987 962 1127 1025; x_wconf 84' lang='lat' dir='ltr'><strong>illos,</strong></span> <span class='ocrx_word' id='word_1_64' title='bbox 1174 963 1486 1029; x_wconf 82' lang='lat' dir='ltr'><strong>despexere.</strong></span> <span class='ocrx_word' id='word_1_65' title='bbox 1520 979 1538 1012; x_wconf 90' lang='lat'><strong>«</strong></span> <span class='ocrx_word' id='word_1_66' title='bbox 1565 961 1627 1014; x_wconf 91' lang='lat' dir='ltr'><strong>Et</strong></span> 
     </span>
    </p>
   </div>
   <div class='ocr_carea' id='block_1_10' title="bbox 144 1050 1627 1118">
    <p class='ocr_par' dir='ltr' id='par_1_10' title="bbox 144 1050 1627 1118">
     <span class='ocr_line' id='line_1_10' title="bbox 144 1050 1627 1118; baseline -0.019 1"><span class='ocrx_word' id='word_1_67' title='bbox 144 1065 274 1118; x_wconf 77' lang='lat' dir='ltr'><strong>Iactus</strong></span> <span class='ocrx_word' id='word_1_68' title='bbox 296 1065 364 1110; x_wconf 88' lang='lat' dir='ltr'><strong>est</strong></span> <span class='ocrx_word' id='word_1_69' title='bbox 392 1053 462 1107; x_wconf 89' lang='lat' dir='ltr'><strong>eis</strong></span> <span class='ocrx_word' id='word_1_70' title='bbox 489 1051 538 1104; x_wconf 87' lang='lat' dir='ltr'><strong>in</strong></span> <span class='ocrx_word' id='word_1_71' title='bbox 574 1053 797 1105; x_wconf 85' lang='lat' dir='ltr'><strong>salutem</strong></span> <span class='ocrx_word' id='word_1_72' title='bbox 822 1052 889 1113; x_wconf 83' lang='lat'><strong>&quot;,</strong></span> <span class='ocrx_word' id='word_1_73' title='bbox 932 1070 948 1101; x_wconf 77' lang='grc' dir='ltr'><strong>ι</strong></span> <span class='ocrx_word' id='word_1_74' title='bbox 975 1052 1024 1104; x_wconf 92' lang='lat' dir='ltr'><strong>id</strong></span> <span class='ocrx_word' id='word_1_75' title='bbox 1064 1060 1148 1105; x_wconf 89' lang='lat' dir='ltr'><strong>est</strong></span> <span class='ocrx_word' id='word_1_76' title='bbox 1179 1050 1283 1103; x_wconf 88' lang='lat' dir='ltr'><strong>illis</strong></span> <span class='ocrx_word' id='word_1_77' title='bbox 1324 1050 1388 1102; x_wconf 91' lang='lat' dir='ltr'><strong>de</strong></span> <span class='ocrx_word' id='word_1_78' title='bbox 1435 1050 1627 1117; x_wconf 71' lang='lat' dir='ltr'><strong>quibus</strong></span> 
     </span>
    </p>
   </div>
   <div class='ocr_carea' id='block_1_11' title="bbox 146 1141 1627 1211">
    <p class='ocr_par' dir='ltr' id='par_1_11' title="bbox 146 1141 1627 1211">
     <span class='ocr_line' id='line_1_11' title="bbox 146 1141 1627 1211; baseline -0.008 -6"><span class='ocrx_word' id='word_1_79' title='bbox 146 1151 343 1210; x_wconf 85' lang='lat' dir='ltr'><strong>Dominus</strong></span> <span class='ocrx_word' id='word_1_80' title='bbox 382 1144 481 1198; x_wconf 89' lang='lat' dir='ltr'><strong>ait:</strong></span> <span class='ocrx_word' id='word_1_81' title='bbox 514 1142 744 1195; x_wconf 86' lang='lat' dir='ltr'><strong>«Nonne</strong></span> <span class='ocrx_word' id='word_1_82' title='bbox 791 1141 1017 1211; x_wconf 88' lang='lat' dir='ltr'><strong>populus</strong></span> <span class='ocrx_word' id='word_1_83' title='bbox 1069 1156 1219 1195; x_wconf 89' lang='lat' dir='ltr'><strong>meus</strong></span> <span class='ocrx_word' id='word_1_84' title='bbox 1267 1141 1383 1205; x_wconf 89' lang='lat' dir='ltr'><strong>lilii,</strong></span> <span class='ocrx_word' id='word_1_85' title='bbox 1432 1149 1487 1194; x_wconf 88' lang='lat' dir='ltr'><strong>et</strong></span> <span class='ocrx_word' id='word_1_86' title='bbox 1523 1154 1627 1194; x_wconf 85' lang='lat' dir='ltr'><strong>non</strong></span> 
     </span>
    </p>
   </div>
   <div class='ocr_carea' id='block_1_12' title="bbox 142 1233 1626 1315">
    <p class='ocr_par' dir='ltr' id='par_1_12' title="bbox 142 1233 1626 1315">
     <span class='ocr_line' id='line_1_12' title="bbox 142 1233 1626 1315; baseline -0.008 -19"><span class='ocrx_word' id='word_1_87' title='bbox 142 1234 592 1315; x_wconf 71' lang='lat' dir='ltr'><strong>praevaricabuntur?</strong></span> <span class='ocrx_word' id='word_1_88' title='bbox 615 1253 632 1286; x_wconf 76' lang='grc' dir='ltr'><strong>ι</strong></span> <span class='ocrx_word' id='word_1_89' title='bbox 670 1233 782 1288; x_wconf 84' lang='lat' dir='ltr'><strong>lloc</strong></span> <span class='ocrx_word' id='word_1_90' title='bbox 816 1235 960 1286; x_wconf 89' lang='lat' dir='ltr'><strong>enim</strong></span> <span class='ocrx_word' id='word_1_91' title='bbox 990 1234 1162 1302; x_wconf 92' lang='lat' dir='ltr'><strong>ipsum</strong></span> <span class='ocrx_word' id='word_1_92' title='bbox 1188 1234 1327 1301; x_wconf 92' lang='lat' dir='ltr'><strong>quod</strong></span> <span class='ocrx_word' id='word_1_93' title='bbox 1353 1247 1455 1285; x_wconf 93' lang='lat' dir='ltr'><strong>non</strong></span> <span class='ocrx_word' id='word_1_94' title='bbox 1489 1246 1626 1301; x_wconf 71' lang='lat' dir='ltr'><strong>prte-</strong></span> 
     </span>
    </p>
   </div>
   <div class='ocr_carea' id='block_1_13' title="bbox 141 1322 1627 1393">
    <p class='ocr_par' dir='ltr' id='par_1_13' title="bbox 141 1322 1627 1393">
     <span class='ocr_line' id='line_1_13' title="bbox 141 1322 1627 1393; baseline -0.007 -6"><span class='ocrx_word' id='word_1_95' title='bbox 141 1329 314 1387; x_wconf 83' lang='lat' dir='ltr'><strong>varicati</strong></span> <span class='ocrx_word' id='word_1_96' title='bbox 360 1334 490 1390; x_wconf 91' lang='lat' dir='ltr'><strong>sunt,</strong></span> <span class='ocrx_word' id='word_1_97' title='bbox 539 1339 636 1378; x_wconf 90' lang='lat' dir='ltr'><strong>nec</strong></span> <span class='ocrx_word' id='word_1_98' title='bbox 684 1332 1005 1393; x_wconf 85' lang='lat' dir='ltr'><strong>spreverunt</strong></span> <span class='ocrx_word' id='word_1_99' title='bbox 1042 1322 1282 1386; x_wconf 82' lang='lat' dir='ltr'><strong>Patrem,</strong></span> <span class='ocrx_word' id='word_1_100' title='bbox 1330 1322 1411 1377; x_wconf 90' lang='lat' dir='ltr'><strong>eis</strong></span> <span class='ocrx_word' id='word_1_101' title='bbox 1456 1323 1627 1377; x_wconf 78' lang='lat' dir='ltr'><strong>lactus</strong></span> 
     </span>
    </p>
   </div>
   <div class='ocr_carea' id='block_1_14' title="bbox 141 1412 1631 1482">
    <p class='ocr_par' dir='ltr' id='par_1_14' title="bbox 141 1412 1631 1482">
     <span class='ocr_line' id='line_1_14' title="bbox 141 1412 1631 1482; baseline -0.006 -7"><span class='ocrx_word' id='word_1_102' title='bbox 141 1421 265 1475; x_wconf 85' lang='lat' dir='ltr'><strong>estin</strong></span> <span class='ocrx_word' id='word_1_103' title='bbox 287 1416 485 1473; x_wconf 80' lang='lat' dir='ltr'><strong>salutem</strong></span> <span class='ocrx_word' id='word_1_104' title='bbox 519 1431 533 1467; x_wconf 90' lang='lat'><strong>:</strong></span> <span class='ocrx_word' id='word_1_105' title='bbox 566 1413 646 1467; x_wconf 89' lang='lat' dir='ltr'><strong>vel</strong></span> <span class='ocrx_word' id='word_1_106' title='bbox 681 1415 749 1467; x_wconf 92' lang='lat' dir='ltr'><strong>ob</strong></span> <span class='ocrx_word' id='word_1_107' title='bbox 786 1413 1017 1482; x_wconf 91' lang='lat' dir='ltr'><strong>idipsum</strong></span> <span class='ocrx_word' id='word_1_108' title='bbox 1053 1413 1195 1481; x_wconf 91' lang='lat' dir='ltr'><strong>quod</strong></span> <span class='ocrx_word' id='word_1_109' title='bbox 1226 1412 1475 1481; x_wconf 81' lang='lat' dir='ltr'><strong>appellati</strong></span> <span class='ocrx_word' id='word_1_110' title='bbox 1504 1422 1631 1466; x_wconf 91' lang='lat' dir='ltr'><strong>sunt</strong></span> 
     </span>
    </p>
   </div>
   <div class='ocr_carea' id='block_1_15' title="bbox 142 1504 1629 1576">
    <p class='ocr_par' dir='ltr' id='par_1_15' title="bbox 142 1504 1629 1576">
     <span class='ocr_line' id='line_1_15' title="bbox 142 1504 1629 1576; baseline -0.007 -10"><span class='ocrx_word' id='word_1_111' title='bbox 142 1514 226 1576; x_wconf 87' lang='lat' dir='ltr'><strong>lilii,</strong></span> <span class='ocrx_word' id='word_1_112' title='bbox 267 1522 403 1564; x_wconf 87' lang='lat' dir='ltr'><strong>causa</strong></span> <span class='ocrx_word' id='word_1_113' title='bbox 451 1506 530 1559; x_wconf 89' lang='lat' dir='ltr'><strong>eis</strong></span> <span class='ocrx_word' id='word_1_114' title='bbox 576 1505 763 1559; x_wconf 84' lang='lat' dir='ltr'><strong>salutis</strong></span> <span class='ocrx_word' id='word_1_115' title='bbox 805 1504 1028 1559; x_wconf 78' lang='lat' dir='ltr'><strong>elfectus</strong></span> <span class='ocrx_word' id='word_1_116' title='bbox 1085 1514 1185 1558; x_wconf 90' lang='lat' dir='ltr'><strong>est.</strong></span> <span class='ocrx_word' id='word_1_117' title='bbox 1239 1505 1367 1569; x_wconf 70' lang='lat' dir='ltr'><strong>Qure</strong></span> <span class='ocrx_word' id='word_1_118' title='bbox 1410 1504 1555 1558; x_wconf 88' lang='lat' dir='ltr'><strong>salus</strong></span> <span class='ocrx_word' id='word_1_119' title='bbox 1599 1518 1629 1556; x_wconf 90' lang='lat' dir='ltr'><strong>a</strong></span> 
     </span>
    </p>
   </div>
   <div class='ocr_carea' id='block_1_16' title="bbox 141 1595 1631 1663">
    <p class='ocr_par' dir='ltr' id='par_1_16' title="bbox 141 1595 1631 1663">
     <span class='ocr_line' id='line_1_16' title="bbox 141 1595 1631 1663; baseline -0.009 -5"><span class='ocrx_word' id='word_1_120' title='bbox 141 1603 305 1658; x_wconf 81' lang='lat' dir='ltr'><strong>Christo</strong></span> <span class='ocrx_word' id='word_1_121' title='bbox 328 1597 536 1650; x_wconf 84' lang='lat' dir='ltr'><strong>Domino</strong></span> <span class='ocrx_word' id='word_1_122' title='bbox 579 1596 903 1659; x_wconf 88' lang='lat' dir='ltr'><strong>contributa,</strong></span> <span class='ocrx_word' id='word_1_123' title='bbox 953 1595 1126 1659; x_wconf 77' lang='lat' dir='ltr'><strong>angeli</strong></span> <span class='ocrx_word' id='word_1_124' title='bbox 1176 1609 1387 1663; x_wconf 89' lang='lat' dir='ltr'><strong>quoque</strong></span> <span class='ocrx_word' id='word_1_125' title='bbox 1419 1596 1483 1647; x_wconf 88' lang='lat' dir='ltr'><strong>ad</strong></span> <span class='ocrx_word' id='word_1_126' title='bbox 1534 1608 1631 1663; x_wconf 86' lang='lat' dir='ltr'><strong>pa—</strong></span> 
     </span>
    </p>
   </div>
   <div class='ocr_carea' id='block_1_17' title="bbox 138 1687 1631 1755">
    <p class='ocr_par' dir='ltr' id='par_1_17' title="bbox 138 1687 1631 1755">
     <span class='ocr_line' id='line_1_17' title="bbox 138 1687 1631 1755; baseline -0.005 -8"><span class='ocrx_word' id='word_1_127' title='bbox 138 1705 270 1749; x_wconf 84' lang='lat' dir='ltr'><strong>stores</strong></span> <span class='ocrx_word' id='word_1_128' title='bbox 311 1703 429 1742; x_wconf 85' lang='lat' dir='ltr'><strong>voce</strong></span> <span class='ocrx_word' id='word_1_129' title='bbox 470 1687 747 1749; x_wconf 81' lang='lat' dir='ltr'><strong>ﬁrmatur,</strong></span> <span class='ocrx_word' id='word_1_130' title='bbox 788 1687 1013 1741; x_wconf 89' lang='lat' dir='ltr'><strong>dicentis</strong></span> <span class='ocrx_word' id='word_1_131' title='bbox 1047 1704 1061 1739; x_wconf 90' lang='lat'><strong>:</strong></span> <span class='ocrx_word' id='word_1_132' title='bbox 1101 1705 1118 1736; x_wconf 89' lang='lat'><strong>«</strong></span> <span class='ocrx_word' id='word_1_133' title='bbox 1147 1687 1282 1741; x_wconf 79' lang='lat' dir='ltr'><strong>Ecce</strong></span> <span class='ocrx_word' id='word_1_134' title='bbox 1324 1687 1631 1755; x_wconf 83' lang='lat' dir='ltr'><strong>evangelizo</strong></span> 
     </span>
    </p>
   </div>
   <div class='ocr_carea' id='block_1_18' title="bbox 139 1777 1629 1854">
    <p class='ocr_par' dir='ltr' id='par_1_18' title="bbox 139 1777 1629 1854">
     <span class='ocr_line' id='line_1_18' title="bbox 139 1777 1629 1854; baseline -0.003 -19"><span class='ocrx_word' id='word_1_135' title='bbox 139 1782 252 1835; x_wconf 80' lang='lat' dir='ltr'><strong>vobis</strong></span> <span class='ocrx_word' id='word_1_136' title='bbox 286 1778 512 1849; x_wconf 77' lang='lat' dir='ltr'><strong>gaudium</strong></span> <span class='ocrx_word' id='word_1_137' title='bbox 565 1792 837 1846; x_wconf 88' lang='lat' dir='ltr'><strong>magnum,</strong></span> <span class='ocrx_word' id='word_1_138' title='bbox 884 1777 1025 1845; x_wconf 88' lang='lat' dir='ltr'><strong>quod</strong></span> <span class='ocrx_word' id='word_1_139' title='bbox 1069 1778 1173 1831; x_wconf 86' lang='lat' dir='ltr'><strong>erit</strong></span> <span class='ocrx_word' id='word_1_140' title='bbox 1219 1778 1365 1832; x_wconf 93' lang='lat' dir='ltr'><strong>omni</strong></span> <span class='ocrx_word' id='word_1_141' title='bbox 1408 1779 1629 1854; x_wconf 87' lang='lat' dir='ltr'><strong>populo;</strong></span> 
     </span>
    </p>
   </div>
   <div class='ocr_carea' id='block_1_19' title="bbox 135 1868 1636 1941">
    <p class='ocr_par' dir='ltr' id='par_1_19' title="bbox 135 1868 1636 1941">
     <span class='ocr_line' id='line_1_19' title="bbox 135 1868 1636 1941; baseline -0.002 -17"><span class='ocrx_word' id='word_1_142' title='bbox 135 1873 229 1941; x_wconf 84' lang='lat' dir='ltr'><strong>quia</strong></span> <span class='ocrx_word' id='word_1_143' title='bbox 264 1880 400 1923; x_wconf 85' lang='lat' dir='ltr'><strong>natus</strong></span> <span class='ocrx_word' id='word_1_144' title='bbox 452 1879 534 1922; x_wconf 89' lang='lat' dir='ltr'><strong>est</strong></span> <span class='ocrx_word' id='word_1_145' title='bbox 584 1868 734 1923; x_wconf 86' lang='lat' dir='ltr'><strong>vobis</strong></span> <span class='ocrx_word' id='word_1_146' title='bbox 775 1868 850 1936; x_wconf 90' lang='lat'><strong>(9)</strong></span> <span class='ocrx_word' id='word_1_147' title='bbox 890 1869 1048 1923; x_wconf 82' lang='lat' dir='ltr'><strong>hodie</strong></span> <span class='ocrx_word' id='word_1_148' title='bbox 1098 1868 1365 1933; x_wconf 81' lang='lat' dir='ltr'><strong>Salvator,</strong></span> <span class='ocrx_word' id='word_1_149' title='bbox 1422 1869 1511 1936; x_wconf 92' lang='lat' dir='ltr'><strong>qui</strong></span> <span class='ocrx_word' id='word_1_150' title='bbox 1554 1878 1636 1923; x_wconf 80' lang='lat' dir='ltr'><strong>est</strong></span> 
     </span>
    </p>
   </div>
   <div class='ocr_carea' id='block_1_20' title="bbox 137 1961 1636 2029">
    <p class='ocr_par' dir='ltr' id='par_1_20' title="bbox 137 1961 1636 2029">
     <span class='ocr_line' id='line_1_20' title="bbox 137 1961 1636 2029; baseline -0.003 -10"><span class='ocrx_word' id='word_1_151' title='bbox 137 1964 329 2019; x_wconf 74' lang='lat' dir='ltr'><strong>Christus</strong></span> <span class='ocrx_word' id='word_1_152' title='bbox 361 1963 629 2027; x_wconf 89' lang='lat' dir='ltr'><strong>Dominus,</strong></span> <span class='ocrx_word' id='word_1_153' title='bbox 669 1963 720 2015; x_wconf 93' lang='lat' dir='ltr'><strong>in</strong></span> <span class='ocrx_word' id='word_1_154' title='bbox 749 1961 965 2015; x_wconf 85' lang='lat' dir='ltr'><strong>civuate</strong></span> <span class='ocrx_word' id='word_1_155' title='bbox 989 1962 1153 2015; x_wconf 80' lang='lat' dir='ltr'><strong>David</strong></span> <span class='ocrx_word' id='word_1_156' title='bbox 1177 1962 1275 2015; x_wconf 75' lang='lat' dir='ltr'><strong>&quot;.t</strong></span> <span class='ocrx_word' id='word_1_157' title='bbox 1317 1961 1432 2029; x_wconf 88' lang='lat' dir='ltr'><strong>ipse</strong></span> <span class='ocrx_word' id='word_1_158' title='bbox 1466 1961 1636 2015; x_wconf 79' lang='lat' dir='ltr'><strong>factus</strong></span> 
     </span>
    </p>
   </div>
   <div class='ocr_carea' id='block_1_21' title="bbox 133 2053 1638 2121">
    <p class='ocr_par' dir='ltr' id='par_1_21' title="bbox 133 2053 1638 2121">
     <span class='ocr_line' id='line_1_21' title="bbox 133 2053 1638 2121; baseline -0.001 -12"><span class='ocrx_word' id='word_1_159' title='bbox 133 2064 193 2109; x_wconf 88' lang='lat' dir='ltr'><strong>est</strong></span> <span class='ocrx_word' id='word_1_160' title='bbox 214 2055 411 2115; x_wconf 87' lang='lat' dir='ltr'><strong>cunctis,</strong></span> <span class='ocrx_word' id='word_1_161' title='bbox 465 2054 557 2121; x_wconf 99' lang='grc' dir='ltr'><strong>(ιυί</strong></span> <span class='ocrx_word' id='word_1_162' title='bbox 608 2053 660 2105; x_wconf 92' lang='lat' dir='ltr'><strong>in</strong></span> <span class='ocrx_word' id='word_1_163' title='bbox 712 2068 832 2107; x_wconf 89' lang='lat' dir='ltr'><strong>eum</strong></span> <span class='ocrx_word' id='word_1_164' title='bbox 884 2054 1130 2119; x_wconf 85' lang='lat' dir='ltr'><strong>credunt,</strong></span> <span class='ocrx_word' id='word_1_165' title='bbox 1184 2055 1399 2109; x_wconf 86' lang='lat' dir='ltr'><strong>occasio</strong></span> <span class='ocrx_word' id='word_1_166' title='bbox 1447 2054 1638 2108; x_wconf 87' lang='lat' dir='ltr'><strong>salutis</strong></span> 
     </span>
    </p>
   </div>
   <div class='ocr_carea' id='block_1_22' title="bbox 133 2144 1638 2215">
    <p class='ocr_par' dir='ltr' id='par_1_22' title="bbox 133 2144 1638 2215">
     <span class='ocr_line' id='line_1_22' title="bbox 133 2144 1638 2215; baseline 0.001 -18"><span class='ocrx_word' id='word_1_167' title='bbox 133 2154 319 2208; x_wconf 62' lang='lat' dir='ltr'><strong>attentas,</strong></span> <span class='ocrx_word' id='word_1_168' title='bbox 349 2153 398 2197; x_wconf 89' lang='lat' dir='ltr'><strong>et</strong></span> <span class='ocrx_word' id='word_1_169' title='bbox 426 2144 539 2213; x_wconf 88' lang='lat' dir='ltr'><strong>ipse</strong></span> <span class='ocrx_word' id='word_1_170' title='bbox 570 2154 653 2199; x_wconf 89' lang='lat' dir='ltr'><strong>est</strong></span> <span class='ocrx_word' id='word_1_171' title='bbox 688 2144 936 2200; x_wconf 86' lang='lat' dir='ltr'><strong>Salvator</strong></span> <span class='ocrx_word' id='word_1_172' title='bbox 962 2147 1167 2212; x_wconf 88' lang='lat' dir='ltr'><strong>mundi,</strong></span> <span class='ocrx_word' id='word_1_173' title='bbox 1201 2146 1290 2215; x_wconf 87' lang='lat' dir='ltr'><strong>qui</strong></span> <span class='ocrx_word' id='word_1_174' title='bbox 1322 2147 1463 2199; x_wconf 84' lang='lat' dir='ltr'><strong>venit</strong></span> <span class='ocrx_word' id='word_1_175' title='bbox 1492 2161 1638 2214; x_wconf 68' lang='lat' dir='ltr'><strong>quie-</strong></span> 
     </span>
    </p>
   </div>
   <div class='ocr_carea' id='block_1_23' title="bbox 131 2235 1637 2306">
    <p class='ocr_par' dir='ltr' id='par_1_23' title="bbox 131 2235 1637 2306">
     <span class='ocr_line' id='line_1_23' title="bbox 131 2235 1637 2306; baseline -0.001 -16"><span class='ocrx_word' id='word_1_176' title='bbox 131 2251 219 2291; x_wconf 83' lang='lat' dir='ltr'><strong>rere</strong></span> <span class='ocrx_word' id='word_1_177' title='bbox 244 2235 366 2305; x_wconf 91' lang='lat' dir='ltr'><strong>quod</strong></span> <span class='ocrx_word' id='word_1_178' title='bbox 397 2237 649 2303; x_wconf 87' lang='lat' dir='ltr'><strong>perierat.</strong></span> <span class='ocrx_word' id='word_1_179' title='bbox 684 2236 749 2291; x_wconf 88' lang='lat' dir='ltr'><strong>Et</strong></span> <span class='ocrx_word' id='word_1_180' title='bbox 785 2237 895 2306; x_wconf 87' lang='lat' dir='ltr'><strong>ipse</strong></span> <span class='ocrx_word' id='word_1_181' title='bbox 922 2246 1023 2301; x_wconf 87' lang='lat' dir='ltr'><strong>est,</strong></span> <span class='ocrx_word' id='word_1_182' title='bbox 1059 2237 1124 2289; x_wconf 91' lang='lat' dir='ltr'><strong>de</strong></span> <span class='ocrx_word' id='word_1_183' title='bbox 1160 2246 1264 2305; x_wconf 82' lang='lat' dir='ltr'><strong>quo</strong></span> <span class='ocrx_word' id='word_1_184' title='bbox 1288 2237 1485 2291; x_wconf 90' lang='lat' dir='ltr'><strong>chorus</strong></span> <span class='ocrx_word' id='word_1_185' title='bbox 1506 2236 1637 2289; x_wconf 78' lang='lat' dir='ltr'><strong>&#39;san-</strong></span> 
     </span>
    </p>
   </div>
   <div class='ocr_carea' id='block_1_24' title="bbox 130 2323 1632 2395">
    <p class='ocr_par' dir='ltr' id='par_1_24' title="bbox 130 2323 1632 2395">
     <span class='ocr_line' id='line_1_24' title="bbox 130 2323 1632 2395; baseline -0.001 -17"><span class='ocrx_word' id='word_1_186' title='bbox 130 2335 292 2378; x_wconf 89' lang='lat' dir='ltr'><strong>ctorum</strong></span> <span class='ocrx_word' id='word_1_187' title='bbox 324 2324 461 2377; x_wconf 83' lang='lat' dir='ltr'><strong>canit</strong></span> <span class='ocrx_word' id='word_1_188' title='bbox 482 2323 530 2354; x_wconf 69' lang='lat'><strong>&quot;’</strong></span> <span class='ocrx_word' id='word_1_189' title='bbox 560 2341 575 2378; x_wconf 70' lang='grc' dir='ltr'><strong>ι</strong></span> <span class='ocrx_word' id='word_1_190' title='bbox 606 2342 625 2375; x_wconf 85' lang='lat'><strong>«</strong></span> <span class='ocrx_word' id='word_1_191' title='bbox 653 2326 791 2379; x_wconf 88' lang='lat' dir='ltr'><strong>Deus</strong></span> <span class='ocrx_word' id='word_1_192' title='bbox 824 2334 1028 2389; x_wconf 83' lang='lat' dir='ltr'><strong>uoster,</strong></span> <span class='ocrx_word' id='word_1_193' title='bbox 1050 2325 1188 2379; x_wconf 89' lang='lat' dir='ltr'><strong>Deus</strong></span> <span class='ocrx_word' id='word_1_194' title='bbox 1210 2324 1449 2389; x_wconf 75' lang='lat' dir='ltr'><strong>salvandi</strong></span> <span class='ocrx_word' id='word_1_195' title='bbox 1468 2323 1632 2395; x_wconf 78' lang='grc'><strong>(10).)</strong></span> 
     </span>
    </p>
   </div>
   <div class='ocr_carea' id='block_1_25' title="bbox 178 2414 1640 2485">
    <p class='ocr_par' dir='ltr' id='par_1_25' title="bbox 178 2414 1640 2485">
     <span class='ocr_line' id='line_1_25' title="bbox 178 2414 1640 2485; baseline 0.001 -18"><span class='ocrx_word' id='word_1_196' title='bbox 178 2414 248 2468; x_wconf 76' lang='grc'><strong>46.</strong></span> <span class='ocrx_word' id='word_1_197' title='bbox 286 2414 407 2481; x_wconf 87' lang='lat' dir='ltr'><strong>Quia</strong></span> <span class='ocrx_word' id='word_1_198' title='bbox 448 2414 617 2483; x_wconf 80' lang='lat' dir='ltr'><strong>igitur</strong></span> <span class='ocrx_word' id='word_1_199' title='bbox 649 2414 787 2469; x_wconf 89' lang='lat' dir='ltr'><strong>Deus</strong></span> <span class='ocrx_word' id='word_1_200' title='bbox 818 2423 956 2479; x_wconf 86' lang='lat' dir='ltr'><strong>erat,</strong></span> <span class='ocrx_word' id='word_1_201' title='bbox 982 2416 1072 2485; x_wconf 90' lang='lat' dir='ltr'><strong>qui</strong></span> <span class='ocrx_word' id='word_1_202' title='bbox 1110 2415 1337 2469; x_wconf 75' lang='lat' dir='ltr'><strong>salutem</strong></span> <span class='ocrx_word' id='word_1_203' title='bbox 1369 2416 1640 2485; x_wconf 60' lang='lat' dir='ltr'><strong>praebebat</strong></span> 
     </span>
    </p>
   </div>
   <div class='ocr_carea' id='block_1_26' title="bbox 127 2503 1634 2577">
    <p class='ocr_par' dir='ltr' id='par_1_26' title="bbox 127 2503 1634 2577">
     <span class='ocr_line' id='line_1_26' title="bbox 127 2503 1634 2577; baseline -0.001 -17"><span class='ocrx_word' id='word_1_204' title='bbox 127 2516 352 2570; x_wconf 67' lang='lat' dir='ltr'><strong>aeternam,</strong></span> <span class='ocrx_word' id='word_1_205' title='bbox 382 2506 581 2561; x_wconf 88' lang='lat' dir='ltr'><strong>dictum</strong></span> <span class='ocrx_word' id='word_1_206' title='bbox 609 2516 709 2571; x_wconf 90' lang='lat' dir='ltr'><strong>est,</strong></span> <span class='ocrx_word' id='word_1_207' title='bbox 736 2524 754 2557; x_wconf 91' lang='lat'><strong>«</strong></span> <span class='ocrx_word' id='word_1_208' title='bbox 782 2503 898 2561; x_wconf 81' lang='lat' dir='ltr'><strong>Non</strong></span> <span class='ocrx_word' id='word_1_209' title='bbox 924 2508 1153 2577; x_wconf 80' lang='lat' dir='ltr'><strong>legatus,</strong></span> <span class='ocrx_word' id='word_1_210' title='bbox 1171 2521 1343 2575; x_wconf 89' lang='lat' dir='ltr'><strong>neque</strong></span> <span class='ocrx_word' id='word_1_211' title='bbox 1362 2507 1634 2574; x_wconf 66' lang='lat' dir='ltr'><strong>angelus,»</strong></span> 
     </span>
    </p>
   </div>
   <div class='ocr_carea' id='block_1_27' title="bbox 126 2586 1641 2669">
    <p class='ocr_par' dir='ltr' id='par_1_27' title="bbox 126 2586 1641 2669">
     <span class='ocr_line' id='line_1_27' title="bbox 126 2586 1641 2669; baseline 0.003 -20"><span class='ocrx_word' id='word_1_212' title='bbox 126 2598 255 2651; x_wconf 87' lang='lat' dir='ltr'><strong>idest</strong></span> <span class='ocrx_word' id='word_1_213' title='bbox 283 2613 375 2651; x_wconf 90' lang='lat' dir='ltr'><strong>non</strong></span> <span class='ocrx_word' id='word_1_214' title='bbox 409 2598 692 2667; x_wconf 85' lang='lat' dir='ltr'><strong>propheta,</strong></span> <span class='ocrx_word' id='word_1_215' title='bbox 722 2614 825 2652; x_wconf 87' lang='lat' dir='ltr'><strong>non</strong></span> <span class='ocrx_word' id='word_1_216' title='bbox 861 2586 1188 2668; x_wconf 82' lang='lat' dir='ltr'><strong>patriarcha,</strong></span> <span class='ocrx_word' id='word_1_217' title='bbox 1228 2615 1331 2653; x_wconf 93' lang='lat' dir='ltr'><strong>non</strong></span> <span class='ocrx_word' id='word_1_218' title='bbox 1369 2599 1641 2669; x_wconf 84' lang='lat' dir='ltr'><strong>legislator</strong></span> 
     </span>
    </p>
   </div>
   <div class='ocr_carea' id='block_1_28' title="bbox 124 2687 1637 2759">
    <p class='ocr_par' dir='ltr' id='par_1_28' title="bbox 124 2687 1637 2759">
     <span class='ocr_line' id='line_1_28' title="bbox 124 2687 1637 2759; baseline 0 -18"><span class='ocrx_word' id='word_1_219' title='bbox 124 2687 289 2758; x_wconf 70' lang='lat' dir='ltr'><strong>Moyses</strong></span> <span class='ocrx_word' id='word_1_220' title='bbox 324 2689 551 2742; x_wconf 86' lang='lat' dir='ltr'><strong>salvavit</strong></span> <span class='ocrx_word' id='word_1_221' title='bbox 582 2704 696 2743; x_wconf 88' lang='lat' dir='ltr'><strong>eos.</strong></span> <span class='ocrx_word' id='word_1_222' title='bbox 728 2688 927 2744; x_wconf 85' lang='lat' dir='ltr'><strong>Omnes</strong></span> <span class='ocrx_word' id='word_1_223' title='bbox 976 2691 1119 2744; x_wconf 92' lang='lat' dir='ltr'><strong>enim</strong></span> <span class='ocrx_word' id='word_1_224' title='bbox 1164 2704 1298 2759; x_wconf 90' lang='lat' dir='ltr'><strong>quos</strong></span> <span class='ocrx_word' id='word_1_225' title='bbox 1344 2690 1637 2755; x_wconf 86' lang='lat' dir='ltr'><strong>nominavi,</strong></span> 
     </span>
    </p>
   </div>
   <div class='ocr_carea' id='block_1_29' title="bbox 123 2781 1637 2853">
    <p class='ocr_par' dir='ltr' id='par_1_29' title="bbox 123 2781 1637 2853">
     <span class='ocr_line' id='line_1_29' title="bbox 123 2781 1637 2853; baseline 0.003 -22"><span class='ocrx_word' id='word_1_226' title='bbox 123 2788 324 2847; x_wconf 88' lang='lat' dir='ltr'><strong>poterant</strong></span> <span class='ocrx_word' id='word_1_227' title='bbox 365 2781 428 2834; x_wconf 87' lang='lat' dir='ltr'><strong>ad</strong></span> <span class='ocrx_word' id='word_1_228' title='bbox 473 2781 761 2834; x_wconf 89' lang='lat' dir='ltr'><strong>Dominum</strong></span> <span class='ocrx_word' id='word_1_229' title='bbox 812 2781 956 2851; x_wconf 77' lang='lat' dir='ltr'><strong>fungi</strong></span> <span class='ocrx_word' id='word_1_230' title='bbox 990 2784 1259 2853; x_wconf 76' lang='lat' dir='ltr'><strong>legatione</strong></span> <span class='ocrx_word' id='word_1_231' title='bbox 1289 2797 1385 2851; x_wconf 90' lang='lat' dir='ltr'><strong>pro</strong></span> <span class='ocrx_word' id='word_1_232' title='bbox 1423 2782 1637 2853; x_wconf 90' lang='lat' dir='ltr'><strong>populo.</strong></span> 
     </span>
    </p>
   </div>
   <div class='ocr_carea' id='block_1_30' title="bbox 124 2872 1640 2947">
    <p class='ocr_par' dir='ltr' id='par_1_30' title="bbox 124 2872 1640 2947">
     <span class='ocr_line' id='line_1_30' title="bbox 124 2872 1640 2947; baseline 0.004 -23"><span class='ocrx_word' id='word_1_233' title='bbox 124 2872 317 2942; x_wconf 87' lang='lat' dir='ltr'><strong>Denique</strong></span> <span class='ocrx_word' id='word_1_234' title='bbox 342 2874 575 2944; x_wconf 77' lang='lat' dir='ltr'><strong>Moyses,</strong></span> <span class='ocrx_word' id='word_1_235' title='bbox 606 2876 954 2944; x_wconf 81' lang='lat' dir='ltr'><strong>interpellans</strong></span> <span class='ocrx_word' id='word_1_236' title='bbox 1002 2892 1123 2931; x_wconf 90' lang='lat' dir='ltr'><strong>eum</strong></span> <span class='ocrx_word' id='word_1_237' title='bbox 1158 2893 1256 2947; x_wconf 94' lang='lat' dir='ltr'><strong>pro</strong></span> <span class='ocrx_word' id='word_1_238' title='bbox 1293 2876 1640 2945; x_wconf 88' lang='lat' dir='ltr'><strong>delinquenle</strong></span> 
     </span>
    </p>
   </div>
   <div class='ocr_carea' id='block_1_31' title="bbox 122 2964 1642 3038">
    <p class='ocr_par' dir='ltr' id='par_1_31' title="bbox 122 2964 1642 3038">
     <span class='ocr_line' id='line_1_31' title="bbox 122 2964 1642 3038; baseline 0.003 -23"><span class='ocrx_word' id='word_1_239' title='bbox 122 2964 257 3032; x_wconf 86' lang='lat' dir='ltr'><strong>plebe,</strong></span> <span class='ocrx_word' id='word_1_240' title='bbox 300 2967 409 3021; x_wconf 89' lang='lat' dir='ltr'><strong>ait:</strong></span> <span class='ocrx_word' id='word_1_241' title='bbox 444 2968 539 3022; x_wconf 67' lang='lat' dir='ltr'><strong>«Si</strong></span> <span class='ocrx_word' id='word_1_242' title='bbox 588 2970 811 3023; x_wconf 88' lang='lat' dir='ltr'><strong>dimittis</strong></span> <span class='ocrx_word' id='word_1_243' title='bbox 854 2969 933 3023; x_wconf 90' lang='lat' dir='ltr'><strong>eis</strong></span> <span class='ocrx_word' id='word_1_244' title='bbox 982 2978 1263 3038; x_wconf 90' lang='lat' dir='ltr'><strong>peccatum</strong></span> <span class='ocrx_word' id='word_1_245' title='bbox 1312 2983 1527 3033; x_wconf 91' lang='lat' dir='ltr'><strong>eorum,</strong></span> <span class='ocrx_word' id='word_1_246' title='bbox 1560 2969 1642 3020; x_wconf 90' lang='lat' dir='ltr'><strong>di-</strong></span> 
     </span>
    </p>
   </div>
   <div class='ocr_carea' id='block_1_32' title="bbox 124 3056 1642 3131">
    <p class='ocr_par' dir='ltr' id='par_1_32' title="bbox 124 3056 1642 3131">
     <span class='ocr_line' id='line_1_32' title="bbox 124 3056 1642 3131; baseline 0.004 -23"><span class='ocrx_word' id='word_1_247' title='bbox 124 3056 339 3111; x_wconf 67' lang='lat' dir='ltr'><strong>mitte&quot;.i</strong></span> <span class='ocrx_word' id='word_1_248' title='bbox 363 3057 467 3113; x_wconf 90' lang='lat' dir='ltr'><strong>Sed</strong></span> <span class='ocrx_word' id='word_1_249' title='bbox 497 3060 1037 3114; x_wconf 72' lang='lat' dir='ltr'><strong>obscerav-itveuiam</strong></span> <span class='ocrx_word' id='word_1_250' title='bbox 1068 3060 1423 3131; x_wconf 85' lang='lat' dir='ltr'><strong>quadraginta</strong></span> <span class='ocrx_word' id='word_1_251' title='bbox 1453 3059 1642 3114; x_wconf 89' lang='lat' dir='ltr'><strong>diebus</strong></span> 
     </span>
    </p>
   </div>
   <div class='ocr_carea' id='block_1_33' title="bbox 1728 593 3288 665">
    <p class='ocr_par' dir='ltr' id='par_1_33' title="bbox 1728 593 3288 665">
     <span class='ocr_line' id='line_1_33' title="bbox 1728 593 3288 665; baseline 0 -14"><span class='ocrx_word' id='word_1_252' title='bbox 1728 597 1902 665; x_wconf 86' lang='lat' dir='ltr'><strong>lisque</strong></span> <span class='ocrx_word' id='word_1_253' title='bbox 1932 606 2120 650; x_wconf 90' lang='lat' dir='ltr'><strong>auctor</strong></span> <span class='ocrx_word' id='word_1_254' title='bbox 2147 595 2437 650; x_wconf 80' lang='lat' dir='ltr'><strong>exsistens.</strong></span> <span class='ocrx_word' id='word_1_255' title='bbox 2471 593 2730 651; x_wconf 89' lang='lat' dir='ltr'><strong>Omnibus</strong></span> <span class='ocrx_word' id='word_1_256' title='bbox 2758 606 2936 650; x_wconf 85' lang='lat' dir='ltr'><strong>autem</strong></span> <span class='ocrx_word' id='word_1_257' title='bbox 2966 595 3154 651; x_wconf 88' lang='lat' dir='ltr'><strong>diebus</strong></span> <span class='ocrx_word' id='word_1_258' title='bbox 3181 611 3288 651; x_wconf 62' lang='lat' dir='ltr'><strong>sw-</strong></span> 
     </span>
    </p>
   </div>
   <div class='ocr_carea' id='block_1_34' title="bbox 1726 687 3288 750">
    <p class='ocr_par' dir='ltr' id='par_1_34' title="bbox 1726 687 3288 750">
     <span class='ocr_line' id='line_1_34' title="bbox 1726 687 3288 750; baseline -0.001 -6"><span class='ocrx_word' id='word_1_259' title='bbox 1726 690 1829 743; x_wconf 88' lang='lat' dir='ltr'><strong>culi</strong></span> <span class='ocrx_word' id='word_1_260' title='bbox 1863 687 2169 742; x_wconf 89' lang='lat' dir='ltr'><strong>illuminans</strong></span> <span class='ocrx_word' id='word_1_261' title='bbox 2196 687 2357 741; x_wconf 88' lang='lat' dir='ltr'><strong>corda</strong></span> <span class='ocrx_word' id='word_1_262' title='bbox 2400 702 2608 750; x_wconf 91' lang='lat' dir='ltr'><strong>eorum,</strong></span> <span class='ocrx_word' id='word_1_263' title='bbox 2640 703 2741 740; x_wconf 94' lang='lat' dir='ltr'><strong>non</strong></span> <span class='ocrx_word' id='word_1_264' title='bbox 2771 687 2901 742; x_wconf 92' lang='lat' dir='ltr'><strong>sinit</strong></span> <span class='ocrx_word' id='word_1_265' title='bbox 2922 701 3015 741; x_wconf 91' lang='lat' dir='ltr'><strong>eos</strong></span> <span class='ocrx_word' id='word_1_266' title='bbox 3041 688 3094 741; x_wconf 91' lang='lat' dir='ltr'><strong>in</strong></span> <span class='ocrx_word' id='word_1_267' title='bbox 3136 698 3288 742; x_wconf 88' lang='lat' dir='ltr'><strong>tene-</strong></span> 
     </span>
    </p>
   </div>
   <div class='ocr_carea' id='block_1_35' title="bbox 1727 777 3349 848">
    <p class='ocr_par' dir='ltr' id='par_1_35' title="bbox 1727 777 3349 848">
     <span class='ocr_line' id='line_1_35' title="bbox 1727 777 3349 848; baseline -0.001 -15"><span class='ocrx_word' id='word_1_268' title='bbox 1727 779 1838 833; x_wconf 87' lang='lat' dir='ltr'><strong>bris</strong></span> <span class='ocrx_word' id='word_1_269' title='bbox 1870 778 2210 848; x_wconf 71' lang='lat' dir='ltr'><strong>ignorantize,</strong></span> <span class='ocrx_word' id='word_1_270' title='bbox 2244 787 2297 830; x_wconf 90' lang='lat' dir='ltr'><strong>et</strong></span> <span class='ocrx_word' id='word_1_271' title='bbox 2325 791 2509 831; x_wconf 84' lang='lat' dir='ltr'><strong>errore</strong></span> <span class='ocrx_word' id='word_1_272' title='bbox 2542 777 2766 832; x_wconf 88' lang='lat' dir='ltr'><strong>versari.</strong></span> <span class='ocrx_word' id='word_1_273' title='bbox 2790 777 2856 831; x_wconf 81' lang='lat' dir='ltr'><strong>Et</strong></span> <span class='ocrx_word' id='word_1_274' title='bbox 2884 777 2985 830; x_wconf 92' lang='lat' dir='ltr'><strong>hoc</strong></span> <span class='ocrx_word' id='word_1_275' title='bbox 3014 788 3142 847; x_wconf 92' lang='lat' dir='ltr'><strong>puto</strong></span> <span class='ocrx_word' id='word_1_276' title='bbox 3169 792 3290 832; x_wconf 87' lang='lat' dir='ltr'><strong>esse</strong></span> <span class='ocrx_word' id='word_1_277' title='bbox 3334 834 3349 848; x_wconf 25' lang='grc' dir='ltr'><strong>η,</strong></span> 
     </span>
    </p>
   </div>
   <div class='ocr_carea' id='block_1_36' title="bbox 1704 870 3288 951">
    <p class='ocr_par' dir='ltr' id='par_1_36' title="bbox 1704 870 3288 951">
     <span class='ocr_line' id='line_1_36' title="bbox 1704 870 3288 951; baseline -0.002 -26"><span class='ocrx_word' id='word_1_278' title='bbox 1704 871 1874 951; x_wconf 51' lang='lat' dir='ltr'><strong>good</strong></span> <span class='ocrx_word' id='word_1_279' title='bbox 1903 871 2161 942; x_wconf 89' lang='lat' dir='ltr'><strong>scriptum</strong></span> <span class='ocrx_word' id='word_1_280' title='bbox 2202 879 2308 936; x_wconf 90' lang='lat' dir='ltr'><strong>est,</strong></span> <span class='ocrx_word' id='word_1_281' title='bbox 2365 888 2383 920; x_wconf 88' lang='lat'><strong>«</strong></span> <span class='ocrx_word' id='word_1_282' title='bbox 2407 870 2459 923; x_wconf 88' lang='lat' dir='ltr'><strong>in</strong></span> <span class='ocrx_word' id='word_1_283' title='bbox 2510 870 2758 924; x_wconf 90' lang='lat' dir='ltr'><strong>omnibus</strong></span> <span class='ocrx_word' id='word_1_284' title='bbox 2796 871 2982 925; x_wconf 92' lang='lat' dir='ltr'><strong>diebus</strong></span> <span class='ocrx_word' id='word_1_285' title='bbox 3006 888 3024 921; x_wconf 72' lang='grc' dir='ltr'><strong>ι</strong></span> <span class='ocrx_word' id='word_1_286' title='bbox 3062 870 3288 924; x_wconf 78' lang='lat' dir='ltr'><strong>exaltari</strong></span> 
     </span>
    </p>
   </div>
   <div class='ocr_carea' id='block_1_37' title="bbox 1668 1846 1708 1899">
    <p class='ocr_par' dir='ltr' id='par_1_37' title="bbox 1668 1846 1708 1899">
     <span class='ocr_line' id='line_1_37' title="bbox 1668 1846 1708 1899; baseline 0 0"><span class='ocrx_word' id='word_1_287' title='bbox 1668 1846 1708 1899; x_wconf 87' lang='grc' dir='ltr'>Β</span> 
     </span>
    </p>
   </div>
   <div class='ocr_carea' id='block_1_38' title="bbox 1726 978 1842 1017">
    <p class='ocr_par' dir='ltr' id='par_1_38' title="bbox 1726 978 1842 1017">
     <span class='ocr_line' id='line_1_38' title="bbox 1726 978 1842 1017; baseline -0.017 0"><span class='ocrx_word' id='word_1_288' title='bbox 1726 978 1842 1017; x_wconf 74' lang='lat' dir='ltr'><strong>COS.</strong></span> 
     </span>
    </p>
   </div>
   <div class='ocr_carea' id='block_1_39' title="bbox 1798 1052 3292 1123">
    <p class='ocr_par' dir='ltr' id='par_1_39' title="bbox 1798 1052 3292 1123">
     <span class='ocr_line' id='line_1_39' title="bbox 1798 1052 3292 1123; baseline -0.002 -14"><span class='ocrx_word' id='word_1_289' title='bbox 1798 1055 1887 1109; x_wconf 72' lang='grc'><strong>4⁵7.</strong></span> <span class='ocrx_word' id='word_1_290' title='bbox 1930 1054 2063 1121; x_wconf 84' lang='lat' dir='ltr'><strong>Quia</strong></span> <span class='ocrx_word' id='word_1_291' title='bbox 2088 1068 2216 1110; x_wconf 88' lang='lat' dir='ltr'><strong>vero</strong></span> <span class='ocrx_word' id='word_1_292' title='bbox 2240 1054 2543 1118; x_wconf 85' lang='lat' dir='ltr'><strong>mutabiles,</strong></span> <span class='ocrx_word' id='word_1_293' title='bbox 2567 1062 2619 1107; x_wconf 91' lang='lat' dir='ltr'><strong>et</strong></span> <span class='ocrx_word' id='word_1_294' title='bbox 2644 1054 2709 1108; x_wconf 90' lang='lat' dir='ltr'><strong>ad</strong></span> <span class='ocrx_word' id='word_1_295' title='bbox 2735 1052 2862 1108; x_wconf 89' lang='lat' dir='ltr'><strong>vitia</strong></span> <span class='ocrx_word' id='word_1_296' title='bbox 2888 1062 3079 1123; x_wconf 90' lang='lat' dir='ltr'><strong>sponte</strong></span> <span class='ocrx_word' id='word_1_297' title='bbox 3106 1053 3292 1107; x_wconf 86' lang='lat' dir='ltr'><strong>laben—</strong></span> 
     </span>
    </p>
   </div>
   <div class='ocr_carea' id='block_1_40' title="bbox 1731 1142 3295 1215">
    <p class='ocr_par' dir='ltr' id='par_1_40' title="bbox 1731 1142 3295 1215">
     <span class='ocr_line' id='line_1_40' title="bbox 1731 1142 3295 1215; baseline -0.004 -15"><span class='ocrx_word' id='word_1_298' title='bbox 1731 1154 1835 1210; x_wconf 89' lang='lat' dir='ltr'><strong>tes,</strong></span> <span class='ocrx_word' id='word_1_299' title='bbox 1879 1154 1998 1215; x_wconf 89' lang='lat' dir='ltr'><strong>post</strong></span> <span class='ocrx_word' id='word_1_300' title='bbox 2037 1155 2182 1199; x_wconf 90' lang='lat' dir='ltr'><strong>tanta</strong></span> <span class='ocrx_word' id='word_1_301' title='bbox 2224 1145 2485 1199; x_wconf 67' lang='lat' dir='ltr'><strong>beneficia</strong></span> <span class='ocrx_word' id='word_1_302' title='bbox 2518 1142 2627 1199; x_wconf 87' lang='lat' dir='ltr'><strong>Deo</strong></span> <span class='ocrx_word' id='word_1_303' title='bbox 2673 1144 2890 1198; x_wconf 81' lang='lat' dir='ltr'><strong>fuerunt</strong></span> <span class='ocrx_word' id='word_1_304' title='bbox 2926 1142 3207 1204; x_wconf 90' lang='lat' dir='ltr'><strong>increduli,</strong></span> <span class='ocrx_word' id='word_1_305' title='bbox 3237 1152 3295 1194; x_wconf 85' lang='lat' dir='ltr'><strong>et.</strong></span> 
     </span>
    </p>
   </div>
   <div class='ocr_carea' id='block_1_41' title="bbox 1730 1233 3304 1309">
    <p class='ocr_par' dir='ltr' id='par_1_41' title="bbox 1730 1233 3304 1309">
     <span class='ocr_line' id='line_1_41' title="bbox 1730 1233 3304 1309; baseline -0.004 -18"><span class='ocrx_word' id='word_1_306' title='bbox 1730 1248 1994 1309; x_wconf 55' lang='lat' dir='ltr'><strong>praecepta</strong></span> <span class='ocrx_word' id='word_1_307' title='bbox 2041 1238 2180 1292; x_wconf 90' lang='lat' dir='ltr'><strong>illius</strong></span> <span class='ocrx_word' id='word_1_308' title='bbox 2224 1237 2578 1306; x_wconf 88' lang='lat' dir='ltr'><strong>reliquerunt,</strong></span> <span class='ocrx_word' id='word_1_309' title='bbox 2608 1246 2661 1291; x_wconf 91' lang='lat' dir='ltr'><strong>et</strong></span> <span class='ocrx_word' id='word_1_310' title='bbox 2686 1236 3147 1290; x_wconf 85' lang='lat' dir='ltr'><strong>exacerbaverunt</strong></span> <span class='ocrx_word' id='word_1_311' title='bbox 3178 1233 3304 1303; x_wconf 35' lang='lat' dir='ltr'><strong>Spit</strong></span> 
     </span>
    </p>
   </div>
   <div class='ocr_carea' id='block_1_42' title="bbox 1734 1327 3311 1398">
    <p class='ocr_par' dir='ltr' id='par_1_42' title="bbox 1734 1327 3311 1398">
     <span class='ocr_line' id='line_1_42' title="bbox 1734 1327 3311 1398; baseline -0.003 -15"><span class='ocrx_word' id='word_1_312' title='bbox 1734 1331 1891 1384; x_wconf 90' lang='lat' dir='ltr'><strong>ritum</strong></span> <span class='ocrx_word' id='word_1_313' title='bbox 1940 1338 2178 1384; x_wconf 81' lang='lat' dir='ltr'><strong>sanctum</strong></span> <span class='ocrx_word' id='word_1_314' title='bbox 2205 1328 2321 1392; x_wconf 90' lang='lat' dir='ltr'><strong>Dei,</strong></span> <span class='ocrx_word' id='word_1_315' title='bbox 2356 1328 2445 1398; x_wconf 89' lang='lat' dir='ltr'><strong>qui</strong></span> <span class='ocrx_word' id='word_1_316' title='bbox 2477 1329 2553 1382; x_wconf 88' lang='lat' dir='ltr'><strong>eis</strong></span> <span class='ocrx_word' id='word_1_317' title='bbox 2588 1328 2754 1383; x_wconf 78' lang='lat' dir='ltr'><strong>multa</strong></span> <span class='ocrx_word' id='word_1_318' title='bbox 2775 1328 2909 1382; x_wconf 89' lang='lat' dir='ltr'><strong>bona</strong></span> <span class='ocrx_word' id='word_1_319' title='bbox 2940 1327 3164 1397; x_wconf 85' lang='lat' dir='ltr'><strong>largitus</strong></span> <span class='ocrx_word' id='word_1_320' title='bbox 3187 1335 3311 1387; x_wconf 27' lang='lat' dir='ltr'><strong>est”</strong></span> 
     </span>
    </p>
   </div>
   <div class='ocr_carea' id='block_1_43' title="bbox 1734 1421 3317 1491">
    <p class='ocr_par' dir='ltr' id='par_1_43' title="bbox 1734 1421 3317 1491">
     <span class='ocr_line' id='line_1_43' title="bbox 1734 1421 3317 1491; baseline -0.004 -14"><span class='ocrx_word' id='word_1_321' title='bbox 1734 1424 1784 1477; x_wconf 91' lang='lat' dir='ltr'><strong>in</strong></span> <span class='ocrx_word' id='word_1_322' title='bbox 1834 1432 2110 1491; x_wconf 88' lang='lat' dir='ltr'><strong>peccatum</strong></span> <span class='ocrx_word' id='word_1_323' title='bbox 2163 1422 2339 1476; x_wconf 90' lang='lat' dir='ltr'><strong>simile</strong></span> <span class='ocrx_word' id='word_1_324' title='bbox 2388 1428 2728 1484; x_wconf 91' lang='lat' dir='ltr'><strong>corruerunt,</strong></span> <span class='ocrx_word' id='word_1_325' title='bbox 2765 1421 2846 1475; x_wconf 91' lang='lat' dir='ltr'><strong>his</strong></span> <span class='ocrx_word' id='word_1_326' title='bbox 2885 1421 2973 1489; x_wconf 91' lang='lat' dir='ltr'><strong>qui</strong></span> <span class='ocrx_word' id='word_1_327' title='bbox 3009 1428 3317 1488; x_wconf 11' lang='lat' dir='ltr'><strong>postquam.</strong></span> 
     </span>
    </p>
   </div>
   <div class='ocr_carea' id='block_1_44' title="bbox 1733 1513 3327 1583">
    <p class='ocr_par' dir='ltr' id='par_1_44' title="bbox 1733 1513 3327 1583">
     <span class='ocr_line' id='line_1_44' title="bbox 1733 1513 3327 1583; baseline -0.002 -18"><span class='ocrx_word' id='word_1_328' title='bbox 1733 1513 1894 1582; x_wconf 84' lang='lat' dir='ltr'><strong>geniti</strong></span> <span class='ocrx_word' id='word_1_329' title='bbox 1929 1524 2075 1578; x_wconf 89' lang='lat' dir='ltr'><strong>sunt,</strong></span> <span class='ocrx_word' id='word_1_330' title='bbox 2108 1525 2161 1568; x_wconf 91' lang='lat' dir='ltr'><strong>et</strong></span> <span class='ocrx_word' id='word_1_331' title='bbox 2211 1514 2453 1579; x_wconf 82' lang='lat' dir='ltr'><strong>exaltati,</strong></span> <span class='ocrx_word' id='word_1_332' title='bbox 2498 1522 2818 1583; x_wconf 76' lang='lat' dir='ltr'><strong>Spreverunt</strong></span> <span class='ocrx_word' id='word_1_333' title='bbox 2862 1513 3074 1566; x_wconf 84' lang='lat' dir='ltr'><strong>Patrem</strong></span> <span class='ocrx_word' id='word_1_334' title='bbox 3114 1527 3327 1566; x_wconf 25' lang='lat' dir='ltr'><strong>suntm.</strong></span> 
     </span>
    </p>
   </div>
   <div class='ocr_carea' id='block_1_45' title="bbox 1737 1602 3293 1673">
    <p class='ocr_par' dir='ltr' id='par_1_45' title="bbox 1737 1602 3293 1673">
     <span class='ocr_line' id='line_1_45' title="bbox 1737 1602 3293 1673; baseline 0 -17"><span class='ocrx_word' id='word_1_335' title='bbox 1737 1602 1827 1656; x_wconf 86' lang='lat' dir='ltr'><strong>Vel</strong></span> <span class='ocrx_word' id='word_1_336' title='bbox 1858 1612 2002 1658; x_wconf 89' lang='lat' dir='ltr'><strong>certe</strong></span> <span class='ocrx_word' id='word_1_337' title='bbox 2036 1620 2175 1658; x_wconf 91' lang='lat' dir='ltr'><strong>nunc</strong></span> <span class='ocrx_word' id='word_1_338' title='bbox 2219 1605 2316 1673; x_wconf 87' lang='lat' dir='ltr'><strong>ipsi</strong></span> <span class='ocrx_word' id='word_1_339' title='bbox 2357 1605 2759 1669; x_wconf 90' lang='lat' dir='ltr'><strong>describuntur,</strong></span> <span class='ocrx_word' id='word_1_340' title='bbox 2805 1604 2896 1672; x_wconf 90' lang='lat' dir='ltr'><strong>qui</strong></span> <span class='ocrx_word' id='word_1_341' title='bbox 2943 1614 2993 1659; x_wconf 90' lang='lat' dir='ltr'><strong>et</strong></span> <span class='ocrx_word' id='word_1_342' title='bbox 3024 1613 3147 1657; x_wconf 89' lang='lat' dir='ltr'><strong>ante</strong></span> <span class='ocrx_word' id='word_1_343' title='bbox 3197 1603 3293 1657; x_wconf 90' lang='lat' dir='ltr'><strong>de-</strong></span> 
     </span>
    </p>
   </div>
   <div class='ocr_carea' id='block_1_46' title="bbox 1734 1692 3297 1765">
    <p class='ocr_par' dir='ltr' id='par_1_46' title="bbox 1734 1692 3297 1765">
     <span class='ocr_line' id='line_1_46' title="bbox 1734 1692 3297 1765; baseline -0.001 -19"><span class='ocrx_word' id='word_1_344' title='bbox 1734 1692 1918 1761; x_wconf 83' lang='lat' dir='ltr'><strong>scripti</strong></span> <span class='ocrx_word' id='word_1_345' title='bbox 1951 1704 2095 1757; x_wconf 91' lang='lat' dir='ltr'><strong>sunt,</strong></span> <span class='ocrx_word' id='word_1_346' title='bbox 2126 1695 2388 1763; x_wconf 90' lang='lat' dir='ltr'><strong>siquidem</strong></span> <span class='ocrx_word' id='word_1_347' title='bbox 2433 1707 2488 1749; x_wconf 88' lang='lat' dir='ltr'><strong>et</strong></span> <span class='ocrx_word' id='word_1_348' title='bbox 2526 1696 2595 1749; x_wconf 89' lang='lat' dir='ltr'><strong>ibi</strong></span> <span class='ocrx_word' id='word_1_349' title='bbox 2644 1706 2762 1765; x_wconf 86' lang='lat' dir='ltr'><strong>post</strong></span> <span class='ocrx_word' id='word_1_350' title='bbox 2790 1706 3069 1765; x_wconf 84' lang='lat' dir='ltr'><strong>peccatum</strong></span> <span class='ocrx_word' id='word_1_351' title='bbox 3098 1694 3297 1762; x_wconf 76' lang='lat' dir='ltr'><strong>dicitur</strong></span> 
     </span>
    </p>
   </div>
   <div class='ocr_carea' id='block_1_47' title="bbox 1736 1786 3331 1855">
    <p class='ocr_par' dir='ltr' id='par_1_47' title="bbox 1736 1786 3331 1855">
     <span class='ocr_line' id='line_1_47' title="bbox 1736 1786 3331 1855; baseline -0.001 -17"><span class='ocrx_word' id='word_1_352' title='bbox 1736 1787 1801 1838; x_wconf 92' lang='lat' dir='ltr'><strong>ad</strong></span> <span class='ocrx_word' id='word_1_353' title='bbox 1830 1802 1923 1839; x_wconf 89' lang='lat' dir='ltr'><strong>eos</strong></span> <span class='ocrx_word' id='word_1_354' title='bbox 1950 1804 1963 1839; x_wconf 92' lang='lat'>:</span> <span class='ocrx_word' id='word_1_355' title='bbox 1994 1804 2011 1836; x_wconf 73' lang='grc' dir='ltr'><strong>ι</strong></span> <span class='ocrx_word' id='word_1_356' title='bbox 2042 1786 2408 1855; x_wconf 85' lang='lat' dir='ltr'><strong>Dereliquistis</strong></span> <span class='ocrx_word' id='word_1_357' title='bbox 2440 1787 2746 1853; x_wconf 88' lang='lat' dir='ltr'><strong>Dominum,</strong></span> <span class='ocrx_word' id='word_1_358' title='bbox 2794 1796 2847 1841; x_wconf 90' lang='lat' dir='ltr'><strong>et</strong></span> <span class='ocrx_word' id='word_1_359' title='bbox 2870 1787 2934 1839; x_wconf 86' lang='lat' dir='ltr'><strong>ad</strong></span> <span class='ocrx_word' id='word_1_360' title='bbox 2965 1786 3293 1839; x_wconf 85' lang='lat' dir='ltr'><strong>iracundiam</strong></span> <span class='ocrx_word' id='word_1_361' title='bbox 3328 1820 3331 1821; x_wconf 49' lang='grc' dir='ltr'><em>ν</em></span> 
     </span>
    </p>
   </div>
   <div class='ocr_carea' id='block_1_48' title="bbox 1739 1875 3307 1945">
    <p class='ocr_par' dir='ltr' id='par_1_48' title="bbox 1739 1875 3307 1945">
     <span class='ocr_line' id='line_1_48' title="bbox 1739 1875 3307 1945; baseline -0.003 -14"><span class='ocrx_word' id='word_1_362' title='bbox 1739 1878 2048 1931; x_wconf 89' lang='lat' dir='ltr'><strong>concitastis</strong></span> <span class='ocrx_word' id='word_1_363' title='bbox 2098 1876 2352 1932; x_wconf 89' lang='lat' dir='ltr'><strong>Sanctum</strong></span> <span class='ocrx_word' id='word_1_364' title='bbox 2406 1877 2587 1941; x_wconf 86' lang='lat' dir='ltr'><strong>israel,</strong></span> <span class='ocrx_word' id='word_1_365' title='bbox 2627 1896 2646 1929; x_wconf 71' lang='grc' dir='ltr'><strong>ι</strong></span> <span class='ocrx_word' id='word_1_366' title='bbox 2677 1887 2729 1931; x_wconf 92' lang='lat' dir='ltr'><strong>et</strong></span> <span class='ocrx_word' id='word_1_367' title='bbox 2770 1893 2931 1940; x_wconf 91' lang='lat' dir='ltr'><strong>nunc,</strong></span> <span class='ocrx_word' id='word_1_368' title='bbox 2971 1876 3109 1945; x_wconf 87' lang='lat' dir='ltr'><strong>quod</strong></span> <span class='ocrx_word' id='word_1_369' title='bbox 3154 1895 3172 1926; x_wconf 87' lang='lat'><strong>«</strong></span> <span class='ocrx_word' id='word_1_370' title='bbox 3197 1875 3307 1942; x_wconf 87' lang='lat' dir='ltr'><strong>ipsi-</strong></span> 
     </span>
    </p>
   </div>
   <div class='ocr_carea' id='block_1_49' title="bbox 1736 1968 3300 2037">
    <p class='ocr_par' dir='ltr' id='par_1_49' title="bbox 1736 1968 3300 2037">
     <span class='ocr_line' id='line_1_49' title="bbox 1736 1968 3300 2037; baseline -0.004 -14"><span class='ocrx_word' id='word_1_371' title='bbox 1736 1985 1840 2024; x_wconf 90' lang='lat' dir='ltr'><strong>non</strong></span> <span class='ocrx_word' id='word_1_372' title='bbox 1870 1971 2228 2031; x_wconf 88' lang='lat' dir='ltr'><strong>crediderunt,</strong></span> <span class='ocrx_word' id='word_1_373' title='bbox 2263 1979 2316 2023; x_wconf 89' lang='lat' dir='ltr'><strong>et</strong></span> <span class='ocrx_word' id='word_1_374' title='bbox 2362 1970 2821 2024; x_wconf 81' lang='lat' dir='ltr'><strong>exacerbaverunt</strong></span> <span class='ocrx_word' id='word_1_375' title='bbox 2872 1968 3130 2037; x_wconf 85' lang='lat' dir='ltr'><strong>Spiritum</strong></span> <span class='ocrx_word' id='word_1_376' title='bbox 3173 1981 3300 2019; x_wconf 78' lang='lat' dir='ltr'><strong>san-</strong></span> 
     </span>
    </p>
   </div>
   <div class='ocr_carea' id='block_1_50' title="bbox 1736 2057 3304 2130">
    <p class='ocr_par' dir='ltr' id='par_1_50' title="bbox 1736 2057 3304 2130">
     <span class='ocr_line' id='line_1_50' title="bbox 1736 2057 3304 2130; baseline -0.002 -17"><span class='ocrx_word' id='word_1_377' title='bbox 1736 2070 1880 2115; x_wconf 90' lang='lat' dir='ltr'><strong>ctum</strong></span> <span class='ocrx_word' id='word_1_378' title='bbox 1912 2061 2081 2128; x_wconf 68' lang='lat' dir='ltr'><strong>ejus.»</strong></span> <span class='ocrx_word' id='word_1_379' title='bbox 2115 2061 2189 2114; x_wconf 81' lang='lat' dir='ltr'><strong>Ex</strong></span> <span class='ocrx_word' id='word_1_380' title='bbox 2218 2062 2466 2128; x_wconf 66' lang='lat' dir='ltr'><strong>praesenti</strong></span> <span class='ocrx_word' id='word_1_381' title='bbox 2500 2076 2628 2129; x_wconf 86' lang='lat' dir='ltr'><strong>ergo</strong></span> <span class='ocrx_word' id='word_1_382' title='bbox 2657 2060 2776 2114; x_wconf 91' lang='lat' dir='ltr'><strong>loco</strong></span> <span class='ocrx_word' id='word_1_383' title='bbox 2806 2059 3037 2114; x_wconf 89' lang='lat' dir='ltr'><strong>societas</strong></span> <span class='ocrx_word' id='word_1_384' title='bbox 3066 2057 3304 2130; x_wconf 82' lang='lat' dir='ltr'><strong>Spiritus</strong></span> 
     </span>
    </p>
   </div>
   <div class='ocr_carea' id='block_1_51' title="bbox 1737 2148 3298 2220">
    <p class='ocr_par' dir='ltr' id='par_1_51' title="bbox 1737 2148 3298 2220">
     <span class='ocr_line' id='line_1_51' title="bbox 1737 2148 3298 2220; baseline -0.004 -16"><span class='ocrx_word' id='word_1_385' title='bbox 1737 2152 1801 2204; x_wconf 89' lang='lat' dir='ltr'><strong>ad</strong></span> <span class='ocrx_word' id='word_1_386' title='bbox 1831 2150 2111 2205; x_wconf 90' lang='lat' dir='ltr'><strong>Dominum</strong></span> <span class='ocrx_word' id='word_1_387' title='bbox 2151 2152 2469 2206; x_wconf 89' lang='lat' dir='ltr'><strong>ostenditur.</strong></span> <span class='ocrx_word' id='word_1_388' title='bbox 2508 2152 2609 2217; x_wconf 79' lang='lat' dir='ltr'><strong>Qui</strong></span> <span class='ocrx_word' id='word_1_389' title='bbox 2656 2150 2941 2220; x_wconf 75' lang='lat' dir='ltr'><strong>dereliquit</strong></span> <span class='ocrx_word' id='word_1_390' title='bbox 2990 2148 3298 2211; x_wconf 88' lang='lat' dir='ltr'><strong>Dominum,</strong></span> 
     </span>
    </p>
   </div>
   <div class='ocr_carea' id='block_1_52' title="bbox 1737 2238 3298 2309">
    <p class='ocr_par' dir='ltr' id='par_1_52' title="bbox 1737 2238 3298 2309">
     <span class='ocr_line' id='line_1_52' title="bbox 1737 2238 3298 2309; baseline -0.003 -15"><span class='ocrx_word' id='word_1_391' title='bbox 1737 2249 1792 2294; x_wconf 88' lang='lat' dir='ltr'><strong>et</strong></span> <span class='ocrx_word' id='word_1_392' title='bbox 1818 2250 1899 2296; x_wconf 86' lang='lat' dir='ltr'><strong>est</strong></span> <span class='ocrx_word' id='word_1_393' title='bbox 1946 2241 2273 2305; x_wconf 90' lang='lat' dir='ltr'><strong>incredulus,</strong></span> <span class='ocrx_word' id='word_1_394' title='bbox 2300 2251 2353 2295; x_wconf 92' lang='lat' dir='ltr'><strong>et</strong></span> <span class='ocrx_word' id='word_1_395' title='bbox 2385 2243 2449 2295; x_wconf 89' lang='lat' dir='ltr'><strong>ad</strong></span> <span class='ocrx_word' id='word_1_396' title='bbox 2487 2241 2817 2295; x_wconf 90' lang='lat' dir='ltr'><strong>iracundiam</strong></span> <span class='ocrx_word' id='word_1_397' title='bbox 2856 2248 3112 2309; x_wconf 85' lang='lat' dir='ltr'><strong>provocat</strong></span> <span class='ocrx_word' id='word_1_398' title='bbox 3161 2238 3298 2291; x_wconf 86' lang='lat' dir='ltr'><strong>San-</strong></span> 
     </span>
    </p>
   </div>
   <div class='ocr_carea' id='block_1_53' title="bbox 1738 2330 3297 2401">
    <p class='ocr_par' dir='ltr' id='par_1_53' title="bbox 1738 2330 3297 2401">
     <span class='ocr_line' id='line_1_53' title="bbox 1738 2330 3297 2401; baseline 0.001 -17"><span class='ocrx_word' id='word_1_399' title='bbox 1738 2341 1882 2385; x_wconf 91' lang='lat' dir='ltr'><strong>ctum</strong></span> <span class='ocrx_word' id='word_1_400' title='bbox 1930 2331 2112 2396; x_wconf 80' lang='lat' dir='ltr'><strong>Israel,</strong></span> <span class='ocrx_word' id='word_1_401' title='bbox 2158 2341 2215 2387; x_wconf 91' lang='lat' dir='ltr'><strong>et</strong></span> <span class='ocrx_word' id='word_1_402' title='bbox 2243 2335 2532 2387; x_wconf 78' lang='lat' dir='ltr'><strong>exacerbat</strong></span> <span class='ocrx_word' id='word_1_403' title='bbox 2581 2333 2838 2401; x_wconf 87' lang='lat' dir='ltr'><strong>Spiritum</strong></span> <span class='ocrx_word' id='word_1_404' title='bbox 2882 2341 3126 2386; x_wconf 89' lang='lat' dir='ltr'><strong>sanctum</strong></span> <span class='ocrx_word' id='word_1_405' title='bbox 3160 2330 3297 2397; x_wconf 85' lang='lat' dir='ltr'><strong>ejus.</strong></span> 
     </span>
    </p>
   </div>
   <div class='ocr_carea' id='block_1_54' title="bbox 1740 2419 3303 2494">
    <p class='ocr_par' dir='ltr' id='par_1_54' title="bbox 1740 2419 3303 2494">
     <span class='ocr_line' id='line_1_54' title="bbox 1740 2419 3303 2494; baseline -0.001 -19"><span class='ocrx_word' id='word_1_406' title='bbox 1740 2422 1937 2477; x_wconf 85' lang='lat' dir='ltr'><strong>Eadem</strong></span> <span class='ocrx_word' id='word_1_407' title='bbox 1967 2424 2266 2494; x_wconf 83' lang='lat' dir='ltr'><strong>indignatio</strong></span> <span class='ocrx_word' id='word_1_408' title='bbox 2293 2439 2454 2492; x_wconf 88' lang='lat' dir='ltr'><strong>super</strong></span> <span class='ocrx_word' id='word_1_409' title='bbox 2491 2423 2865 2491; x_wconf 88' lang='lat' dir='ltr'><strong>peccatoribus</strong></span> <span class='ocrx_word' id='word_1_410' title='bbox 2895 2431 3001 2475; x_wconf 83' lang='lat' dir='ltr'><strong>lam</strong></span> <span class='ocrx_word' id='word_1_411' title='bbox 3033 2422 3100 2475; x_wconf 92' lang='lat' dir='ltr'><strong>ad</strong></span> <span class='ocrx_word' id='word_1_412' title='bbox 3130 2419 3303 2491; x_wconf 88' lang='lat' dir='ltr'><strong>Spiri-</strong></span> 
     </span>
    </p>
   </div>
   <div class='ocr_carea' id='block_1_55' title="bbox 1741 2509 3300 2590">
    <p class='ocr_par' dir='ltr' id='par_1_55' title="bbox 1741 2509 3300 2590">
     <span class='ocr_line' id='line_1_55' title="bbox 1741 2509 3300 2590; baseline 0 -26"><span class='ocrx_word' id='word_1_413' title='bbox 1741 2522 1849 2565; x_wconf 89' lang='lat' dir='ltr'><strong>tum</strong></span> <span class='ocrx_word' id='word_1_414' title='bbox 1884 2525 2145 2578; x_wconf 79' lang='lat' dir='ltr'><strong>sanetum,</strong></span> <span class='ocrx_word' id='word_1_415' title='bbox 2194 2528 2351 2580; x_wconf 89' lang='lat' dir='ltr'><strong>quam</strong></span> <span class='ocrx_word' id='word_1_416' title='bbox 2407 2513 2471 2565; x_wconf 84' lang='lat' dir='ltr'><strong>ad</strong></span> <span class='ocrx_word' id='word_1_417' title='bbox 2522 2512 2777 2590; x_wconf 83' lang='lat' dir='ltr'><strong>Sanctum</strong></span> <span class='ocrx_word' id='word_1_418' title='bbox 2825 2510 2992 2565; x_wconf 78' lang='lat' dir='ltr'><strong>Israel</strong></span> <span class='ocrx_word' id='word_1_419' title='bbox 3047 2509 3300 2564; x_wconf 80' lang='lat' dir='ltr'><strong>refertur.</strong></span> 
     </span>
    </p>
   </div>
   <div class='ocr_carea' id='block_1_56' title="bbox 1742 2599 3303 2673">
    <p class='ocr_par' dir='ltr' id='par_1_56' title="bbox 1742 2599 3303 2673">
     <span class='ocr_line' id='line_1_56' title="bbox 1742 2599 3303 2673; baseline -0.005 -14"><span class='ocrx_word' id='word_1_420' title='bbox 1742 2603 1893 2659; x_wconf 90' lang='lat' dir='ltr'><strong>Unde</strong></span> <span class='ocrx_word' id='word_1_421' title='bbox 1931 2614 1986 2658; x_wconf 91' lang='lat' dir='ltr'><strong>et</strong></span> <span class='ocrx_word' id='word_1_422' title='bbox 2021 2604 2073 2658; x_wconf 92' lang='lat' dir='ltr'><strong>in</strong></span> <span class='ocrx_word' id='word_1_423' title='bbox 2120 2603 2575 2673; x_wconf 88' lang='lat' dir='ltr'><strong>consequentibus</strong></span> <span class='ocrx_word' id='word_1_424' title='bbox 2621 2602 2882 2656; x_wconf 89' lang='lat' dir='ltr'><strong>similibus</strong></span> <span class='ocrx_word' id='word_1_425' title='bbox 2911 2600 3097 2669; x_wconf 90' lang='lat' dir='ltr'><strong>copula</strong></span> <span class='ocrx_word' id='word_1_426' title='bbox 3123 2599 3303 2653; x_wconf 84' lang='lat' dir='ltr'><strong>Trini-</strong></span> 
     </span>
    </p>
   </div>
   <div class='ocr_carea' id='block_1_57' title="bbox 1744 2690 3316 2761">
    <p class='ocr_par' dir='ltr' id='par_1_57' title="bbox 1744 2690 3316 2761">
     <span class='ocr_line' id='line_1_57' title="bbox 1744 2690 3316 2761; baseline -0.003 -14"><span class='ocrx_word' id='word_1_427' title='bbox 1744 2695 1870 2748; x_wconf 89' lang='lat' dir='ltr'><strong>tatis</strong></span> <span class='ocrx_word' id='word_1_428' title='bbox 1913 2694 2234 2759; x_wconf 90' lang='lat' dir='ltr'><strong>ostenditur,</strong></span> <span class='ocrx_word' id='word_1_429' title='bbox 2286 2694 2497 2748; x_wconf 89' lang='lat' dir='ltr'><strong>dicente</strong></span> <span class='ocrx_word' id='word_1_430' title='bbox 2548 2693 2849 2761; x_wconf 89' lang='lat' dir='ltr'><strong>Scriptura,</strong></span> <span class='ocrx_word' id='word_1_431' title='bbox 2902 2691 3183 2745; x_wconf 81' lang='lat' dir='ltr'><strong>Dominum</strong></span> <span class='ocrx_word' id='word_1_432' title='bbox 3232 2690 3316 2743; x_wconf 24' lang='lat' dir='ltr'><strong>ad)</strong></span> 
     </span>
    </p>
   </div>
   <div class='ocr_carea' id='block_1_58' title="bbox 1742 2779 3301 2851">
    <p class='ocr_par' dir='ltr' id='par_1_58' title="bbox 1742 2779 3301 2851">
     <span class='ocr_line' id='line_1_58' title="bbox 1742 2779 3301 2851; baseline -0.004 -13"><span class='ocrx_word' id='word_1_433' title='bbox 1742 2784 2050 2839; x_wconf 88' lang='lat' dir='ltr'><strong>inimicitias</strong></span> <span class='ocrx_word' id='word_1_434' title='bbox 2077 2799 2199 2839; x_wconf 84' lang='lat' dir='ltr'><strong>esse</strong></span> <span class='ocrx_word' id='word_1_435' title='bbox 2228 2798 2567 2848; x_wconf 90' lang='lat' dir='ltr'><strong>conversum,</strong></span> <span class='ocrx_word' id='word_1_436' title='bbox 2599 2782 2683 2836; x_wconf 89' lang='lat' dir='ltr'><strong>his</strong></span> <span class='ocrx_word' id='word_1_437' title='bbox 2715 2783 2805 2851; x_wconf 91' lang='lat' dir='ltr'><strong>qui</strong></span> <span class='ocrx_word' id='word_1_438' title='bbox 2838 2779 3301 2836; x_wconf 78' lang='lat' dir='ltr'><strong>exacerbaverunt</strong></span> 
     </span>
    </p>
   </div>
   <div class='ocr_carea' id='block_1_59' title="bbox 1743 2872 3313 2945">
    <p class='ocr_par' dir='ltr' id='par_1_59' title="bbox 1743 2872 3313 2945">
     <span class='ocr_line' id='line_1_59' title="bbox 1743 2872 3313 2945; baseline -0.004 -16"><span class='ocrx_word' id='word_1_439' title='bbox 1743 2874 1998 2944; x_wconf 89' lang='lat' dir='ltr'><strong>Spiritum</strong></span> <span class='ocrx_word' id='word_1_440' title='bbox 2030 2885 2272 2929; x_wconf 87' lang='lat' dir='ltr'><strong>sanctum</strong></span> <span class='ocrx_word' id='word_1_441' title='bbox 2301 2875 2438 2945; x_wconf 81' lang='lat' dir='ltr'><strong>ejus,</strong></span> <span class='ocrx_word' id='word_1_442' title='bbox 2465 2883 2521 2929; x_wconf 90' lang='lat' dir='ltr'><strong>et</strong></span> <span class='ocrx_word' id='word_1_443' title='bbox 2543 2873 2829 2929; x_wconf 89' lang='lat' dir='ltr'><strong>tradidisse</strong></span> <span class='ocrx_word' id='word_1_444' title='bbox 2853 2887 2947 2927; x_wconf 92' lang='lat' dir='ltr'><strong>eos</strong></span> <span class='ocrx_word' id='word_1_445' title='bbox 2973 2872 3313 2941; x_wconf 81' lang='lat' dir='ltr'><strong>sempiterno</strong></span> 
     </span>
    </p>
   </div>
   <div class='ocr_carea' id='block_1_60' title="bbox 1741 2962 3311 3034">
    <p class='ocr_par' dir='ltr' id='par_1_60' title="bbox 1741 2962 3311 3034">
     <span class='ocr_line' id='line_1_60' title="bbox 1741 2962 3311 3034; baseline -0.004 -14"><span class='ocrx_word' id='word_1_446' title='bbox 1741 2965 2024 3030; x_wconf 92' lang='lat' dir='ltr'><strong>cruciatui,</strong></span> <span class='ocrx_word' id='word_1_447' title='bbox 2071 2976 2350 3034; x_wconf 88' lang='lat' dir='ltr'><strong>postquam</strong></span> <span class='ocrx_word' id='word_1_448' title='bbox 2401 2981 2504 3019; x_wconf 90' lang='lat' dir='ltr'><strong>non</strong></span> <span class='ocrx_word' id='word_1_449' title='bbox 2559 2979 2839 3031; x_wconf 86' lang='lat' dir='ltr'><strong>sermone,</strong></span> <span class='ocrx_word' id='word_1_450' title='bbox 2894 2964 2989 3017; x_wconf 83' lang='lat' dir='ltr'><strong>sed</strong></span> <span class='ocrx_word' id='word_1_451' title='bbox 3035 2963 3196 3016; x_wconf 90' lang='lat' dir='ltr'><strong>rebus</strong></span> <span class='ocrx_word' id='word_1_452' title='bbox 3250 2962 3311 3014; x_wconf 77' lang='lat' dir='ltr'><strong>in</strong></span> 
     </span>
    </p>
   </div>
   <div class='ocr_carea' id='block_1_61' title="bbox 1744 3051 3308 3125">
    <p class='ocr_par' dir='ltr' id='par_1_61' title="bbox 1744 3051 3308 3125">
     <span class='ocr_line' id='line_1_61' title="bbox 1744 3051 3308 3125; baseline -0.006 -12"><span class='ocrx_word' id='word_1_453' title='bbox 1744 3066 1986 3113; x_wconf 89' lang='lat' dir='ltr'><strong>sanctum</strong></span> <span class='ocrx_word' id='word_1_454' title='bbox 2011 3056 2127 3125; x_wconf 77' lang='lat' dir='ltr'><strong>ejus</strong></span> <span class='ocrx_word' id='word_1_455' title='bbox 2150 3055 2406 3125; x_wconf 84' lang='lat' dir='ltr'><strong>Spiritum</strong></span> <span class='ocrx_word' id='word_1_456' title='bbox 2431 3056 2963 3123; x_wconf 87' lang='lat' dir='ltr'><strong>blasphemaveruut.</strong></span> <span class='ocrx_word' id='word_1_457' title='bbox 2994 3051 3111 3121; x_wconf 89' lang='lat' dir='ltr'><strong>Ipse</strong></span> <span class='ocrx_word' id='word_1_458' title='bbox 3139 3051 3308 3120; x_wconf 86' lang='lat' dir='ltr'><strong>igitur</strong></span> 
     </span>
    </p>
   </div>
   <div class='ocr_carea' id='block_1_62' title="bbox 118 3142 3309 3240">
    <p class='ocr_par' dir='ltr' id='par_1_62' title="bbox 118 3142 3309 3240">
     <span class='ocr_line' id='line_1_62' title="bbox 118 3142 3309 3240; baseline -0.002 -40"><span class='ocrx_word' id='word_1_459' title='bbox 118 3149 342 3217; x_wconf 78' lang='lat' dir='ltr'><strong>jejunans,</strong></span> <span class='ocrx_word' id='word_1_460' title='bbox 389 3162 443 3204; x_wconf 88' lang='lat' dir='ltr'><strong>et</strong></span> <span class='ocrx_word' id='word_1_461' title='bbox 515 3152 944 3207; x_wconf 81' lang='lat' dir='ltr'><strong>misericordiam</strong></span> <span class='ocrx_word' id='word_1_462' title='bbox 989 3151 1080 3205; x_wconf 92' lang='lat' dir='ltr'><strong>Dei</strong></span> <span class='ocrx_word' id='word_1_463' title='bbox 1116 3152 1308 3206; x_wconf 69' lang='lat' dir='ltr'><strong>anima:</strong></span> <span class='ocrx_word' id='word_1_464' title='bbox 1353 3150 1639 3205; x_wconf 78' lang='lat' dir='ltr'><strong>aiilictione</strong></span> <span class='ocrx_word' id='word_1_465' title='bbox 1671 3179 1717 3240; x_wconf 65' lang='grc' dir='ltr'>ε</span> <span class='ocrx_word' id='word_1_466' title='bbox 1748 3151 1835 3220; x_wconf 92' lang='lat' dir='ltr'><strong>qui</strong></span> <span class='ocrx_word' id='word_1_467' title='bbox 1873 3150 1990 3203; x_wconf 67' lang='lat' dir='ltr'><strong>«eis</strong></span> <span class='ocrx_word' id='word_1_468' title='bbox 2033 3162 2329 3203; x_wconf 90' lang='lat' dir='ltr'><strong>conversus</strong></span> <span class='ocrx_word' id='word_1_469' title='bbox 2366 3156 2450 3201; x_wconf 90' lang='lat' dir='ltr'><strong>est</strong></span> <span class='ocrx_word' id='word_1_470' title='bbox 2500 3147 2565 3199; x_wconf 92' lang='lat' dir='ltr'><strong>ad</strong></span> <span class='ocrx_word' id='word_1_471' title='bbox 2613 3146 2974 3211; x_wconf 83' lang='lat' dir='ltr'><strong>inimicitiam,</strong></span> <span class='ocrx_word' id='word_1_472' title='bbox 3020 3142 3309 3198; x_wconf 77' lang='lat' dir='ltr'><strong>debellavit</strong></span> 
     </span>
    </p>
   </div>
   <div class='ocr_carea' id='block_1_63' title="bbox 119 3241 1643 3311">
    <p class='ocr_par' dir='ltr' id='par_1_63' title="bbox 119 3241 1643 3311">
     <span class='ocr_line' id='line_1_63' title="bbox 119 3241 1643 3311; baseline 0.003 -21"><span class='ocrx_word' id='word_1_473' title='bbox 119 3252 390 3303; x_wconf 86' lang='lat' dir='ltr'><strong>provocans.</strong></span> <span class='ocrx_word' id='word_1_474' title='bbox 422 3241 603 3297; x_wconf 86' lang='lat' dir='ltr'><strong>Nemo</strong></span> <span class='ocrx_word' id='word_1_475' title='bbox 638 3250 818 3294; x_wconf 91' lang='lat' dir='ltr'><strong>autem</strong></span> <span class='ocrx_word' id='word_1_476' title='bbox 865 3241 931 3296; x_wconf 88' lang='lat' dir='ltr'><strong>de</strong></span> <span class='ocrx_word' id='word_1_477' title='bbox 962 3242 1152 3294; x_wconf 89' lang='lat' dir='ltr'><strong>horum</strong></span> <span class='ocrx_word' id='word_1_478' title='bbox 1186 3256 1412 3295; x_wconf 90' lang='lat' dir='ltr'><strong>numero</strong></span> <span class='ocrx_word' id='word_1_479' title='bbox 1439 3241 1643 3311; x_wconf 54' lang='lat' dir='ltr'><strong>legatoo</strong></span> 
     </span>
    </p>
   </div>
   <div class='ocr_carea' id='block_1_64' title="bbox 120 3331 1640 3401">
    <p class='ocr_par' dir='ltr' id='par_1_64' title="bbox 120 3331 1640 3401">
     <span class='ocr_line' id='line_1_64' title="bbox 120 3331 1640 3401; baseline 0.002 -20"><span class='ocrx_word' id='word_1_480' title='bbox 120 3342 210 3381; x_wconf 87' lang='lat' dir='ltr'><strong>rum</strong></span> <span class='ocrx_word' id='word_1_481' title='bbox 234 3339 394 3398; x_wconf 86' lang='lat' dir='ltr'><strong>potest</strong></span> <span class='ocrx_word' id='word_1_482' title='bbox 439 3346 565 3386; x_wconf 89' lang='lat' dir='ltr'><strong>esse</strong></span> <span class='ocrx_word' id='word_1_483' title='bbox 603 3331 861 3395; x_wconf 87' lang='lat' dir='ltr'><strong>salvator,</strong></span> <span class='ocrx_word' id='word_1_484' title='bbox 896 3332 1144 3401; x_wconf 89' lang='lat' dir='ltr'><strong>indigens</strong></span> <span class='ocrx_word' id='word_1_485' title='bbox 1187 3342 1241 3386; x_wconf 87' lang='lat' dir='ltr'><strong>et</strong></span> <span class='ocrx_word' id='word_1_486' title='bbox 1272 3332 1386 3400; x_wconf 87' lang='lat' dir='ltr'><strong>ipse</strong></span> <span class='ocrx_word' id='word_1_487' title='bbox 1422 3347 1507 3393; x_wconf 90' lang='lat' dir='ltr'><strong>eo,</strong></span> <span class='ocrx_word' id='word_1_488' title='bbox 1536 3331 1640 3401; x_wconf 79' lang='lat' dir='ltr'><strong>‘qui</strong></span> 
     </span>
    </p>
   </div>
   <div class='ocr_carea' id='block_1_65' title="bbox 117 3417 1639 3492">
    <p class='ocr_par' dir='ltr' id='par_1_65' title="bbox 117 3417 1639 3492">
     <span class='ocr_line' id='line_1_65' title="bbox 117 3417 1639 3492; baseline 0.003 -21"><span class='ocrx_word' id='word_1_489' title='bbox 117 3420 267 3473; x_wconf 81' lang='lat' dir='ltr'><strong>salutis</strong></span> <span class='ocrx_word' id='word_1_490' title='bbox 292 3417 514 3491; x_wconf 80' lang='lat' dir='ltr'><strong>largitor</strong></span> <span class='ocrx_word' id='word_1_491' title='bbox 537 3437 699 3475; x_wconf 86' lang='lat' dir='ltr'><strong>verus</strong></span> <span class='ocrx_word' id='word_1_492' title='bbox 730 3431 831 3475; x_wconf 88' lang='lat' dir='ltr'><strong>est.</strong></span> <span class='ocrx_word' id='word_1_493' title='bbox 856 3420 985 3475; x_wconf 79' lang='lat' dir='ltr'><strong>Nam</strong></span> <span class='ocrx_word' id='word_1_494' title='bbox 1023 3431 1077 3474; x_wconf 90' lang='lat' dir='ltr'><strong>et</strong></span> <span class='ocrx_word' id='word_1_495' title='bbox 1106 3421 1299 3491; x_wconf 89' lang='lat' dir='ltr'><strong>angeli,</strong></span> <span class='ocrx_word' id='word_1_496' title='bbox 1329 3437 1639 3492; x_wconf 84' lang='lat' dir='ltr'><strong>quanquam</strong></span> 
     </span>
    </p>
   </div>
   <div class='ocr_carea' id='block_1_66' title="bbox 118 3511 1633 3583">
    <p class='ocr_par' dir='ltr' id='par_1_66' title="bbox 118 3511 1633 3583">
     <span class='ocr_line' id='line_1_66' title="bbox 118 3511 1633 3583; baseline 0.006 -23"><span class='ocrx_word' id='word_1_497' title='bbox 118 3511 294 3574; x_wconf 85' lang='lat' dir='ltr'><strong>spiritus</strong></span> <span class='ocrx_word' id='word_1_498' title='bbox 323 3513 447 3574; x_wconf 88' lang='lat' dir='ltr'><strong>sint,</strong></span> <span class='ocrx_word' id='word_1_499' title='bbox 486 3521 541 3567; x_wconf 84' lang='lat' dir='ltr'><strong>et</strong></span> <span class='ocrx_word' id='word_1_500' title='bbox 571 3514 634 3566; x_wconf 86' lang='lat' dir='ltr'><strong>ad</strong></span> <span class='ocrx_word' id='word_1_501' title='bbox 666 3513 876 3566; x_wconf 85' lang='lat' dir='ltr'><strong>diversa</strong></span> <span class='ocrx_word' id='word_1_502' title='bbox 906 3523 1126 3582; x_wconf 89' lang='lat' dir='ltr'><strong>propter</strong></span> <span class='ocrx_word' id='word_1_503' title='bbox 1155 3528 1247 3568; x_wconf 90' lang='lat' dir='ltr'><strong>eos</strong></span> <span class='ocrx_word' id='word_1_504' title='bbox 1276 3514 1367 3583; x_wconf 92' lang='lat' dir='ltr'><strong>qui</strong></span> <span class='ocrx_word' id='word_1_505' title='bbox 1404 3514 1633 3569; x_wconf 87' lang='lat' dir='ltr'><strong>salutem</strong></span> 
     </span>
    </p>
   </div>
   <div class='ocr_carea' id='block_1_67' title="bbox 116 3603 1645 3670">
    <p class='ocr_par' dir='ltr' id='par_1_67' title="bbox 116 3603 1645 3670">
     <span class='ocr_line' id='line_1_67' title="bbox 116 3603 1645 3670; baseline 0.003 -18"><span class='ocrx_word' id='word_1_506' title='bbox 116 3604 341 3670; x_wconf 82' lang='lat' dir='ltr'><strong>accepturi</strong></span> <span class='ocrx_word' id='word_1_507' title='bbox 382 3613 530 3667; x_wconf 89' lang='lat' dir='ltr'><strong>sunt,</strong></span> <span class='ocrx_word' id='word_1_508' title='bbox 588 3603 888 3657; x_wconf 90' lang='lat' dir='ltr'><strong>ministeria</strong></span> <span class='ocrx_word' id='word_1_509' title='bbox 941 3606 1240 3668; x_wconf 88' lang='lat' dir='ltr'><strong>mittantur,</strong></span> <span class='ocrx_word' id='word_1_510' title='bbox 1274 3619 1379 3658; x_wconf 91' lang='lat' dir='ltr'><strong>non</strong></span> <span class='ocrx_word' id='word_1_511' title='bbox 1411 3613 1536 3657; x_wconf 87' lang='lat' dir='ltr'><strong>sunt</strong></span> <span class='ocrx_word' id='word_1_512' title='bbox 1564 3613 1645 3657; x_wconf 86' lang='lat' dir='ltr'><strong>ta-</strong></span> 
     </span>
    </p>
   </div>
   <div class='ocr_carea' id='block_1_68' title="bbox 117 3694 1644 3764">
    <p class='ocr_par' dir='ltr' id='par_1_68' title="bbox 117 3694 1644 3764">
     <span class='ocr_line' id='line_1_68' title="bbox 117 3694 1644 3764; baseline 0 -20"><span class='ocrx_word' id='word_1_513' title='bbox 117 3704 207 3745; x_wconf 83' lang='lat' dir='ltr'><strong>men</strong></span> <span class='ocrx_word' id='word_1_514' title='bbox 236 3702 473 3749; x_wconf 84' lang='lat' dir='ltr'><strong>auctores</strong></span> <span class='ocrx_word' id='word_1_515' title='bbox 507 3694 720 3756; x_wconf 87' lang='lat' dir='ltr'><strong>salutis,</strong></span> <span class='ocrx_word' id='word_1_516' title='bbox 755 3696 849 3748; x_wconf 85' lang='lat' dir='ltr'><strong>sed</strong></span> <span class='ocrx_word' id='word_1_517' title='bbox 875 3709 997 3748; x_wconf 90' lang='lat' dir='ltr'><strong>eum</strong></span> <span class='ocrx_word' id='word_1_518' title='bbox 1040 3697 1129 3764; x_wconf 91' lang='lat' dir='ltr'><strong>qui</strong></span> <span class='ocrx_word' id='word_1_519' title='bbox 1164 3695 1283 3749; x_wconf 82' lang='lat' dir='ltr'><strong>fons</strong></span> <span class='ocrx_word' id='word_1_520' title='bbox 1314 3695 1503 3750; x_wconf 85' lang='lat' dir='ltr'><strong>Salutis</strong></span> <span class='ocrx_word' id='word_1_521' title='bbox 1541 3704 1644 3759; x_wconf 86' lang='lat' dir='ltr'><strong>est,</strong></span> 
     </span>
    </p>
   </div>
   <div class='ocr_carea' id='block_1_69' title="bbox 116 3781 1644 3863">
    <p class='ocr_par' dir='ltr' id='par_1_69' title="bbox 116 3781 1644 3863">
     <span class='ocr_line' id='line_1_69' title="bbox 116 3781 1644 3863; baseline 0.005 -31"><span class='ocrx_word' id='word_1_522' title='bbox 116 3781 494 3853; x_wconf 82' lang='lat' dir='ltr'><strong>interpretantur</strong></span> <span class='ocrx_word' id='word_1_523' title='bbox 520 3796 577 3841; x_wconf 81' lang='lat' dir='ltr'><strong>et</strong></span> <span class='ocrx_word' id='word_1_524' title='bbox 608 3787 873 3840; x_wconf 85' lang='lat' dir='ltr'><strong>nuntiant.</strong></span> <span class='ocrx_word' id='word_1_525' title='bbox 917 3787 1067 3842; x_wconf 84' lang='lat' dir='ltr'><strong>Unde</strong></span> <span class='ocrx_word' id='word_1_526' title='bbox 1110 3787 1311 3841; x_wconf 83' lang='lat' dir='ltr'><strong>dictum</strong></span> <span class='ocrx_word' id='word_1_527' title='bbox 1347 3797 1451 3853; x_wconf 90' lang='lat' dir='ltr'><strong>est,</strong></span> <span class='ocrx_word' id='word_1_528' title='bbox 1486 3805 1507 3838; x_wconf 84' lang='grc'><em>‹</em></span> <span class='ocrx_word' id='word_1_529' title='bbox 1538 3802 1644 3863; x_wconf 68' lang='lat' dir='ltr'><strong>non</strong></span> 
     </span>
    </p>
   </div>
   <div class='ocr_carea' id='block_1_70' title="bbox 117 3870 1648 3947">
    <p class='ocr_par' dir='ltr' id='par_1_70' title="bbox 117 3870 1648 3947">
     <span class='ocr_line' id='line_1_70' title="bbox 117 3870 1648 3947; baseline 0.007 -25"><span class='ocrx_word' id='word_1_530' title='bbox 117 3870 297 3940; x_wconf 78' lang='lat' dir='ltr'><strong>legatus,</strong></span> <span class='ocrx_word' id='word_1_531' title='bbox 330 3889 507 3944; x_wconf 89' lang='lat' dir='ltr'><strong>neque</strong></span> <span class='ocrx_word' id='word_1_532' title='bbox 542 3877 784 3946; x_wconf 86' lang='lat' dir='ltr'><strong>angelus,</strong></span> <span class='ocrx_word' id='word_1_533' title='bbox 825 3878 918 3931; x_wconf 91' lang='lat' dir='ltr'><strong>sed</strong></span> <span class='ocrx_word' id='word_1_534' title='bbox 956 3880 1067 3947; x_wconf 90' lang='lat' dir='ltr'><strong>ipse</strong></span> <span class='ocrx_word' id='word_1_535' title='bbox 1117 3878 1376 3933; x_wconf 87' lang='lat' dir='ltr'><strong>Dominus</strong></span> <span class='ocrx_word' id='word_1_536' title='bbox 1421 3879 1648 3933; x_wconf 85' lang='lat' dir='ltr'><strong>salvavit</strong></span> 
     </span>
    </p>
   </div>
   <div class='ocr_carea' id='block_1_71' title="bbox 113 3964 1645 4040">
    <p class='ocr_par' dir='ltr' id='par_1_71' title="bbox 113 3964 1645 4040">
     <span class='ocr_line' id='line_1_71' title="bbox 113 3964 1645 4040; baseline 0.007 -24"><span class='ocrx_word' id='word_1_537' title='bbox 113 3977 229 4017; x_wconf 69' lang='lat' dir='ltr'><strong>cost</strong></span> <span class='ocrx_word' id='word_1_538' title='bbox 261 3964 366 4021; x_wconf 71' lang='lat' dir='ltr'><strong>Non</strong></span> <span class='ocrx_word' id='word_1_539' title='bbox 399 3978 629 4038; x_wconf 89' lang='lat' dir='ltr'><strong>propter</strong></span> <span class='ocrx_word' id='word_1_540' title='bbox 654 3970 795 4023; x_wconf 85' lang='lat' dir='ltr'><strong>aliud</strong></span> <span class='ocrx_word' id='word_1_541' title='bbox 831 3970 979 4039; x_wconf 90' lang='lat' dir='ltr'><strong>quid,</strong></span> <span class='ocrx_word' id='word_1_542' title='bbox 1005 3972 1098 4023; x_wconf 91' lang='lat' dir='ltr'><strong>sed</strong></span> <span class='ocrx_word' id='word_1_543' title='bbox 1129 3981 1345 4039; x_wconf 88' lang='lat' dir='ltr'><strong>propter</strong></span> <span class='ocrx_word' id='word_1_544' title='bbox 1370 3972 1444 4036; x_wconf 90' lang='lat' dir='ltr'><strong>id,</strong></span> <span class='ocrx_word' id='word_1_545' title='bbox 1475 3972 1645 4040; x_wconf 86' lang='lat' dir='ltr'><strong>«quod</strong></span> 
     </span>
    </p>
   </div>
   <div class='ocr_carea' id='block_1_72' title="bbox 115 4055 1648 4130">
    <p class='ocr_par' dir='ltr' id='par_1_72' title="bbox 115 4055 1648 4130">
     <span class='ocr_line' id='line_1_72' title="bbox 115 4055 1648 4130; baseline 0.006 -23"><span class='ocrx_word' id='word_1_546' title='bbox 115 4055 315 4125; x_wconf 85' lang='lat' dir='ltr'><strong>diligeret</strong></span> <span class='ocrx_word' id='word_1_547' title='bbox 354 4074 469 4125; x_wconf 89' lang='lat' dir='ltr'><strong>eos,</strong></span> <span class='ocrx_word' id='word_1_548' title='bbox 508 4072 566 4115; x_wconf 90' lang='lat' dir='ltr'><strong>et</strong></span> <span class='ocrx_word' id='word_1_549' title='bbox 604 4071 847 4130; x_wconf 89' lang='lat' dir='ltr'><strong>parceret</strong></span> <span class='ocrx_word' id='word_1_550' title='bbox 886 4063 983 4117; x_wconf 88' lang='lat' dir='ltr'><strong>eis.</strong></span> <span class='ocrx_word' id='word_1_551' title='bbox 1008 4082 1027 4114; x_wconf 74' lang='grc' dir='ltr'><strong>ι</strong></span> <span class='ocrx_word' id='word_1_552' title='bbox 1072 4063 1305 4117; x_wconf 86' lang='lat' dir='ltr'><strong>Parcere</strong></span> <span class='ocrx_word' id='word_1_553' title='bbox 1355 4073 1536 4117; x_wconf 90' lang='lat' dir='ltr'><strong>autem</strong></span> <span class='ocrx_word' id='word_1_554' title='bbox 1569 4064 1648 4116; x_wconf 87' lang='lat' dir='ltr'><strong>di-</strong></span> 
     </span>
    </p>
   </div>
   <div class='ocr_carea' id='block_1_73' title="bbox 112 4146 1645 4222">
    <p class='ocr_par' dir='ltr' id='par_1_73' title="bbox 112 4146 1645 4222">
     <span class='ocr_line' id='line_1_73' title="bbox 112 4146 1645 4222; baseline 0.005 -23"><span class='ocrx_word' id='word_1_555' title='bbox 112 4146 233 4212; x_wconf 87' lang='lat' dir='ltr'><strong>citur,</strong></span> <span class='ocrx_word' id='word_1_556' title='bbox 262 4154 410 4221; x_wconf 88' lang='lat' dir='ltr'><strong>quasi</strong></span> <span class='ocrx_word' id='word_1_557' title='bbox 459 4154 733 4209; x_wconf 91' lang='lat' dir='ltr'><strong>creaturis</strong></span> <span class='ocrx_word' id='word_1_558' title='bbox 781 4154 913 4220; x_wconf 91' lang='lat' dir='ltr'><strong>suis,</strong></span> <span class='ocrx_word' id='word_1_559' title='bbox 956 4154 1109 4222; x_wconf 83' lang='lat' dir='ltr'><strong>juxta</strong></span> <span class='ocrx_word' id='word_1_560' title='bbox 1159 4153 1285 4207; x_wconf 90' lang='lat' dir='ltr'><strong>illud</strong></span> <span class='ocrx_word' id='word_1_561' title='bbox 1336 4155 1476 4221; x_wconf 90' lang='lat' dir='ltr'><strong>quod</strong></span> <span class='ocrx_word' id='word_1_562' title='bbox 1517 4153 1645 4207; x_wconf 89' lang='lat' dir='ltr'><strong>alibi</strong></span> 
     </span>
    </p>
   </div>
   <div class='ocr_carea' id='block_1_74' title="bbox 112 4240 1648 4310">
    <p class='ocr_par' dir='ltr' id='par_1_74' title="bbox 112 4240 1648 4310">
     <span class='ocr_line' id='line_1_74' title="bbox 112 4240 1648 4310; baseline 0.004 -20"><span class='ocrx_word' id='word_1_563' title='bbox 112 4240 321 4296; x_wconf 87' lang='lat' dir='ltr'><strong>scribitur</strong></span> <span class='ocrx_word' id='word_1_564' title='bbox 347 4262 361 4297; x_wconf 88' lang='lat'><strong>:</strong></span> <span class='ocrx_word' id='word_1_565' title='bbox 395 4243 641 4298; x_wconf 86' lang='lat' dir='ltr'><strong>«Parces</strong></span> <span class='ocrx_word' id='word_1_566' title='bbox 665 4254 844 4299; x_wconf 89' lang='lat' dir='ltr'><strong>autem</strong></span> <span class='ocrx_word' id='word_1_567' title='bbox 876 4246 1146 4310; x_wconf 91' lang='lat' dir='ltr'><strong>omnibus,</strong></span> <span class='ocrx_word' id='word_1_568' title='bbox 1184 4246 1407 4299; x_wconf 88' lang='lat' dir='ltr'><strong>Domine</strong></span> <span class='ocrx_word' id='word_1_569' title='bbox 1435 4252 1648 4299; x_wconf 82' lang='lat' dir='ltr'><strong>amator</strong></span> 
     </span>
    </p>
   </div>
   <div class='ocr_carea' id='block_1_75' title="bbox 111 4328 1647 4405">
    <p class='ocr_par' dir='ltr' id='par_1_75' title="bbox 111 4328 1647 4405">
     <span class='ocr_line' id='line_1_75' title="bbox 111 4328 1647 4405; baseline 0.006 -24"><span class='ocrx_word' id='word_1_570' title='bbox 111 4328 390 4398; x_wconf 83' lang='lat' dir='ltr'><strong>animarum,</strong></span> <span class='ocrx_word' id='word_1_571' title='bbox 428 4336 562 4404; x_wconf 85' lang='lat' dir='ltr'><strong>quia</strong></span> <span class='ocrx_word' id='word_1_572' title='bbox 599 4343 705 4388; x_wconf 87' lang='lat' dir='ltr'><strong>tuae</strong></span> <span class='ocrx_word' id='word_1_573' title='bbox 751 4345 898 4399; x_wconf 88' lang='lat' dir='ltr'><strong>sunt,</strong></span> <span class='ocrx_word' id='word_1_574' title='bbox 930 4351 1101 4405; x_wconf 83' lang='lat' dir='ltr'><strong>neque</strong></span> <span class='ocrx_word' id='word_1_575' title='bbox 1143 4336 1285 4390; x_wconf 89' lang='lat' dir='ltr'><strong>enim</strong></span> <span class='ocrx_word' id='word_1_576' title='bbox 1332 4336 1484 4390; x_wconf 87' lang='lat' dir='ltr'><strong>odies</strong></span> <span class='ocrx_word' id='word_1_577' title='bbox 1512 4350 1647 4404; x_wconf 90' lang='lat' dir='ltr'><strong>quos</strong></span> 
     </span>
    </p>
   </div>
   <div class='ocr_carea' id='block_1_76' title="bbox 112 4418 1649 4496">
    <p class='ocr_par' dir='ltr' id='par_1_76' title="bbox 112 4418 1649 4496">
     <span class='ocr_line' id='line_1_76' title="bbox 112 4418 1649 4496; baseline 0.004 -22"><span class='ocrx_word' id='word_1_578' title='bbox 112 4418 327 4478; x_wconf 80' lang='lat' dir='ltr'><strong>iecisti&quot;.</strong></span> <span class='ocrx_word' id='word_1_579' title='bbox 354 4445 372 4477; x_wconf 72' lang='grc' dir='ltr'><strong>ι</strong></span> <span class='ocrx_word' id='word_1_580' title='bbox 418 4428 764 4495; x_wconf 85' lang='lat' dir='ltr'><strong>Quapropter</strong></span> <span class='ocrx_word' id='word_1_581' title='bbox 794 4436 848 4481; x_wconf 89' lang='lat' dir='ltr'><strong>et</strong></span> <span class='ocrx_word' id='word_1_582' title='bbox 887 4443 983 4496; x_wconf 88' lang='lat' dir='ltr'><strong>pro</strong></span> <span class='ocrx_word' id='word_1_583' title='bbox 1017 4442 1201 4481; x_wconf 91' lang='lat' dir='ltr'><strong>eorum</strong></span> <span class='ocrx_word' id='word_1_584' title='bbox 1237 4427 1408 4481; x_wconf 88' lang='lat' dir='ltr'><strong>salute</strong></span> <span class='ocrx_word' id='word_1_585' title='bbox 1434 4428 1649 4495; x_wconf 92' lang='lat' dir='ltr'><strong>proprio</strong></span> 
     </span>
    </p>
   </div>
   <div class='ocr_carea' id='block_1_77' title="bbox 1747 3233 3308 3307">
    <p class='ocr_par' dir='ltr' id='par_1_77' title="bbox 1747 3233 3308 3307">
     <span class='ocr_line' id='line_1_77' title="bbox 1747 3233 3308 3307; baseline -0.005 -15"><span class='ocrx_word' id='word_1_586' title='bbox 1747 3256 1899 3307; x_wconf 68' lang='lat' dir='ltr'><strong>eos,»</strong></span> <span class='ocrx_word' id='word_1_587' title='bbox 1946 3248 1999 3293; x_wconf 91' lang='lat' dir='ltr'><strong>et</strong></span> <span class='ocrx_word' id='word_1_588' title='bbox 2034 3237 2261 3307; x_wconf 85' lang='lat' dir='ltr'><strong>subjecit</strong></span> <span class='ocrx_word' id='word_1_589' title='bbox 2298 3235 2684 3303; x_wconf 89' lang='lat' dir='ltr'><strong>multiplicibus</strong></span> <span class='ocrx_word' id='word_1_590' title='bbox 2731 3236 3011 3306; x_wconf 88' lang='lat' dir='ltr'><strong>longisque</strong></span> <span class='ocrx_word' id='word_1_591' title='bbox 3048 3233 3308 3288; x_wconf 89' lang='lat' dir='ltr'><strong>cruciati-</strong></span> 
     </span>
    </p>
   </div>
   <div class='ocr_carea' id='block_1_78' title="bbox 1744 3323 3315 3399">
    <p class='ocr_par' dir='ltr' id='par_1_78' title="bbox 1744 3323 3315 3399">
     <span class='ocr_line' id='line_1_78' title="bbox 1744 3323 3315 3399; baseline -0.009 -13"><span class='ocrx_word' id='word_1_592' title='bbox 1744 3333 1865 3395; x_wconf 91' lang='lat' dir='ltr'><strong>bus,</strong></span> <span class='ocrx_word' id='word_1_593' title='bbox 1896 3339 1954 3385; x_wconf 94' lang='lat' dir='ltr'><strong>ut</strong></span> <span class='ocrx_word' id='word_1_594' title='bbox 1988 3344 2085 3384; x_wconf 91' lang='lat' dir='ltr'><strong>nec</strong></span> <span class='ocrx_word' id='word_1_595' title='bbox 2119 3331 2170 3383; x_wconf 93' lang='lat' dir='ltr'><strong>in</strong></span> <span class='ocrx_word' id='word_1_596' title='bbox 2200 3327 2449 3399; x_wconf 81' lang='lat' dir='ltr'><strong>praesenti</strong></span> <span class='ocrx_word' id='word_1_597' title='bbox 2477 3338 2739 3394; x_wconf 88' lang='lat' dir='ltr'><strong>tempore,</strong></span> <span class='ocrx_word' id='word_1_598' title='bbox 2764 3340 2863 3380; x_wconf 89' lang='lat' dir='ltr'><strong>nec</strong></span> <span class='ocrx_word' id='word_1_599' title='bbox 2890 3326 2941 3379; x_wconf 93' lang='lat' dir='ltr'><strong>in</strong></span> <span class='ocrx_word' id='word_1_600' title='bbox 2975 3323 3153 3378; x_wconf 82' lang='lat' dir='ltr'><strong>futuro</strong></span> <span class='ocrx_word' id='word_1_601' title='bbox 3179 3336 3315 3376; x_wconf 75' lang='lat' dir='ltr'><strong>con-</strong></span> 
     </span>
    </p>
   </div>
   <div class='ocr_carea' id='block_1_79' title="bbox 1744 3415 3321 3492">
    <p class='ocr_par' dir='ltr' id='par_1_79' title="bbox 1744 3415 3321 3492">
     <span class='ocr_line' id='line_1_79' title="bbox 1744 3415 3321 3492; baseline -0.008 -12"><span class='ocrx_word' id='word_1_602' title='bbox 1744 3434 2036 3492; x_wconf 77' lang='lat' dir='ltr'><strong>sequantur</strong></span> <span class='ocrx_word' id='word_1_603' title='bbox 2056 3424 2263 3477; x_wconf 88' lang='lat' dir='ltr'><strong>veniam</strong></span> <span class='ocrx_word' id='word_1_604' title='bbox 2286 3430 2654 3490; x_wconf 88' lang='lat' dir='ltr'><strong>peccatorum.</strong></span> <span class='ocrx_word' id='word_1_605' title='bbox 2677 3419 3144 3475; x_wconf 80' lang='lat' dir='ltr'><strong>Exacerbaverunt</strong></span> <span class='ocrx_word' id='word_1_606' title='bbox 3162 3415 3321 3470; x_wconf 85' lang='lat' dir='ltr'><strong>enim-</strong></span> 
     </span>
    </p>
   </div>
   <div class='ocr_carea' id='block_1_80' title="bbox 1745 3507 3308 3584">
    <p class='ocr_par' dir='ltr' id='par_1_80' title="bbox 1745 3507 3308 3584">
     <span class='ocr_line' id='line_1_80' title="bbox 1745 3507 3308 3584; baseline -0.008 -13"><span class='ocrx_word' id='word_1_607' title='bbox 1745 3517 2004 3584; x_wconf 89' lang='lat' dir='ltr'><strong>Spiritum</strong></span> <span class='ocrx_word' id='word_1_608' title='bbox 2067 3526 2311 3570; x_wconf 88' lang='lat' dir='ltr'><strong>sanctum</strong></span> <span class='ocrx_word' id='word_1_609' title='bbox 2374 3513 2534 3583; x_wconf 88' lang='lat' dir='ltr'><strong>ejus,</strong></span> <span class='ocrx_word' id='word_1_610' title='bbox 2574 3511 2640 3567; x_wconf 37' lang='lat' dir='ltr'><strong>‘et</strong></span> <span class='ocrx_word' id='word_1_611' title='bbox 2698 3510 3201 3581; x_wconf 87' lang='lat' dir='ltr'><strong>blasphemaverunt</strong></span> <span class='ocrx_word' id='word_1_612' title='bbox 3253 3507 3308 3561; x_wconf 90' lang='lat' dir='ltr'><strong>in</strong></span> 
     </span>
    </p>
   </div>
   <div class='ocr_carea' id='block_1_81' title="bbox 1746 3609 1916 3662">
    <p class='ocr_par' dir='ltr' id='par_1_81' title="bbox 1746 3609 1916 3662">
     <span class='ocr_line' id='line_1_81' title="bbox 1746 3609 1916 3662; baseline 0 0"><span class='ocrx_word' id='word_1_613' title='bbox 1746 3609 1916 3662; x_wconf 91' lang='lat' dir='ltr'><strong>illum.</strong></span> 
     </span>
    </p>
   </div>
   <div class='ocr_carea' id='block_1_82' title="bbox 1815 3689 3305 3759">
    <p class='ocr_par' dir='ltr' id='par_1_82' title="bbox 1815 3689 3305 3759">
     <span class='ocr_line' id='line_1_82' title="bbox 1815 3689 3305 3759; baseline -0.008 -6"><span class='ocrx_word' id='word_1_614' title='bbox 1815 3700 1907 3757; x_wconf 73' lang='grc'><strong>48.</strong></span> <span class='ocrx_word' id='word_1_615' title='bbox 1949 3698 2006 3753; x_wconf 92' lang='lat' dir='ltr'><strong>Si</strong></span> <span class='ocrx_word' id='word_1_616' title='bbox 2036 3707 2217 3754; x_wconf 87' lang='lat' dir='ltr'><strong>autem</strong></span> <span class='ocrx_word' id='word_1_617' title='bbox 2246 3696 2480 3752; x_wconf 91' lang='lat' dir='ltr'><strong>volneris</strong></span> <span class='ocrx_word' id='word_1_618' title='bbox 2508 3696 2611 3751; x_wconf 90' lang='lat' dir='ltr'><strong>hoc</strong></span> <span class='ocrx_word' id='word_1_619' title='bbox 2647 3697 2713 3748; x_wconf 84' lang='lat' dir='ltr'><strong>de</strong></span> <span class='ocrx_word' id='word_1_620' title='bbox 2745 3692 2947 3748; x_wconf 66' lang='lat' dir='ltr'><strong>Iudaeis</strong></span> <span class='ocrx_word' id='word_1_621' title='bbox 2987 3689 3305 3759; x_wconf 84' lang='lat' dir='ltr'><strong>intelligere,</strong></span> 
     </span>
    </p>
   </div>
   <div class='ocr_carea' id='block_1_83' title="bbox 1746 3780 3319 3858">
    <p class='ocr_par' dir='ltr' id='par_1_83' title="bbox 1746 3780 3319 3858">
     <span class='ocr_line' id='line_1_83' title="bbox 1746 3780 3319 3858; baseline -0.007 -15"><span class='ocrx_word' id='word_1_622' title='bbox 1746 3791 1838 3858; x_wconf 89' lang='lat' dir='ltr'><strong>qui</strong></span> <span class='ocrx_word' id='word_1_623' title='bbox 1878 3789 2264 3844; x_wconf 81' lang='lat' dir='ltr'><strong>cruciﬁxerunt</strong></span> <span class='ocrx_word' id='word_1_624' title='bbox 2307 3786 2591 3840; x_wconf 88' lang='lat' dir='ltr'><strong>Dominum</strong></span> <span class='ocrx_word' id='word_1_625' title='bbox 2639 3785 2996 3848; x_wconf 86' lang='lat' dir='ltr'><strong>Salvatorem,</strong></span> <span class='ocrx_word' id='word_1_626' title='bbox 3025 3791 3080 3835; x_wconf 90' lang='lat' dir='ltr'><strong>et</strong></span> <span class='ocrx_word' id='word_1_627' title='bbox 3110 3780 3319 3835; x_wconf 31' lang='lat' dir='ltr'><strong>idcirco»</strong></span> 
     </span>
    </p>
   </div>
   <div class='ocr_carea' id='block_1_84' title="bbox 1748 3873 3311 3947">
    <p class='ocr_par' dir='ltr' id='par_1_84' title="bbox 1748 3873 3311 3947">
     <span class='ocr_line' id='line_1_84' title="bbox 1748 3873 3311 3947; baseline -0.008 -12"><span class='ocrx_word' id='word_1_628' title='bbox 1748 3877 2483 3947; x_wconf 71' lang='lat' dir='ltr'><strong>esacerbaveruntSpiritum</strong></span> <span class='ocrx_word' id='word_1_629' title='bbox 2507 3883 2779 3941; x_wconf 87' lang='lat' dir='ltr'><strong>sanctum,</strong></span> <span class='ocrx_word' id='word_1_630' title='bbox 2809 3875 2861 3930; x_wconf 89' lang='lat' dir='ltr'><strong>id</strong></span> <span class='ocrx_word' id='word_1_631' title='bbox 2890 3874 3030 3944; x_wconf 91' lang='lat' dir='ltr'><strong>quod</strong></span> <span class='ocrx_word' id='word_1_632' title='bbox 3052 3873 3311 3941; x_wconf 89' lang='lat' dir='ltr'><strong>scriptum</strong></span> 
     </span>
    </p>
   </div>
   <div class='ocr_carea' id='block_1_85' title="bbox 1747 3964 3312 4040">
    <p class='ocr_par' dir='ltr' id='par_1_85' title="bbox 1747 3964 3312 4040">
     <span class='ocr_line' id='line_1_85' title="bbox 1747 3964 3312 4040; baseline -0.005 -15"><span class='ocrx_word' id='word_1_633' title='bbox 1747 3983 1852 4038; x_wconf 82' lang='lat' dir='ltr'><strong>est,</strong></span> <span class='ocrx_word' id='word_1_634' title='bbox 1886 3990 1905 4024; x_wconf 86' lang='lat'><strong>«</strong></span> <span class='ocrx_word' id='word_1_635' title='bbox 1934 3973 2047 4040; x_wconf 83' lang='lat' dir='ltr'><strong>ipse</strong></span> <span class='ocrx_word' id='word_1_636' title='bbox 2096 3969 2379 4025; x_wconf 85' lang='lat' dir='ltr'><strong>debellavit</strong></span> <span class='ocrx_word' id='word_1_637' title='bbox 2416 3982 2532 4032; x_wconf 89' lang='lat' dir='ltr'><strong>eos,</strong></span> <span class='ocrx_word' id='word_1_638' title='bbox 2557 3987 2575 4020; x_wconf 73' lang='lat' dir='ltr'><strong>i</strong></span> <span class='ocrx_word' id='word_1_639' title='bbox 2612 3969 2680 4022; x_wconf 90' lang='lat' dir='ltr'><strong>ad</strong></span> <span class='ocrx_word' id='word_1_640' title='bbox 2714 3966 2859 4022; x_wconf 89' lang='lat' dir='ltr'><strong>illam</strong></span> <span class='ocrx_word' id='word_1_641' title='bbox 2891 3976 2972 4020; x_wconf 85' lang='lat' dir='ltr'><strong>est</strong></span> <span class='ocrx_word' id='word_1_642' title='bbox 3007 3964 3312 4033; x_wconf 82' lang='lat' dir='ltr'><strong>intelligen-</strong></span> 
     </span>
    </p>
   </div>
   <div class='ocr_carea' id='block_1_86' title="bbox 1752 4058 3334 4131">
    <p class='ocr_par' dir='ltr' id='par_1_86' title="bbox 1752 4058 3334 4131">
     <span class='ocr_line' id='line_1_86' title="bbox 1752 4058 3334 4131; baseline -0.006 -14"><span class='ocrx_word' id='word_1_643' title='bbox 1752 4066 1878 4117; x_wconf 81' lang='lat' dir='ltr'><strong>tiam</strong></span> <span class='ocrx_word' id='word_1_644' title='bbox 1903 4062 2262 4125; x_wconf 79' lang='lat' dir='ltr'><strong>referendum,</strong></span> <span class='ocrx_word' id='word_1_645' title='bbox 2285 4061 2429 4131; x_wconf 91' lang='lat' dir='ltr'><strong>quod</strong></span> <span class='ocrx_word' id='word_1_646' title='bbox 2446 4060 2703 4115; x_wconf 83' lang='lat' dir='ltr'><strong>Romanis</strong></span> <span class='ocrx_word' id='word_1_647' title='bbox 2729 4058 2905 4114; x_wconf 90' lang='lat' dir='ltr'><strong>traditi</strong></span> <span class='ocrx_word' id='word_1_648' title='bbox 2934 4066 3080 4121; x_wconf 90' lang='lat' dir='ltr'><strong>sunt,</strong></span> <span class='ocrx_word' id='word_1_649' title='bbox 3098 4058 3334 4126; x_wconf 38' lang='lat' dir='ltr'><strong>quando.</strong></span> 
     </span>
    </p>
   </div>
   <div class='ocr_carea' id='block_1_87' title="bbox 1748 4150 3312 4227">
    <p class='ocr_par' dir='ltr' id='par_1_87' title="bbox 1748 4150 3312 4227">
     <span class='ocr_line' id='line_1_87' title="bbox 1748 4150 3312 4227; baseline -0.005 -18"><span class='ocrx_word' id='word_1_650' title='bbox 1748 4158 1893 4213; x_wconf 88' lang='lat' dir='ltr'><strong>venit</strong></span> <span class='ocrx_word' id='word_1_651' title='bbox 1920 4173 2080 4227; x_wconf 87' lang='lat' dir='ltr'><strong>super</strong></span> <span class='ocrx_word' id='word_1_652' title='bbox 2110 4172 2204 4213; x_wconf 86' lang='lat' dir='ltr'><strong>eos</strong></span> <span class='ocrx_word' id='word_1_653' title='bbox 2238 4157 2315 4210; x_wconf 89' lang='lat' dir='ltr'><strong>ira</strong></span> <span class='ocrx_word' id='word_1_654' title='bbox 2357 4154 2450 4210; x_wconf 89' lang='lat' dir='ltr'><strong>Dei</strong></span> <span class='ocrx_word' id='word_1_655' title='bbox 2485 4157 2537 4209; x_wconf 90' lang='lat' dir='ltr'><strong>in</strong></span> <span class='ocrx_word' id='word_1_656' title='bbox 2570 4156 2752 4209; x_wconf 88' lang='lat' dir='ltr'><strong>linem.</strong></span> <span class='ocrx_word' id='word_1_657' title='bbox 2789 4153 2848 4208; x_wconf 88' lang='lat' dir='ltr'><strong>In</strong></span> <span class='ocrx_word' id='word_1_658' title='bbox 2893 4154 3143 4206; x_wconf 89' lang='lat' dir='ltr'><strong>universo</strong></span> <span class='ocrx_word' id='word_1_659' title='bbox 3169 4150 3312 4204; x_wconf 87' lang='lat' dir='ltr'><strong>enim</strong></span> 
     </span>
    </p>
   </div>
   <div class='ocr_carea' id='block_1_88' title="bbox 1748 4241 3321 4327">
    <p class='ocr_par' dir='ltr' id='par_1_88' title="bbox 1748 4241 3321 4327">
     <span class='ocr_line' id='line_1_88' title="bbox 1748 4241 3321 4327; baseline -0.008 -22"><span class='ocrx_word' id='word_1_660' title='bbox 1748 4251 1877 4327; x_wconf 83' lang='lat' dir='ltr'><strong>orbe</strong></span> <span class='ocrx_word' id='word_1_661' title='bbox 1921 4248 2234 4317; x_wconf 88' lang='lat' dir='ltr'><strong>cunctisque</strong></span> <span class='ocrx_word' id='word_1_662' title='bbox 2282 4246 2592 4315; x_wconf 88' lang='lat' dir='ltr'><strong>regionibus</strong></span> <span class='ocrx_word' id='word_1_663' title='bbox 2627 4245 2725 4300; x_wconf 92' lang='lat' dir='ltr'><strong>soli</strong></span> <span class='ocrx_word' id='word_1_664' title='bbox 2763 4244 2979 4299; x_wconf 81' lang='lat' dir='ltr'><strong>exsules</strong></span> <span class='ocrx_word' id='word_1_665' title='bbox 3019 4241 3225 4313; x_wconf 68' lang='lat' dir='ltr'><strong>patriae,</strong></span> <span class='ocrx_word' id='word_1_666' title='bbox 3257 4241 3321 4293; x_wconf 21' lang='lat' dir='ltr'><strong>in.</strong></span> 
     </span>
    </p>
   </div>
   <div class='ocr_carea' id='block_1_89' title="bbox 1752 4337 3316 4411">
    <p class='ocr_par' dir='ltr' id='par_1_89' title="bbox 1752 4337 3316 4411">
     <span class='ocr_line' id='line_1_89' title="bbox 1752 4337 3316 4411; baseline -0.008 -15"><span class='ocrx_word' id='word_1_667' title='bbox 1752 4352 1892 4396; x_wconf 88' lang='lat' dir='ltr'><strong>terra</strong></span> <span class='ocrx_word' id='word_1_668' title='bbox 1928 4350 2187 4411; x_wconf 88' lang='lat' dir='ltr'><strong>vagantur</strong></span> <span class='ocrx_word' id='word_1_669' title='bbox 2216 4339 2415 4403; x_wconf 86' lang='lat' dir='ltr'><strong>aliena,</strong></span> <span class='ocrx_word' id='word_1_670' title='bbox 2469 4353 2573 4391; x_wconf 92' lang='lat' dir='ltr'><strong>non</strong></span> <span class='ocrx_word' id='word_1_671' title='bbox 2623 4339 2810 4393; x_wconf 89' lang='lat' dir='ltr'><strong>urbem</strong></span> <span class='ocrx_word' id='word_1_672' title='bbox 2859 4337 3156 4404; x_wconf 90' lang='lat' dir='ltr'><strong>antiquam,</strong></span> <span class='ocrx_word' id='word_1_673' title='bbox 3207 4346 3316 4385; x_wconf 83' lang='lat' dir='ltr'><strong>non</strong></span> 
     </span>
    </p>
   </div>
   <div class='ocr_carea' id='block_1_90' title="bbox 1751 4427 3317 4504">
    <p class='ocr_par' dir='ltr' id='par_1_90' title="bbox 1751 4427 3317 4504">
     <span class='ocr_line' id='line_1_90' title="bbox 1751 4427 3317 4504; baseline -0.007 -16"><span class='ocrx_word' id='word_1_674' title='bbox 1751 4436 1907 4489; x_wconf 90' lang='lat' dir='ltr'><strong>sedes</strong></span> <span class='ocrx_word' id='word_1_675' title='bbox 1953 4434 2198 4504; x_wconf 83' lang='lat' dir='ltr'><strong>proprias</strong></span> <span class='ocrx_word' id='word_1_676' title='bbox 2241 4433 2603 4501; x_wconf 83' lang='lat' dir='ltr'><strong>possidentes,</strong></span> <span class='ocrx_word' id='word_1_677' title='bbox 2642 4432 2695 4485; x_wconf 91' lang='lat' dir='ltr'><strong>id</strong></span> <span class='ocrx_word' id='word_1_678' title='bbox 2740 4429 2881 4499; x_wconf 91' lang='lat' dir='ltr'><strong>quod</strong></span> <span class='ocrx_word' id='word_1_679' title='bbox 2942 4427 3317 4497; x_wconf 81' lang='lat' dir='ltr'><strong>prophetiset</strong></span> 
     </span>
    </p>
   </div>
   <div class='ocr_carea' id='block_1_91' title="bbox 111 4508 3383 4599">
    <p class='ocr_par' dir='ltr' id='par_1_91' title="bbox 111 4508 3383 4599">
     <span class='ocr_line' id='line_1_91' title="bbox 111 4508 3383 4599; baseline 0.002 -36"><span class='ocrx_word' id='word_1_680' title='bbox 111 4508 215 4568; x_wconf 86' lang='lat' dir='ltr'><strong>Filio</strong></span> <span class='ocrx_word' id='word_1_681' title='bbox 246 4531 343 4571; x_wconf 87' lang='lat' dir='ltr'><strong>non</strong></span> <span class='ocrx_word' id='word_1_682' title='bbox 387 4532 625 4585; x_wconf 84' lang='lat' dir='ltr'><strong>parcens</strong></span> <span class='ocrx_word' id='word_1_683' title='bbox 678 4518 859 4584; x_wconf 89' lang='lat' dir='ltr'><strong>Pater,</strong></span> <span class='ocrx_word' id='word_1_684' title='bbox 892 4517 1111 4573; x_wconf 89' lang='lat' dir='ltr'><strong>tradidit</strong></span> <span class='ocrx_word' id='word_1_685' title='bbox 1144 4533 1264 4572; x_wconf 91' lang='lat' dir='ltr'><strong>eum</strong></span> <span class='ocrx_word' id='word_1_686' title='bbox 1300 4520 1351 4571; x_wconf 94' lang='lat' dir='ltr'><strong>in</strong></span> <span class='ocrx_word' id='word_1_687' title='bbox 1395 4528 1643 4583; x_wconf 87' lang='lat' dir='ltr'><strong>mortem,</strong></span> <span class='ocrx_word' id='word_1_688' title='bbox 1676 4517 1724 4576; x_wconf 75' lang='grc' dir='ltr'>Β</span> <span class='ocrx_word' id='word_1_689' title='bbox 1750 4525 2009 4589; x_wconf 84' lang='lat' dir='ltr'><strong>Salvatori</strong></span> <span class='ocrx_word' id='word_1_690' title='bbox 2043 4539 2140 4579; x_wconf 91' lang='lat' dir='ltr'><strong>suo</strong></span> <span class='ocrx_word' id='word_1_691' title='bbox 2170 4524 2430 4589; x_wconf 78' lang='lat' dir='ltr'><strong>fecerunt,</strong></span> <span class='ocrx_word' id='word_1_692' title='bbox 2467 4532 2803 4593; x_wconf 88' lang='lat' dir='ltr'><strong>receperunt.</strong></span> <span class='ocrx_word' id='word_1_693' title='bbox 2841 4521 2975 4587; x_wconf 86' lang='lat' dir='ltr'><strong>Quia</strong></span> <span class='ocrx_word' id='word_1_694' title='bbox 3014 4520 3156 4574; x_wconf 89' lang='lat' dir='ltr'><strong>enim</strong></span> <span class='ocrx_word' id='word_1_695' title='bbox 3191 4531 3317 4570; x_wconf 87' lang='lat' dir='ltr'><strong>san-</strong></span> <span class='ocrx_word' id='word_1_696' title='bbox 3378 4588 3383 4599; x_wconf 33' lang='grc'><strong><em>1</em></strong></span> 
     </span>
    </p>
   </div>
   <div class='ocr_carea' id='block_1_92' title="bbox 110 4606 1647 4675">
    <p class='ocr_par' dir='ltr' id='par_1_92' title="bbox 110 4606 1647 4675">
     <span class='ocr_line' id='line_1_92' title="bbox 110 4606 1647 4675; baseline 0.002 -17"><span class='ocrx_word' id='word_1_697' title='bbox 110 4610 154 4653; x_wconf 81' lang='lat' dir='ltr'><strong>ut</strong></span> <span class='ocrx_word' id='word_1_698' title='bbox 186 4619 266 4671; x_wconf 88' lang='lat' dir='ltr'><strong>per</strong></span> <span class='ocrx_word' id='word_1_699' title='bbox 308 4617 542 4661; x_wconf 89' lang='lat' dir='ltr'><strong>mortem</strong></span> <span class='ocrx_word' id='word_1_700' title='bbox 588 4606 707 4661; x_wconf 86' lang='lat' dir='ltr'><strong>Filii</strong></span> <span class='ocrx_word' id='word_1_701' title='bbox 755 4608 836 4660; x_wconf 91' lang='lat' dir='ltr'><strong>sui</strong></span> <span class='ocrx_word' id='word_1_702' title='bbox 882 4607 1157 4660; x_wconf 90' lang='lat' dir='ltr'><strong>destructo</strong></span> <span class='ocrx_word' id='word_1_703' title='bbox 1195 4621 1259 4659; x_wconf 91' lang='lat' dir='ltr'><strong>eo</strong></span> <span class='ocrx_word' id='word_1_704' title='bbox 1288 4607 1378 4675; x_wconf 91' lang='lat' dir='ltr'><strong>qui</strong></span> <span class='ocrx_word' id='word_1_705' title='bbox 1414 4608 1647 4661; x_wconf 88' lang='lat' dir='ltr'><strong>habebat</strong></span> 
     </span>
    </p>
   </div>
   <div class='ocr_carea' id='block_1_93' title="bbox 111 4696 1648 4767">
    <p class='ocr_par' dir='ltr' id='par_1_93' title="bbox 111 4696 1648 4767">
     <span class='ocr_line' id='line_1_93' title="bbox 111 4696 1648 4767; baseline 0.005 -22"><span class='ocrx_word' id='word_1_706' title='bbox 111 4696 263 4750; x_wconf 85' lang='lat' dir='ltr'><strong>mortis</strong></span> <span class='ocrx_word' id='word_1_707' title='bbox 294 4697 613 4767; x_wconf 90' lang='lat' dir='ltr'><strong>imperium,</strong></span> <span class='ocrx_word' id='word_1_708' title='bbox 642 4700 745 4753; x_wconf 89' lang='lat' dir='ltr'><strong>hoe</strong></span> <span class='ocrx_word' id='word_1_709' title='bbox 768 4708 850 4765; x_wconf 87' lang='lat' dir='ltr'><strong>est</strong></span> <span class='ocrx_word' id='word_1_710' title='bbox 880 4697 1112 4761; x_wconf 86' lang='lat' dir='ltr'><strong>diabolo,</strong></span> <span class='ocrx_word' id='word_1_711' title='bbox 1143 4698 1432 4752; x_wconf 88' lang='lat' dir='ltr'><strong>redimeret</strong></span> <span class='ocrx_word' id='word_1_712' title='bbox 1460 4713 1648 4753; x_wconf 90' lang='lat' dir='ltr'><strong>omnes</strong></span> 
     </span>
    </p>
   </div>
   <div class='ocr_carea' id='block_1_94' title="bbox 108 4784 1649 4856">
    <p class='ocr_par' dir='ltr' id='par_1_94' title="bbox 108 4784 1649 4856">
     <span class='ocr_line' id='line_1_94' title="bbox 108 4784 1649 4856; baseline 0.006 -22"><span class='ocrx_word' id='word_1_713' title='bbox 108 4784 174 4847; x_wconf 86' lang='lat' dir='ltr'><strong>qui</strong></span> <span class='ocrx_word' id='word_1_714' title='bbox 195 4786 251 4837; x_wconf 84' lang='lat' dir='ltr'><strong>ab</strong></span> <span class='ocrx_word' id='word_1_715' title='bbox 278 4802 340 4842; x_wconf 92' lang='lat' dir='ltr'><strong>eo</strong></span> <span class='ocrx_word' id='word_1_716' title='bbox 368 4790 707 4856; x_wconf 88' lang='lat' dir='ltr'><strong>captivitatis</strong></span> <span class='ocrx_word' id='word_1_717' title='bbox 738 4789 948 4843; x_wconf 84' lang='lat' dir='ltr'><strong>vinculo</strong></span> <span class='ocrx_word' id='word_1_718' title='bbox 978 4789 1319 4843; x_wconf 86' lang='lat' dir='ltr'><strong>tenebantur.</strong></span> <span class='ocrx_word' id='word_1_719' title='bbox 1340 4788 1492 4843; x_wconf 86' lang='lat' dir='ltr'><strong>Unde</strong></span> <span class='ocrx_word' id='word_1_720' title='bbox 1520 4791 1649 4843; x_wconf 87' lang='lat' dir='ltr'><strong>sub-</strong></span> 
     </span>
    </p>
   </div>
   <div class='ocr_carea' id='block_1_95' title="bbox 102 4870 1644 4949">
    <p class='ocr_par' dir='ltr' id='par_1_95' title="bbox 102 4870 1644 4949">
     <span class='ocr_line' id='line_1_95' title="bbox 102 4870 1644 4949; baseline 0.008 -28"><span class='ocrx_word' id='word_1_721' title='bbox 102 4870 284 4937; x_wconf 86' lang='lat' dir='ltr'><strong>jicitur:</strong></span> <span class='ocrx_word' id='word_1_722' title='bbox 316 4878 484 4947; x_wconf 86' lang='lat' dir='ltr'><strong>«Ipse</strong></span> <span class='ocrx_word' id='word_1_723' title='bbox 529 4888 713 4934; x_wconf 89' lang='lat' dir='ltr'><strong>autem</strong></span> <span class='ocrx_word' id='word_1_724' title='bbox 760 4880 986 4934; x_wconf 89' lang='lat' dir='ltr'><strong>redemit</strong></span> <span class='ocrx_word' id='word_1_725' title='bbox 1026 4895 1139 4943; x_wconf 89' lang='lat' dir='ltr'><strong>eos,</strong></span> <span class='ocrx_word' id='word_1_726' title='bbox 1177 4889 1228 4933; x_wconf 90' lang='lat' dir='ltr'><strong>et</strong></span> <span class='ocrx_word' id='word_1_727' title='bbox 1263 4884 1501 4949; x_wconf 81' lang='lat' dir='ltr'><strong>suscepit</strong></span> <span class='ocrx_word' id='word_1_728' title='bbox 1527 4896 1644 4944; x_wconf 79' lang='lat' dir='ltr'><strong>eos,</strong></span> 
     </span>
    </p>
   </div>
   <div class='ocr_carea' id='block_1_96' title="bbox 103 4968 1647 5039">
    <p class='ocr_par' dir='ltr' id='par_1_96' title="bbox 103 4968 1647 5039">
     <span class='ocr_line' id='line_1_96' title="bbox 103 4968 1647 5039; baseline 0.006 -25"><span class='ocrx_word' id='word_1_729' title='bbox 103 4974 145 5014; x_wconf 85' lang='lat' dir='ltr'><strong>et</strong></span> <span class='ocrx_word' id='word_1_730' title='bbox 165 4968 402 5023; x_wconf 84' lang='lat' dir='ltr'><strong>exaltavit</strong></span> <span class='ocrx_word' id='word_1_731' title='bbox 440 4971 630 5026; x_wconf 65' lang='lat' dir='ltr'><strong>illos.»</strong></span> <span class='ocrx_word' id='word_1_732' title='bbox 676 4970 912 5039; x_wconf 86' lang='lat' dir='ltr'><strong>Suscipit</strong></span> <span class='ocrx_word' id='word_1_733' title='bbox 934 4972 1083 5025; x_wconf 88' lang='lat' dir='ltr'><strong>enim</strong></span> <span class='ocrx_word' id='word_1_734' title='bbox 1127 4971 1434 5039; x_wconf 64' lang='lat' dir='ltr'><strong>eaaltatque</strong></span> <span class='ocrx_word' id='word_1_735' title='bbox 1472 4971 1647 5025; x_wconf 89' lang='lat' dir='ltr'><strong>salva-</strong></span> 
     </span>
    </p>
   </div>
   <div class='ocr_carea' id='block_1_97' title="bbox 108 5062 1649 5131">
    <p class='ocr_par' dir='ltr' id='par_1_97' title="bbox 108 5062 1649 5131">
     <span class='ocr_line' id='line_1_97' title="bbox 108 5062 1649 5131; baseline 0.006 -24"><span class='ocrx_word' id='word_1_736' title='bbox 108 5064 187 5118; x_wconf 88' lang='lat' dir='ltr'><strong>tos,</strong></span> <span class='ocrx_word' id='word_1_737' title='bbox 219 5068 264 5112; x_wconf 90' lang='lat' dir='ltr'><strong>et</strong></span> <span class='ocrx_word' id='word_1_738' title='bbox 295 5062 610 5131; x_wconf 85' lang='lat' dir='ltr'><strong>redemptos</strong></span> <span class='ocrx_word' id='word_1_739' title='bbox 641 5063 693 5117; x_wconf 93' lang='lat' dir='ltr'><strong>in</strong></span> <span class='ocrx_word' id='word_1_740' title='bbox 726 5064 953 5117; x_wconf 91' lang='lat' dir='ltr'><strong>sublime</strong></span> <span class='ocrx_word' id='word_1_741' title='bbox 986 5064 1119 5117; x_wconf 90' lang='lat' dir='ltr'><strong>tollit</strong></span> <span class='ocrx_word' id='word_1_742' title='bbox 1150 5066 1409 5117; x_wconf 84' lang='lat' dir='ltr'><strong>virtutum</strong></span> <span class='ocrx_word' id='word_1_743' title='bbox 1442 5064 1565 5126; x_wconf 88' lang='lat' dir='ltr'><strong>alis,</strong></span> <span class='ocrx_word' id='word_1_744' title='bbox 1594 5072 1649 5116; x_wconf 90' lang='lat' dir='ltr'><strong>et</strong></span> 
     </span>
    </p>
   </div>
   <div class='ocr_carea' id='block_1_98' title="bbox 103 5151 1649 5219">
    <p class='ocr_par' dir='ltr' id='par_1_98' title="bbox 103 5151 1649 5219">
     <span class='ocr_line' id='line_1_98' title="bbox 103 5151 1649 5219; baseline 0.006 -20"><span class='ocrx_word' id='word_1_745' title='bbox 103 5151 364 5208; x_wconf 80' lang='lat' dir='ltr'><strong>eruditione</strong></span> <span class='ocrx_word' id='word_1_746' title='bbox 410 5166 469 5209; x_wconf 84' lang='lat' dir='ltr'><strong>et</strong></span> <span class='ocrx_word' id='word_1_747' title='bbox 511 5156 740 5209; x_wconf 86' lang='lat' dir='ltr'><strong>scicntia</strong></span> <span class='ocrx_word' id='word_1_748' title='bbox 775 5156 1037 5219; x_wconf 87' lang='lat' dir='ltr'><strong>veritatis,</strong></span> <span class='ocrx_word' id='word_1_749' title='bbox 1087 5173 1193 5209; x_wconf 90' lang='lat' dir='ltr'><strong>non</strong></span> <span class='ocrx_word' id='word_1_750' title='bbox 1241 5157 1303 5210; x_wconf 90' lang='lat' dir='ltr'><strong>ad</strong></span> <span class='ocrx_word' id='word_1_751' title='bbox 1341 5173 1506 5210; x_wconf 91' lang='lat' dir='ltr'><strong>unum</strong></span> <span class='ocrx_word' id='word_1_752' title='bbox 1537 5167 1649 5211; x_wconf 88' lang='lat' dir='ltr'><strong>tan-</strong></span> 
     </span>
    </p>
   </div>
   <div class='ocr_carea' id='block_1_99' title="bbox 105 5245 1647 5310">
    <p class='ocr_par' dir='ltr' id='par_1_99' title="bbox 105 5245 1647 5310">
     <span class='ocr_line' id='line_1_99' title="bbox 105 5245 1647 5310; baseline 0.01 -23"><span class='ocrx_word' id='word_1_753' title='bbox 105 5248 212 5302; x_wconf 86' lang='lat' dir='ltr'><strong>tum,</strong></span> <span class='ocrx_word' id='word_1_754' title='bbox 245 5251 295 5295; x_wconf 88' lang='lat' dir='ltr'><strong>et</strong></span> <span class='ocrx_word' id='word_1_755' title='bbox 321 5245 559 5299; x_wconf 88' lang='lat' dir='ltr'><strong>alterum</strong></span> <span class='ocrx_word' id='word_1_756' title='bbox 590 5247 753 5310; x_wconf 91' lang='lat' dir='ltr'><strong>diem,</strong></span> <span class='ocrx_word' id='word_1_757' title='bbox 786 5248 878 5300; x_wconf 90' lang='lat' dir='ltr'><strong>sed</strong></span> <span class='ocrx_word' id='word_1_758' title='bbox 908 5248 962 5300; x_wconf 92' lang='lat' dir='ltr'><strong>in</strong></span> <span class='ocrx_word' id='word_1_759' title='bbox 1000 5248 1249 5301; x_wconf 83' lang='lat' dir='ltr'><strong>omnibus</strong></span> <span class='ocrx_word' id='word_1_760' title='bbox 1276 5248 1460 5301; x_wconf 87' lang='lat' dir='ltr'><strong>diebus</strong></span> <span class='ocrx_word' id='word_1_761' title='bbox 1487 5258 1647 5302; x_wconf 82' lang='lat' dir='ltr'><strong>aeter-</strong></span> 
     </span>
    </p>
   </div>
   <div class='ocr_carea' id='block_1_100' title="bbox 102 5330 1649 5409">
    <p class='ocr_par' dir='ltr' id='par_1_100' title="bbox 102 5330 1649 5409">
     <span class='ocr_line' id='line_1_100' title="bbox 102 5330 1649 5409; baseline 0.01 -29"><span class='ocrx_word' id='word_1_762' title='bbox 102 5330 270 5399; x_wconf 80' lang='lat' dir='ltr'><strong>nitatis,</strong></span> <span class='ocrx_word' id='word_1_763' title='bbox 314 5336 585 5395; x_wconf 81' lang='lat' dir='ltr'><strong>habitans</strong></span> <span class='ocrx_word' id='word_1_764' title='bbox 632 5339 684 5392; x_wconf 84' lang='lat' dir='ltr'><strong>in</strong></span> <span class='ocrx_word' id='word_1_765' title='bbox 729 5340 828 5404; x_wconf 89' lang='lat' dir='ltr'><strong>eis,</strong></span> <span class='ocrx_word' id='word_1_766' title='bbox 873 5348 1081 5394; x_wconf 81' lang='lat' dir='ltr'><strong>etcum</strong></span> <span class='ocrx_word' id='word_1_767' title='bbox 1128 5342 1230 5403; x_wconf 90' lang='lat' dir='ltr'><strong>eis,</strong></span> <span class='ocrx_word' id='word_1_768' title='bbox 1271 5348 1326 5393; x_wconf 85' lang='lat' dir='ltr'><strong>et</strong></span> <span class='ocrx_word' id='word_1_769' title='bbox 1367 5355 1535 5409; x_wconf 87' lang='lat' dir='ltr'><strong>usque</strong></span> <span class='ocrx_word' id='word_1_770' title='bbox 1582 5341 1649 5396; x_wconf 88' lang='lat' dir='ltr'><strong>ad</strong></span> 
     </span>
    </p>
   </div>
   <div class='ocr_carea' id='block_1_101' title="bbox 1753 4605 3319 4684">
    <p class='ocr_par' dir='ltr' id='par_1_101' title="bbox 1753 4605 3319 4684">
     <span class='ocr_line' id='line_1_101' title="bbox 1753 4605 3319 4684; baseline -0.008 -15"><span class='ocrx_word' id='word_1_771' title='bbox 1753 4616 2005 4684; x_wconf 85' lang='lat' dir='ltr'><strong>guinarii,</strong></span> <span class='ocrx_word' id='word_1_772' title='bbox 2046 4625 2099 4669; x_wconf 91' lang='lat' dir='ltr'><strong>et</strong></span> <span class='ocrx_word' id='word_1_773' title='bbox 2144 4630 2341 4668; x_wconf 86' lang='lat' dir='ltr'><strong>vesano</strong></span> <span class='ocrx_word' id='word_1_774' title='bbox 2381 4628 2596 4683; x_wconf 89' lang='lat' dir='ltr'><strong>semper</strong></span> <span class='ocrx_word' id='word_1_775' title='bbox 2632 4613 2813 4669; x_wconf 82' lang='lat' dir='ltr'><strong>furore</strong></span> <span class='ocrx_word' id='word_1_776' title='bbox 2864 4610 3005 4679; x_wconf 88' lang='lat' dir='ltr'><strong>capti</strong></span> <span class='ocrx_word' id='word_1_777' title='bbox 3045 4605 3182 4679; x_wconf 80' lang='lat' dir='ltr'><strong>(ll),</strong></span> <span class='ocrx_word' id='word_1_778' title='bbox 3210 4621 3319 4659; x_wconf 88' lang='lat' dir='ltr'><strong>non</strong></span> 
     </span>
    </p>
   </div>
   <div class='ocr_carea' id='block_1_102' title="bbox 1752 4701 3323 4773">
    <p class='ocr_par' dir='ltr' id='par_1_102' title="bbox 1752 4701 3323 4773">
     <span class='ocr_line' id='line_1_102' title="bbox 1752 4701 3323 4773; baseline -0.007 -15"><span class='ocrx_word' id='word_1_779' title='bbox 1752 4706 1923 4759; x_wconf 89' lang='lat' dir='ltr'><strong>solum</strong></span> <span class='ocrx_word' id='word_1_780' title='bbox 1964 4707 2253 4773; x_wconf 86' lang='lat' dir='ltr'><strong>prophetas</strong></span> <span class='ocrx_word' id='word_1_781' title='bbox 2297 4704 2632 4767; x_wconf 86' lang='lat' dir='ltr'><strong>occiderunt,</strong></span> <span class='ocrx_word' id='word_1_782' title='bbox 2684 4701 3165 4770; x_wconf 87' lang='lat' dir='ltr'><strong>lapidaveruntque</strong></span> <span class='ocrx_word' id='word_1_783' title='bbox 3219 4710 3323 4748; x_wconf 89' lang='lat' dir='ltr'><strong>eos</strong></span> 
     </span>
    </p>
   </div>
   <div class='ocr_carea' id='block_1_103' title="bbox 1753 4786 3327 4863">
    <p class='ocr_par' dir='ltr' id='par_1_103' title="bbox 1753 4786 3327 4863">
     <span class='ocr_line' id='line_1_103' title="bbox 1753 4786 3327 4863; baseline -0.009 -13"><span class='ocrx_word' id='word_1_784' title='bbox 1753 4798 1842 4863; x_wconf 86' lang='lat' dir='ltr'><strong>qui</strong></span> <span class='ocrx_word' id='word_1_785' title='bbox 1876 4796 1939 4849; x_wconf 84' lang='lat' dir='ltr'><strong>ad</strong></span> <span class='ocrx_word' id='word_1_786' title='bbox 1973 4811 2033 4849; x_wconf 86' lang='lat' dir='ltr'><strong>se</strong></span> <span class='ocrx_word' id='word_1_787' title='bbox 2069 4795 2217 4849; x_wconf 91' lang='lat' dir='ltr'><strong>missi</strong></span> <span class='ocrx_word' id='word_1_788' title='bbox 2252 4794 2487 4857; x_wconf 80' lang='lat' dir='ltr'><strong>fuerant,</strong></span> <span class='ocrx_word' id='word_1_789' title='bbox 2518 4793 2612 4847; x_wconf 88' lang='lat' dir='ltr'><strong>sed</strong></span> <span class='ocrx_word' id='word_1_790' title='bbox 2660 4792 2724 4844; x_wconf 88' lang='lat' dir='ltr'><strong>ad</strong></span> <span class='ocrx_word' id='word_1_791' title='bbox 2778 4788 3069 4859; x_wconf 87' lang='lat' dir='ltr'><strong>impietatis</strong></span> <span class='ocrx_word' id='word_1_792' title='bbox 3104 4786 3327 4841; x_wconf 74' lang='lat' dir='ltr'><strong>culmen</strong></span> 
     </span>
    </p>
   </div>
   <div class='ocr_carea' id='block_1_104' title="bbox 1752 4882 3323 4956">
    <p class='ocr_par' dir='ltr' id='par_1_104' title="bbox 1752 4882 3323 4956">
     <span class='ocr_line' id='line_1_104' title="bbox 1752 4882 3323 4956; baseline -0.008 -15"><span class='ocrx_word' id='word_1_793' title='bbox 1752 4889 1973 4956; x_wconf 77' lang='lat' dir='ltr'><strong>egressi,</strong></span> <span class='ocrx_word' id='word_1_794' title='bbox 2022 4886 2307 4939; x_wconf 92' lang='lat' dir='ltr'><strong>Dominum</strong></span> <span class='ocrx_word' id='word_1_795' title='bbox 2340 4885 2695 4947; x_wconf 88' lang='lat' dir='ltr'><strong>Salvatorem,</strong></span> <span class='ocrx_word' id='word_1_796' title='bbox 2736 4882 2828 4951; x_wconf 87' lang='lat' dir='ltr'><strong>qui</strong></span> <span class='ocrx_word' id='word_1_797' title='bbox 2875 4897 2972 4950; x_wconf 89' lang='lat' dir='ltr'><strong>pro</strong></span> <span class='ocrx_word' id='word_1_798' title='bbox 3002 4888 3323 4935; x_wconf 89' lang='lat' dir='ltr'><strong>cunctorum</strong></span> 
     </span>
    </p>
   </div>
   <div class='ocr_carea' id='block_1_105' title="bbox 1750 4970 3322 5045">
    <p class='ocr_par' dir='ltr' id='par_1_105' title="bbox 1750 4970 3322 5045">
     <span class='ocr_line' id='line_1_105' title="bbox 1750 4970 3322 5045; baseline -0.007 -13"><span class='ocrx_word' id='word_1_799' title='bbox 1750 4983 1921 5032; x_wconf 88' lang='lat' dir='ltr'><strong>salute</strong></span> <span class='ocrx_word' id='word_1_800' title='bbox 1946 4978 2274 5032; x_wconf 87' lang='lat' dir='ltr'><strong>descendere</strong></span> <span class='ocrx_word' id='word_1_801' title='bbox 2309 4977 2559 5045; x_wconf 87' lang='lat' dir='ltr'><strong>dignatus</strong></span> <span class='ocrx_word' id='word_1_802' title='bbox 2593 4974 2769 5041; x_wconf 74' lang='lat' dir='ltr'><strong>fuerat</strong></span> <span class='ocrx_word' id='word_1_803' title='bbox 2811 4974 2877 5026; x_wconf 88' lang='lat' dir='ltr'><strong>ad</strong></span> <span class='ocrx_word' id='word_1_804' title='bbox 2913 4984 3105 5035; x_wconf 89' lang='lat' dir='ltr'><strong>terras,</strong></span> <span class='ocrx_word' id='word_1_805' title='bbox 3141 4970 3322 5038; x_wconf 88' lang='lat' dir='ltr'><strong>prodi-</strong></span> 
     </span>
    </p>
   </div>
   <div class='ocr_carea' id='block_1_106' title="bbox 1752 5062 3322 5137">
    <p class='ocr_par' dir='ltr' id='par_1_106' title="bbox 1752 5062 3322 5137">
     <span class='ocr_line' id='line_1_106' title="bbox 1752 5062 3322 5137; baseline -0.006 -14"><span class='ocrx_word' id='word_1_806' title='bbox 1752 5072 1944 5123; x_wconf 90' lang='lat' dir='ltr'><strong>derunt</strong></span> <span class='ocrx_word' id='word_1_807' title='bbox 1970 5079 2024 5123; x_wconf 90' lang='lat' dir='ltr'><strong>et</strong></span> <span class='ocrx_word' id='word_1_808' title='bbox 2054 5070 2461 5133; x_wconf 85' lang='lat' dir='ltr'><strong>cruciﬁxcrunt,</strong></span> <span class='ocrx_word' id='word_1_809' title='bbox 2494 5076 2776 5137; x_wconf 86' lang='lat' dir='ltr'><strong>propterea</strong></span> <span class='ocrx_word' id='word_1_810' title='bbox 2806 5063 3010 5134; x_wconf 85' lang='lat' dir='ltr'><strong>expulsi</strong></span> <span class='ocrx_word' id='word_1_811' title='bbox 3041 5071 3165 5116; x_wconf 76' lang='lat' dir='ltr'><strong>sunt</strong></span> <span class='ocrx_word' id='word_1_812' title='bbox 3189 5062 3322 5115; x_wconf 81' lang='lat' dir='ltr'><strong>urbe</strong></span> 
     </span>
    </p>
   </div>
   <div class='ocr_carea' id='block_1_107' title="bbox 1752 5155 3319 5229">
    <p class='ocr_par' dir='ltr' id='par_1_107' title="bbox 1752 5155 3319 5229">
     <span class='ocr_line' id='line_1_107' title="bbox 1752 5155 3319 5229; baseline -0.003 -16"><span class='ocrx_word' id='word_1_813' title='bbox 1752 5177 1912 5229; x_wconf 87' lang='lat' dir='ltr'><strong>quam</strong></span> <span class='ocrx_word' id='word_1_814' title='bbox 1947 5162 2330 5229; x_wconf 85' lang='lat' dir='ltr'><strong>prophetarum</strong></span> <span class='ocrx_word' id='word_1_815' title='bbox 2361 5173 2414 5215; x_wconf 86' lang='lat' dir='ltr'><strong>et</strong></span> <span class='ocrx_word' id='word_1_816' title='bbox 2442 5159 2644 5214; x_wconf 86' lang='lat' dir='ltr'><strong>Christi</strong></span> <span class='ocrx_word' id='word_1_817' title='bbox 2672 5174 2869 5213; x_wconf 86' lang='lat' dir='ltr'><strong>cruore</strong></span> <span class='ocrx_word' id='word_1_818' title='bbox 2895 5155 3319 5211; x_wconf 84' lang='lat' dir='ltr'><strong>maculaverunt.</strong></span> 
     </span>
    </p>
   </div>
   <div class='ocr_carea' id='block_1_108' title="bbox 1756 5246 3318 5319">
    <p class='ocr_par' dir='ltr' id='par_1_108' title="bbox 1756 5246 3318 5319">
     <span class='ocr_line' id='line_1_108' title="bbox 1756 5246 3318 5319; baseline -0.006 -12"><span class='ocrx_word' id='word_1_819' title='bbox 1756 5251 2063 5307; x_wconf 84' lang='lat' dir='ltr'><strong>Secundum</strong></span> <span class='ocrx_word' id='word_1_820' title='bbox 2098 5252 2260 5319; x_wconf 84' lang='lat' dir='ltr'><strong>igitur</strong></span> <span class='ocrx_word' id='word_1_821' title='bbox 2292 5253 2435 5305; x_wconf 89' lang='lat' dir='ltr'><strong>hunc</strong></span> <span class='ocrx_word' id='word_1_822' title='bbox 2459 5265 2677 5305; x_wconf 88' lang='lat' dir='ltr'><strong>sensum</strong></span> <span class='ocrx_word' id='word_1_823' title='bbox 2703 5248 2997 5303; x_wconf 85' lang='lat' dir='ltr'><strong>debellatus</strong></span> <span class='ocrx_word' id='word_1_824' title='bbox 3026 5261 3122 5301; x_wconf 93' lang='lat' dir='ltr'><strong>eos</strong></span> <span class='ocrx_word' id='word_1_825' title='bbox 3152 5260 3181 5299; x_wconf 91' lang='lat' dir='ltr'><strong>a</strong></span> <span class='ocrx_word' id='word_1_826' title='bbox 3214 5246 3318 5299; x_wconf 86' lang='lat' dir='ltr'><strong>Do-</strong></span> 
     </span>
    </p>
   </div>
   <div class='ocr_carea' id='block_1_109' title="bbox 1756 5336 3320 5412">
    <p class='ocr_par' dir='ltr' id='par_1_109' title="bbox 1756 5336 3320 5412">
     <span class='ocr_line' id='line_1_109' title="bbox 1756 5336 3320 5412; baseline -0.006 -17"><span class='ocrx_word' id='word_1_827' title='bbox 1756 5343 1901 5396; x_wconf 83' lang='lat' dir='ltr'><strong>mino</strong></span> <span class='ocrx_word' id='word_1_828' title='bbox 1925 5343 2222 5412; x_wconf 87' lang='lat' dir='ltr'><strong>intelligere</strong></span> <span class='ocrx_word' id='word_1_829' title='bbox 2254 5343 2531 5404; x_wconf 90' lang='lat' dir='ltr'><strong>debemus,</strong></span> <span class='ocrx_word' id='word_1_830' title='bbox 2561 5356 2665 5394; x_wconf 91' lang='lat' dir='ltr'><strong>non</strong></span> <span class='ocrx_word' id='word_1_831' title='bbox 2692 5342 2757 5393; x_wconf 91' lang='lat' dir='ltr'><strong>ad</strong></span> <span class='ocrx_word' id='word_1_832' title='bbox 2780 5340 2942 5395; x_wconf 87' lang='lat' dir='ltr'><strong>breve</strong></span> <span class='ocrx_word' id='word_1_833' title='bbox 2968 5347 3202 5407; x_wconf 90' lang='lat' dir='ltr'><strong>tempus,</strong></span> <span class='ocrx_word' id='word_1_834' title='bbox 3228 5336 3320 5387; x_wconf 82' lang='lat' dir='ltr'><strong>sed</strong></span> 
     </span>
    </p>
   </div>
   <div class='ocr_carea' id='block_1_110' title="bbox 98 5465 1726 5589">
    <p class='ocr_par' dir='ltr' id='par_1_110' title="bbox 98 5465 1726 5589">
     <span class='ocr_line' id='line_1_110' title="bbox 98 5465 1726 5589; baseline 0.003 -71"><span class='ocrx_word' id='word_1_835' title='bbox 98 5549 138 5587; x_wconf 55' lang='grc' dir='ltr'>ῃ</span> <span class='ocrx_word' id='word_1_836' title='bbox 165 5465 343 5589; x_wconf 54' lang='grc' dir='ltr'><strong>’ὲἹΙδι</strong></span> <span class='ocrx_word' id='word_1_837' title='bbox 400 5484 444 5537; x_wconf 85' lang='grc'><strong>1,</strong></span> <span class='ocrx_word' id='word_1_838' title='bbox 502 5471 561 5524; x_wconf 80' lang='grc'><strong>5.</strong></span> <span class='ocrx_word' id='word_1_839' title='bbox 648 5471 695 5501; x_wconf 81' lang='grc'><strong>⁹¹</strong></span> <span class='ocrx_word' id='word_1_840' title='bbox 730 5468 871 5524; x_wconf 83' lang='lat' dir='ltr'><strong>Psal.</strong></span> <span class='ocrx_word' id='word_1_841' title='bbox 905 5484 1069 5533; x_wconf 75' lang='lat' dir='ltr'><strong>cxvn,</strong></span> <span class='ocrx_word' id='word_1_842' title='bbox 1104 5469 1192 5521; x_wconf 75' lang='grc' dir='ltr'><strong>Η.</strong></span> <span class='ocrx_word' id='word_1_843' title='bbox 1290 5469 1336 5500; x_wconf 70' lang='grc'><strong>’³</strong></span> <span class='ocrx_word' id='word_1_844' title='bbox 1364 5469 1492 5523; x_wconf 87' lang='lat' dir='ltr'><strong>Luc.</strong></span> <span class='ocrx_word' id='word_1_845' title='bbox 1550 5486 1609 5534; x_wconf 88' lang='grc' dir='ltr'>ιι,</span> <span class='ocrx_word' id='word_1_846' title='bbox 1643 5470 1726 5524; x_wconf 78' lang='grc'><strong>10.</strong></span> 
     </span>
    </p>
   </div>
   <div class='ocr_carea' id='block_1_111' title="bbox 155 5649 1651 5723">
    <p class='ocr_par' dir='ltr' id='par_1_111' title="bbox 155 5649 1651 5723">
     <span class='ocr_line' id='line_1_111' title="bbox 155 5649 1651 5723; baseline 0.001 -16"><span class='ocrx_word' id='word_1_847' title='bbox 155 5649 220 5723; x_wconf 69' lang='lat' dir='ltr'><strong>l9)</strong></span> <span class='ocrx_word' id='word_1_848' title='bbox 255 5651 427 5723; x_wconf 65' lang='lat' dir='ltr'><strong>vatic.</strong></span> <span class='ocrx_word' id='word_1_849' title='bbox 481 5673 502 5706; x_wconf 71' lang='grc' dir='ltr'><strong>ι</strong></span> <span class='ocrx_word' id='word_1_850' title='bbox 538 5652 885 5718; x_wconf 68' lang='lat' dir='ltr'><strong>Evangelium</strong></span> <span class='ocrx_word' id='word_1_851' title='bbox 940 5668 1215 5723; x_wconf 87' lang='lat' dir='ltr'><strong>magnum,</strong></span> <span class='ocrx_word' id='word_1_852' title='bbox 1265 5661 1320 5707; x_wconf 87' lang='lat' dir='ltr'><strong>et</strong></span> <span class='ocrx_word' id='word_1_853' title='bbox 1370 5662 1529 5708; x_wconf 89' lang='lat' dir='ltr'><strong>natus</strong></span> <span class='ocrx_word' id='word_1_854' title='bbox 1568 5664 1651 5709; x_wconf 89' lang='lat' dir='ltr'><strong>est</strong></span> 
     </span>
    </p>
   </div>
   <div class='ocr_carea' id='block_1_112' title="bbox 97 5720 1231 5785">
    <p class='ocr_par' dir='ltr' id='par_1_112' title="bbox 97 5720 1231 5785">
     <span class='ocr_line' id='line_1_112' title="bbox 97 5720 1231 5785; baseline 0.008 -16"><span class='ocrx_word' id='word_1_855' title='bbox 97 5720 269 5782; x_wconf 40' lang='lat' dir='ltr'><strong>vobis”</strong></span> <span class='ocrx_word' id='word_1_856' title='bbox 300 5722 497 5778; x_wconf 70' lang='lat' dir='ltr'><strong>Graeco</strong></span> <span class='ocrx_word' id='word_1_857' title='bbox 527 5724 644 5785; x_wconf 88' lang='lat' dir='ltr'><strong>ipso</strong></span> <span class='ocrx_word' id='word_1_858' title='bbox 670 5735 816 5779; x_wconf 84' lang='lat' dir='ltr'><strong>textu</strong></span> <span class='ocrx_word' id='word_1_859' title='bbox 857 5720 1231 5778; x_wconf 62' lang='lat' dir='ltr'><strong>dissentiente.</strong></span> 
     </span>
    </p>
   </div>
   <div class='ocr_carea' id='block_1_113' title="bbox 155 5790 1644 5863">
    <p class='ocr_par' dir='ltr' id='par_1_113' title="bbox 155 5790 1644 5863">
     <span class='ocr_line' id='line_1_113' title="bbox 155 5790 1644 5863; baseline -0.005 -10"><span class='ocrx_word' id='word_1_860' title='bbox 155 5790 253 5859; x_wconf 74' lang='grc'><strong>(10)</strong></span> <span class='ocrx_word' id='word_1_861' title='bbox 272 5791 329 5847; x_wconf 87' lang='lat' dir='ltr'><strong>lu</strong></span> <span class='ocrx_word' id='word_1_862' title='bbox 362 5809 470 5849; x_wconf 87' lang='lat' dir='ltr'><strong>ms.</strong></span> <span class='ocrx_word' id='word_1_863' title='bbox 502 5793 715 5863; x_wconf 89' lang='lat' dir='ltr'><strong>Tolos.,</strong></span> <span class='ocrx_word' id='word_1_864' title='bbox 749 5814 766 5846; x_wconf 91' lang='lat'><strong>«</strong></span> <span class='ocrx_word' id='word_1_865' title='bbox 800 5794 961 5861; x_wconf 87' lang='lat' dir='ltr'><strong>Dens,</strong></span> <span class='ocrx_word' id='word_1_866' title='bbox 996 5794 1156 5850; x_wconf 89' lang='lat' dir='ltr'><strong>Deus.</strong></span> <span class='ocrx_word' id='word_1_867' title='bbox 1188 5796 1325 5851; x_wconf 89' lang='lat' dir='ltr'><strong>Deus</strong></span> <span class='ocrx_word' id='word_1_868' title='bbox 1349 5794 1644 5851; x_wconf 67' lang='lat' dir='ltr'><strong>salvandi.»</strong></span> 
     </span>
    </p>
   </div>
   <div class='ocr_carea' id='block_1_114' title="bbox 1835 5465 3317 5539">
    <p class='ocr_par' dir='ltr' id='par_1_114' title="bbox 1835 5465 3317 5539">
     <span class='ocr_line' id='line_1_114' title="bbox 1835 5465 3317 5539; baseline -0.006 -11"><span class='ocrx_word' id='word_1_869' title='bbox 1835 5472 1881 5503; x_wconf 75' lang='lat'><strong>°&quot;</strong></span> <span class='ocrx_word' id='word_1_870' title='bbox 1903 5473 2045 5528; x_wconf 85' lang='lat' dir='ltr'><strong>Psal.</strong></span> <span class='ocrx_word' id='word_1_871' title='bbox 2073 5489 2237 5539; x_wconf 78' lang='lat' dir='ltr'><strong>van,</strong></span> <span class='ocrx_word' id='word_1_872' title='bbox 2261 5472 2350 5527; x_wconf 71' lang='lat'><strong>2|.</strong></span> <span class='ocrx_word' id='word_1_873' title='bbox 2464 5473 2513 5504; x_wconf 81' lang='lat'>&quot;</span> <span class='ocrx_word' id='word_1_874' title='bbox 2540 5471 2706 5526; x_wconf 80' lang='lat' dir='ltr'><strong>Exod.</strong></span> <span class='ocrx_word' id='word_1_875' title='bbox 2739 5486 2912 5535; x_wconf 75' lang='lat' dir='ltr'><strong>xxx&quot;,</strong></span> <span class='ocrx_word' id='word_1_876' title='bbox 2940 5469 3030 5524; x_wconf 75' lang='lat'><strong>5!.</strong></span> <span class='ocrx_word' id='word_1_877' title='bbox 3105 5466 3150 5497; x_wconf 77' lang='lat'><strong>“</strong></span> <span class='ocrx_word' id='word_1_878' title='bbox 3188 5465 3317 5534; x_wconf 85' lang='lat' dir='ltr'><strong>Sap.</strong></span> 
     </span>
    </p>
   </div>
   <div class='ocr_carea' id='block_1_115' title="bbox 1827 5644 3334 5724">
    <p class='ocr_par' dir='ltr' id='par_1_115' title="bbox 1827 5644 3334 5724">
     <span class='ocr_line' id='line_1_115' title="bbox 1827 5644 3334 5724; baseline -0.01 -15"><span class='ocrx_word' id='word_1_879' title='bbox 1827 5656 1872 5723; x_wconf 65' lang='grc' dir='ltr'>(ιι</span> <span class='ocrx_word' id='word_1_880' title='bbox 1892 5656 1936 5724; x_wconf 93' lang='lat' dir='ltr'><strong>l)</strong></span> <span class='ocrx_word' id='word_1_881' title='bbox 1960 5655 2076 5707; x_wconf 88' lang='lat' dir='ltr'><strong>Duo</strong></span> <span class='ocrx_word' id='word_1_882' title='bbox 2099 5668 2230 5708; x_wconf 90' lang='lat' dir='ltr'><strong>mss.</strong></span> <span class='ocrx_word' id='word_1_883' title='bbox 2258 5652 2425 5709; x_wconf 77' lang='lat' dir='ltr'><strong>Vatic.</strong></span> <span class='ocrx_word' id='word_1_884' title='bbox 2452 5663 2504 5708; x_wconf 89' lang='lat' dir='ltr'><strong>et</strong></span> <span class='ocrx_word' id='word_1_885' title='bbox 2532 5652 2663 5722; x_wconf 77' lang='lat' dir='ltr'><strong>Reg.</strong></span> <span class='ocrx_word' id='word_1_886' title='bbox 2701 5665 2822 5706; x_wconf 86' lang='lat' dir='ltr'><strong>cum</strong></span> <span class='ocrx_word' id='word_1_887' title='bbox 2867 5648 3035 5703; x_wconf 89' lang='lat' dir='ltr'><strong>veteri</strong></span> <span class='ocrx_word' id='word_1_888' title='bbox 3063 5644 3334 5707; x_wconf 75' lang='lat' dir='ltr'><strong>editione,</strong></span> 
     </span>
    </p>
   </div>
   <div class='ocr_carea' id='block_1_116' title="bbox 1760 5726 3076 5794">
    <p class='ocr_par' dir='ltr' id='par_1_116' title="bbox 1760 5726 3076 5794">
     <span class='ocr_line' id='line_1_116' title="bbox 1760 5726 3076 5794; baseline -0.011 -17"><span class='ocrx_word' id='word_1_889' title='bbox 1760 5744 1777 5777; x_wconf 90' lang='lat'><strong>«</strong></span> <span class='ocrx_word' id='word_1_890' title='bbox 1810 5726 1992 5781; x_wconf 82' lang='lat' dir='ltr'><strong>furore</strong></span> <span class='ocrx_word' id='word_1_891' title='bbox 2027 5726 2239 5794; x_wconf 85' lang='lat' dir='ltr'><strong>raptali‘.</strong></span> <span class='ocrx_word' id='word_1_892' title='bbox 2267 5742 2285 5774; x_wconf 86' lang='lat'><strong>)</strong></span> <span class='ocrx_word' id='word_1_893' title='bbox 3070 5742 3076 5747; x_wconf 95' lang='lat'><strong><em>-</em></strong></span> 
     </span>
    </p>
   </div>
  </div>
