3738 6304
408 328 427 379 I
438 325 542 380 (175

1638 310 1874 368 DIDYMI
1913 307 2389 365 ALEXANDRINI

3496 299 3615 358 1076

401 445 466 495 ad
504 453 668 495 omne
694 436 934 491 futurum
963 432 1217 488 sarculum
1250 442 1419 494 usque
1448 427 1512 480 ad
1540 424 1961 480 consummatio-
1990 425 2013 482 Δ

2109 442 2118 477 ι
2138 424 2347 487 Graeco,
2366 440 2385 471 ι
2407 407 2896 488 (μὴ’ριεωνθιοῑςθῑιιι·
2920 415 3053 487 (I7),
3068 429 3202 469 inon
3226 415 3484 471 hominem
3504 432 3615 485 pne-

404 546 525 586 nem
559 526 891 597 mundi(l%).
922 525 1129 594 Quippe
1164 525 1244 589 (ut
1266 518 1519 588 diximus)
1552 517 1765 587 profugi
1806 526 1968 584 atque

402 620 622 690 captivi,
661 619 712 672 in
763 616 1029 671 universis
1068 616 1323 666 aberrant
1363 607 1691 671 nationibus,
1746 622 1849 661 non
1879 620 1970 658 ur-

403 712 547 773 bem,
578 725 682 763 non
713 707 984 776 regionem
1014 704 1283 773 propriam
1323 698 1685 769 possidentes.
1717 696 1967 750 Attamen

403 802 532 871 quia
578 798 891 855 naturaliter
941 798 1201 865 benignus
1229 800 1313 846 est
1358 802 1413 845 et
1458 788 1765 844 misericors
1805 786 1847 839 is
1881 785 2009 875 qui“

406 906 500 946 eos
542 888 921 950 debellaverat,
964 885 1152 940 tribuit
1198 884 1277 938 eis
1322 881 1495 935 locum
1543 876 1892 948 paenitentia,
1926 873 1973 928 si

406 983 575 1038 velint
610 982 677 1036 ad
725 980 942 1034 meliora
994 975 1255 1032 converti.
1309 974 1461 1029 Unde
1491 982 1544 1026 et
1591 971 1817 1033 dicitur,
1849 980 1975 1019 rre-

409 1072 663 1127 cordatus
682 1080 768 1125 est
790 1069 994 1123 dierum
1024 1065 1205 1120 saeculi
1236 1064 1365 1136 (15).
1397 1082 1415 1114 ι
1462 1063 1792 1117 Recordatus
1829 1058 1972 1113 enim

409 1174 707 1233 temporum
754 1159 1076 1221 futurorum,
1100 1159 1332 1213 clausam
1352 1157 1570 1225 jauuam
1592 1154 1766 1222 aliqua
1799 1155 1879 1208 eis
1911 1165 1976 1204 ex

410 1266 560 1325 parte
610 1253 893 1315 reseravit,
936 1260 995 1304 ut
1044 1260 1329 1318 postquam
1381 1246 1663 1302 intraverit
1704 1243 1977 1312 plenitudo

408 1346 669 1415 gentium,
715 1351 843 1398 tunc
881 1341 1057 1396 omnis
1094 1338 1257 1393 Israel
1290 1339 1401 1408 (qui
1437 1338 1539 1391 hac
1586 1335 1747 1389 fuerit
1784 1333 1979 1401 dignus

410 1436 789 1506 appellatione)
819 1433 1078 1489 salvetur.
1112 1430 1261 1484 Licet
1288 1429 1429 1483 enim
1462 1429 1514 1483 in
1570 1428 1623 1481 id
1656 1424 1978 1479 temeritatis

410 1520 709 1598 eruperint,
759 1536 815 1579 ut
858 1540 979 1579 eum
1020 1523 1108 1591 qui
1164 1529 1384 1590 propter
1412 1536 1506 1574 eos
1542 1519 1740 1573 missus
1779 1517 1971 1579 fuerat,

410 1620 799 1684 interﬁcerent,
828 1619 1067 1673 dicentes
1095 1633 1109 1669 :
1147 1633 1165 1665 ι
1193 1614 1421 1682 Sanguis
1447 1612 1562 1680 ejus
1593 1624 1755 1679 super
1786 1624 1903 1669 nos.
1926 1618 1981 1663 et

409 1728 573 1783 super
606 1712 744 1768 ﬁlios
772 1720 983 1765 nostros
999 1709 1067 1775 ⁸⁷,
1101 1726 1119 1758 ι
1153 1717 1329 1761 tamen
1368 1707 1507 1761 Deus
1534 1708 1815 1763 suscitavit
1856 1721 1976 1761 eum

414 1805 481 1858 de
511 1812 679 1867 terra,
712 1803 765 1856 in
795 1801 947 1868 cujus
974 1799 1138 1855 corde
1164 1798 1337 1853 tribus
1370 1799 1561 1853 diebus
1588 1808 1642 1854 et
1677 1802 1848 1855 tribus
1879 1815 1976 1853 no-

411 1894 588 1949 ctibus
643 1892 815 1949 fuerat
852 1900 1223 1947 commoratus
1259 1908 1272 1944 :
1311 1900 1579 1958 pastorem
1631 1892 1809 1945 ovium
1859 1907 1984 1946 sua-

414 2001 554 2040 rum.
587 1984 866 2055 Siquidem
892 1984 964 2038 ita
986 1983 1316 2049 contexitur,
1364 2001 1381 2032 t
1404 1983 1494 2052 qui
1533 1984 1719 2037 eduxit
1743 1984 1809 2038 de
1842 1996 1983 2038 terra

416 2086 685 2145 pastorem
712 2077 890 2131 ovium
919 2090 1158 2131 suarum.
1203 2092 1223 2125 ι

482 2168 573 2223 49.
604 2168 754 2234 Quod
785 2184 913 2224 vero
950 2178 1133 2237 pastor
1156 2172 1336 2225 ovium
1366 2170 1531 2234 Deus,
1559 2171 1647 2240 qui
1691 2184 1831 2222 nunc
1860 2184 1979 2236 pro-

415 2258 615 2325 phetali
650 2274 899 2314 sermone
939 2261 1281 2325 describitur,
1328 2263 1584 2317 Dominus
1636 2261 1725 2325 sit,
1760 2261 1987 2315 manife-

415 2350 557 2405 stius
589 2350 643 2403 in
675 2350 966 2419 EVangelio
989 2352 1266 2417 discimus,
1294 2354 1408 2422 ipso
1434 2354 1711 2408 Salvatore
1735 2361 1989 2415 testante,

423 2460 443 2490 ι
471 2442 579 2511 Ego
609 2456 728 2496 sum
764 2452 945 2511 pastor
974 2443 1163 2509 bonus,
1183 2455 1235 2499 et
1267 2446 1501 2499 animam
1527 2458 1700 2499 meam
1734 2458 1872 2513 pono
1892 2459 1990 2512 pro

416 2536 605 2589 ovibus
635 2534 768 2589 meis
782 2536 882 2590 νε.»
907 2535 971 2589 Et
992 2537 1181 2591 iterum
1208 2556 1261 2591 ε(
1282 2536 1422 2592 Oves
1448 2552 1579 2591 meae
1603 2551 1786 2590 vocem
1816 2551 1989 2590 meam

416 2617 639 2681 audiunt
660 2629 728 2681 °’.
745 2647 763 2679 ι
795 2627 921 2682 Post
942 2629 1055 2684 hzec
1079 2629 1256 2684 omnia
1278 2630 1564 2697 prophetes
1587 2626 1698 2698 (14)
1725 2628 1821 2693 ait,
1852 2648 1869 2680 ι
1890 2627 1990 2683 Ubi

417 2728 502 2771 est
528 2719 616 2787 qui
641 2721 819 2788 posuit
845 2735 1007 2789 super
1035 2735 1128 2775 eos
1157 2720 1415 2789 Spiritum
1447 2720 1725 2775 sanctum?
1749 2737 1767 2769 ι
1802 2720 1991 2774 Admi-

418 2821 570 2865 ratur
594 2812 791 2880 quippe
832 2811 899 2866 de
942 2821 1144 2881 quanta
1191 2812 1446 2866 felicitate
1475 2812 1539 2865 ad
1572 2822 1801 2880 quantas
1832 2812 1995 2865 mise-

421 2903 531 2956 rias
574 2904 939 2972 pervenerint.
992 2904 1056 2958 Et
1101 2906 1335 2974 quodam
1378 2905 1534 2958 modo
1566 2904 1805 2972 loquitur
1838 2904 1990 2973 (IS):

420 2992 521 3059 Qui
552 3009 645 3049 eos
676 2999 997 3059 redemerat,
1043 2998 1133 3063 qui
1183 3005 1437 3065 posuerat
1483 2997 1534 3048 in
1575 2995 1678 3050 illis
1736 2995 1993 3065 Spiritum

421 3096 670 3140 sanctum
721 3104 900 3148 suum.
961 3089 1213 3143 habitans
1241 3104 1363 3142 cum
1394 3089 1497 3153 eis,
1554 3090 1644 3141 ubi
1696 3104 1837 3141 nunc
1878 3090 2062 3170 est?_c

421 3191 527 3243 quo
556 3176 725 3230 abiit?
757 3178 1048 3246 Dereliquit
1078 3193 1191 3243 eos,
1225 3179 1348 3246 quia
1387 3179 1484 3247 ipsi
1515 3179 1665 3246 prius
1695 3179 1994 3248 derelique-

424 3275 582 3328 runt,
635 3278 691 3321 et
741 3270 808 3321 ad
863 3269 1195 3322 iracundiam
1252 3279 1679 3338 provocaverunt
1735 3271 1992 3324 Sanctum

424 3358 609 3412 Israel.
645 3358 905 3413 Posuerat
947 3371 1126 3414 autem
1168 3360 1365 3415 dudum
1401 3361 1454 3416 iu
1482 3362 1563 3416 eis
1588 3362 1846 3430 Spiritum
1873 3377 1997 3416 san-

424 3460 569 3505 ctum
590 3448 749 3516 Deus,
773 3467 895 3506 cum
917 3453 1091 3507 adlmc
1119 3454 1242 3509 boui
1270 3462 1474 3518 essent,
1502 3462 1557 3508 et
1580 3455 1858 3523 praeceptis
1882 3455 1999 3523 ejus

425 3544 649 3611 obsequi
681 3545 1003 3602 niterentur.
1032 3546 1125 3601 llis
1162 3547 1305 3600 enim
1350 3547 1722 3601 tantummodo
1764 3547 1999 3617 Spiritus

424 3643 645 3689 sanctus
678 3636 956 3702 inseritur,
986 3637 1099 3707 qui,
1128 3638 1272 3692 vitiis
1299 3637 1585 3704 derelictis,
1631 3638 1887 3692 virtutum
1916 3654 1999 3693 se-

425 3734 641 3780 ctantur
665 3728 914 3794 chorum,
963 3739 1016 3783 et
1053 3729 1209 3798 juxta
1256 3743 1371 3793 eas,
1418 3739 1474 3783 et
1520 3743 1616 3799 per
1655 3745 1748 3783 eas
1793 3730 1844 3783 iu
1896 3731 2001 3785 ﬁde

428 3815 624 3871 Christi
654 3819 916 3875 victitant.
952 3820 1103 3887 Quod
1133 3820 1178 3875 si
1220 3821 1477 3888 paulatim
1520 3820 1841 3890 negligentia
1870 3824 1997 3875 sub-

430 3918 650 3975 repentu
672 3912 935 3979 cmperint
962 3912 1027 3965 ad
1060 3913 1239 3980 pejora
1266 3912 1537 3966 couﬁuere
1564 3913 1696 3983 (16),
1724 3915 2001 3969 concitant

430 4002 713 4056 adversum
757 4018 817 4058 se
840 4003 1204 4058 habitatorem
1237 4019 1393 4057 suum
1435 4004 1693 4073 Spiritum
1725 4017 1997 4069 sanctum,

432 4102 631 4146 etcum
659 4094 750 4162 qui
778 4094 929 4148 illum
955 4095 1197 4159 dederat,
1221 4103 1542 4148 convertunt
1572 4096 1637 4149 ad
1665 4095 2000 4150 inimicitias.

434 4180 570 4235 Huic
596 4184 724 4251 quid
760 4184 938 4238 simile
986 4194 1043 4239 et
1068 4184 1360 4253 Apostolus
1387 4185 1453 4239 ad
1493 4185 2007 4242 Thessalonicenses

435 4273 701 4334 scribens,
733 4274 826 4338 ait,
862 4292 880 4324 ο
902 4273 1083 4342 Neque
1108 4275 1251 4327 enim
1290 4277 1499 4328 vocavit
1524 4292 1622 4330 nos
1652 4276 1792 4333 Deus
1815 4280 1881 4333 ad
1908 4281 2008 4333 im-

437 4363 775 4428 munditiam,
800 4365 893 4419 sed
923 4366 991 4419 ad
1017 4365 1499 4420 sanctiﬁcationem
1526 4368 1564 4418 ί.
1593 4385 1612 4417 ι

2074 513 2425 575 varicabitur,
2469 510 2561 564 sed
2607 509 2791 570 Deum,
2825 506 2917 575 qui
2955 506 3099 560 dedit
3125 504 3382 575 Spiritum
3404 517 3614 562 sanctum

2074 618 2229 657 suum
2258 605 2308 657 in
2336 601 2506 655 vobis.
2539 597 2673 652 Nam
2718 598 2771 652 in
2807 598 2891 651 his
2920 596 3262 650 sermonibus
3295 594 3432 647 Deus
3451 611 3616 651 vocans

2076 708 2171 761 per
2202 691 2360 745 ﬁdem
2401 690 2454 743 in
2488 686 2996 748 sanctiﬁcationem,
3033 684 3084 737 id
3113 692 3193 737 est
3235 692 3295 735 ut
3328 683 3494 736 sancti
3516 682 3616 751 Spi-

2078 786 2212 839 ritus
2250 782 2442 836 ﬁerent
2464 780 2748 835 credentes
2769 776 2902 847 (18),
2944 775 3091 831 dedit
3132 775 3211 828 eis
3236 772 3490 842 Spiritum
3516 788 3618 828 san-

2076 884 2244 931 ctum.
2291 872 2359 927 Et
2405 870 2643 941 quandiu
2692 877 2956 938 praecepta
3005 866 3104 919 Dei
3132 875 3499 930 servaverunt,
3522 881 3621 933 pcr-

2078 965 2278 1019 mansit
2317 962 2370 1016 in
2415 960 2495 1015 eis
2542 959 2777 1028 Spiritus
2806 965 3051 1019 sanctus,
3102 971 3262 1024 quem
3304 966 3620 1023 acceperunt.

2078 1056 2302 1124 Quando
2317 1069 2445 1109 vero
2464 1066 2651 1106 arnore
2666 1047 2995 1121 lubricoti9)
3015 1055 3359 1110 corruerunt,
3387 1055 3439 1099 et
3466 1047 3526 1099 ad
3543 1047 3622 1099 im-

2079 1147 2393 1203 munditiam
2430 1153 2555 1198 sunt
2596 1141 2821 1211 delapsi,
2864 1147 3203 1210 spreverunt,
3255 1138 3372 1191 sive
3409 1138 3623 1204 praevari-

2080 1241 2183 1294 cati
2212 1247 2337 1294 sunt
2371 1236 2680 1300 Dominum,
2722 1233 2815 1301 qui
2860 1233 3083 1286 dederat
3104 1231 3184 1285 eis
3220 1229 3480 1299 Spiritum
3522 1243 3626 1282 san-

2078 1342 2245 1395 ctum,
2277 1339 2335 1383 ut
2375 1343 2479 1383 non
2525 1324 2880 1381 immunditiaa
2926 1322 3285 1383 deservirem,
3312 1320 3407 1373 sed
3444 1328 3622 1371 utrau-

2079 1422 2474 1477 ctiﬁcarentur.
2522 1414 2672 1469 Unde
2708 1427 2897 1481 poenas
2926 1410 3074 1464 luent
3120 1408 3210 1477 qui
3242 1408 3345 1461 ista
3374 1405 3626 1458 commise-

2081 1521 2228 1577 runt,
2260 1526 2365 1565 non
2410 1510 2564 1578 quasi
2610 1506 2907 1565 hominem,
2963 1503 3059 1556 sed
3107 1499 3263 1569 quasi
3307 1499 3471 1551 Deum
3497 1510 3626 1563 sper-

2083 1614 2289 1657 nentes.
2315 1601 2383 1655 Et
2408 1610 2466 1653 ut
2491 1598 2727 1653 sciamus
2771 1594 3056 1649 Dominum
3093 1604 3214 1644 esse
3243 1587 3502 1656 Spiritum
3525 1600 3628 1640 san-

2083 1708 2250 1757 ctum,
2296 1693 2387 1760 qui
2432 1690 2592 1743 datur
2633 1684 3022 1746 credentibus,
3065 1694 3130 1734 ex
3176 1678 3348 1747 ipsius
3392 1675 3629 1745 propheta

2084 1784 2236 1838 Isaiae.
2283 1782 2556 1836 discamus
2594 1776 2834 1844 eloquio,
2868 1775 2957 1841 qui
2997 1770 3201 1825 inducit
3242 1768 3309 1821 ad
3352 1766 3628 1835 quempiam

2084 1875 2350 1928 dicentem
2392 1868 2717 1923 Dominum:
2748 1884 2765 1916 ι
2789 1863 3019 1933 Spiritus
3061 1875 3211 1914 meus
3266 1858 3319 1911 in
3373 1866 3425 1910 te
3459 1865 3553 1917 est,
3588 1864 3631 1907 et

2086 1965 2247 2019 verba
2274 1976 2392 2016 mea
2415 1959 2534 2014 dedi
2567 1959 2619 2011 in
2659 1971 2722 2011 os
2769 1954 2980 2008 tuum’.
3007 1972 3025 2003 ›
3053 1949 3374 2005 Ostenditur
3409 1948 3541 1999 enim
3573 1960 3627 1998 ex

2086 2068 2335 2112 sermone
2359 2049 2631 2122 praesenti,
2664 2047 2805 2116 quod
2830 2044 2920 2113 qui
2954 2040 3223 2110 acceperit
3250 2038 3511 2107 Spiritum
3538 2037 3629 2095 Dei,

2087 2147 2247 2201 simul
2271 2161 2392 2199 eum
2416 2158 2480 2196 eo
2502 2150 2555 2195 et
2580 2140 2740 2193 verba
2763 2137 2858 2190 Dei
2883 2133 3175 2204 possideat,
3201 2143 3484 2185 sermones
3509 2127 3631 2178 vide-

2090 2242 2214 2295 licet
2243 2237 2482 2293 scientia:
2524 2244 2579 2288 et
2623 2231 2924 2299 sapientiae.
2972 2225 3189 2280 Necnon
3223 2235 3276 2278 et
3309 2223 3365 2275 in
3408 2221 3507 2273 alio
3542 2220 3636 2273 loco

2089 2333 2329 2403 ejusdem
2365 2329 2639 2399 prophetae
2680 2325 2821 2378 Deus
2861 2321 3141 2389 loquitur:
3176 2337 3195 2369 ι
3236 2316 3369 2370 Dedi
3409 2313 3636 2382 Spiritum

2092 2438 2269 2478 meum
2292 2435 2453 2490 super
2476 2434 2597 2473 eum
2622 2417 2665 2473 ³.
2696 2434 2714 2467 ι
2752 2414 2854 2480 Qui
2873 2427 3002 2481 ergo
3030 2412 3208 2479 posuit
3236 2410 3287 2460 in
3309 2408 3394 2460 eis
3415 2404 3640 2473 Spiritqu

2092 2524 2363 2577 sanctum,
2423 2511 2639 2581 Moysen
2689 2511 2910 2562 dextera
2961 2518 3057 2557 sua
3106 2502 3504 2557 sanctiﬁcatum
3545 2511 3644 2549 esse

2093 2612 2501 2665 commemorat,
2534 2601 2648 2657 sive
2676 2600 2823 2653 illum
2858 2597 3125 2650 illustrem
3160 2594 3364 2652 virum,
3394 2601 3447 2645 et
3477 2600 3645 2657 myste-

2094 2702 2299 2755 riorqu
2346 2697 2437 2751 Dei
2491 2695 2843 2752 initiatorem,
2888 2690 2954 2743 de
3002 2703 3110 2755 quo
3155 2686 3220 2739 ad
3266 2684 3457 2738 Jesum
3506 2681 3644 2733 lilium

2095 2794 2243 2849 Nave
2280 2790 2543 2847 Dominus
2570 2787 2646 2841 ait
2671 2802 2685 2837 :
2718 2803 2737 2836 ο
2760 2783 2972 2853 Moyses
3005 2779 3239 2833 famulus
3263 2792 3425 2830 meus
3444 2777 3517 2837 ⁸,»
3554 2772 3647 2825 sire

2095 2886 2293 2956 Legem
2320 2897 2497 2945 suam,
2527 2894 2646 2949 qua:
2670 2879 2724 2931 in
2751 2873 2931 2929 Veteri
2957 2873 3157 2940 scripta
3178 2878 3260 2923 est
3283 2870 3645 2922 Instrumenta.

2098 2979 2229 3033 Nam
2262 2978 2454 3032 crebro
2482 2974 2679 3043 legisse
2707 2984 2794 3023 me
2840 2966 3056 3021 memini
3088 2963 3307 3032 Moysen
3338 2959 3644 3028 appellatum

2098 3087 2219 3128 esse
2241 3086 2339 3138 pro
2369 3069 2503 3137 lege,
2534 3076 2589 3119 ut
2616 3066 2669 3118 in
2693 3059 2986 3130 Apostolo:
3018 3078 3034 3109 ι
3065 3056 3248 3125 Usque
3275 3056 3331 3109 in
3360 3054 3652 3111 hodiernum
3720 3058 3721 3065 ‘

2100 3165 2267 3227 diem,
2288 3161 2501 3230 quando
2527 3156 2720 3225 legitur
2749 3152 3015 3222 Moyses“.
3043 3168 3061 3200 ι
3092 3148 3158 3201 Et
3184 3145 3462 3199 Abraham
3504 3141 3565 3193 ad
3587 3139 3655 3190 di-

2102 3255 2266 3307 vitem
2307 3253 2360 3305 in
2403 3246 2683 3317 suppliciis
2721 3244 3099 3305 constitutum,
3129 3238 3411 3298 «Habent,
3440 3253 3457 3285 ι
3490 3232 3655 3300 inquit,

2109 3365 2127 3398 ι
2156 3344 2375 3414 Moysen
2397 3352 2453 3395 ct
2483 3338 2855 3408 prophetas‘.»
2881 3336 2943 3388 Et
2963 3342 3112 3388 certe
3135 3330 3340 3399 liquido
3364 3324 3659 3394 comproba-

2106 3452 2192 3493 tur
2216 3438 2287 3492 ibi
2330 3435 2572 3504 Moysen,
2615 3447 2719 3485 non
2764 3428 3138 3499 supradictum
3182 3424 3367 3476 virum
3410 3417 3660 3487 signiﬁca-

2107 3544 2219 3586 tum
2251 3544 2393 3595 esse,
2428 3528 2523 3582 sed
2553 3527 2745 3595 legem.

2178 3625 2266 3679 51.
2303 3622 2472 3675 Porro
2500 3632 2619 3687 qua:
2648 3624 2734 3669 est
2762 3613 2949 3665 dextra
2982 3608 3100 3671 Dei,
3132 3620 3251 3675 qua:
3273 3602 3507 3657 adduxit
3538 3597 3663 3663 Moy-

2111 3732 2230 3780 sen,
2261 3714 2363 3767 nisi
2392 3709 2649 3764 Dominus
2679 3714 2732 3757 et
2755 3702 3009 3756 Salvator
3040 3696 3261 3751 uoster?
3289 3694 3414 3761 Ipse
3439 3701 3521 3743 est
3544 3688 3666 3740 enim

2108 3812 2331 3863 dextera
2360 3803 2538 3858 Patris
2559 3840 2574 3864 ,
2611 3814 2707 3867 per
2738 3809 2898 3863 quem
2939 3792 3110 3846 snlvat
3144 3801 3197 3842 et
3237 3786 3451 3840 exaltat
3483 3793 3536 3836 et
3565 3780 3668 3832 facit

2109 3903 2403 3957 virtutem,
2449 3893 2588 3947 sicut
2629 3887 2751 3940 alibi
2813 3884 2881 3937 de
2929 3881 3039 3935 Deo
3086 3879 3281 3933 dicitur
3319 3894 3334 3929 :
3398 3892 3417 3923 ι
3459 3872 3668 3925 Salvam

2111 3994 2211 4050 sibi
2229 3991 2343 4062 (20)
2365 3990 2583 4041 dextera
2608 3996 2725 4043 sua,
2750 3987 2803 4031 et
2822 3975 3100 4029 brachium
3121 3982 3371 4025 sanctum
3395 3966 3516 4035 ejus
3532 3965 3599 4015 τ.»
3625 3960 3671 4011 Et

2115 4058 2329 4139 rursum
2359 4100 2372 4133 :
2419 4096 2437 4128 ι
2475 4076 2706 4129 Dextera
2738 4067 2951 4123 Domini
2985 4064 3111 4119 fecit
3135 4063 3396 4114 virtutem
3422 4101 3437 4121 ,
3475 4058 3670 4110 dextera

2116 4175 2325 4233 Domini
2378 4167 2638 4225 exaltavit
2666 4176 2750 4217 me
2785 4179 2799 4213 :
2839 4175 2944 4213 non
2979 4155 3204 4217 moriar,
3247 4153 3347 4206 sed
3385 4152 3562 4203 vivam
3585 4188 3598 4206 .
3632 4154 3673 4195 et

2116 4265 2351 4324 narrabo
2384 4275 2546 4330 opera
2583 4255 2793 4312 Domini
2821 4254 2864 4305 ³.
2899 4270 2917 4302 ι
2954 4251 3016 4304 Et
3046 4259 3194 4303 certe
3228 4258 3422 4298 vocem
3456 4242 3590 4294 hanc
3616 4248 3669 4286 ex

2116 4372 2351 4433 persona
2387 4326 2651 4409 D-ominici
2687 4345 2931 4401 Ilorninis
2964 4341 3075 4409 (21)
3105 4336 3361 4408 proferri,
3393 4346 3557 4401 quem
3584 4326 3675 4378 nui

506 4452 594 4506 50.
626 4454 812 4525 Itaque
848 4457 939 4526 qui
985 4457 1210 4526 spernit,
1238 4456 1350 4511 sive
1382 4458 1525 4527 quod
1566 4457 1756 4513 melius
1782 4460 2011 4515 habetur
2042 4473 2086 4528 ι)
2120 4422 2337 4526 genitus
2364 4447 2534 4501 Filius
2558 4443 2651 4497 Dei
2680 4451 2961 4494 assumere
2987 4435 3237 4497 dignatus
3258 4440 3341 4483 εει
3365 4441 3436 4479 ει
3469 4422 3675 4491 virgine.

509 4612 551 4643 ’⁷
592 4612 780 4668 Matth.
817 4630 986 4679 xxvn,
1019 4615 1113 4668 ‘23.

509 4614 551 4687 V
592 4614 780 4668 Matth.
817 4630 986 4679 xxvn,
1019 4615 1113 4668 ‘23.
1191 4614 1237 4647 ”
1270 4614 1424 4670 Joan.
1453 4632 1507 4679 κ,
1538 4618 1620 4670 11.

440 4682 459 4714 δ
495 4681 575 4714 Inc
637 4700 649 4714 .
702 4684 766 4714 AZ
822 4684 885 4714 ηε
984 4688 1005 4714 s
1052 4683 1231 4714 llr'n-
1411 4686 1471 4714 ιι
1573 4688 1593 4714 s

484 4681 597 4737 105.
635 4684 789 4749 1,15,
822 4684 907 4741 15.

984 4688 1005 4717 ⁸
1050 4685 1089 4739 II
1123 4683 1251 4740 Cor.
1283 4702 1364 4748 ιιι.
1411 4686 1498 4741 11.
1573 4688 1593 4718 ⁶
1622 4685 1751 4740 Luc.
1782 4704 1888 4753 xvi,
1925 4690 2012 4743 29.

467 4918 478 4929 .
510 4843 625 4917 (12)
668 4843 799 4925 Erat
825 4844 1293 4929 praeﬁxo‘puncto,
1324 4864 1342 4928 ς
1370 4846 1555 4916 Usque
1579 4846 1644 4929 ad
1669 4862 2014 4929 consumma-

444 4915 641 4969 tionem
665 4915 865 4984 quippe
904 4915 1110 4981 mundi,
1131 4923 1190 4968 ut
1228 4915 1482 4984 diximus,
1506 4935 1524 4968 ι
1553 4927 1688 4983 etc.,
1716 4932 1835 4987 quae
1856 4918 2014 4971 casti-

443 4996 639 5057 gantur
670 5000 730 5057 ~1,
748 5000 882 5057 mss-

518 5054 631 5137 (1:5)
673 5054 1189 5137 Vitiosanmetat'hesi
1217 5055 1495 5137 obtinebat
1522 5058 1574 5112 in
1602 5056 1761 5111 editis
1789 5074 1809 5108 ι
1835 5056 2013 5126 aliqua

446 5142 510 5177 ex
541 5126 623 5195 eis
642 5133 815 5195 parte.
840 5143 857 5175 ι
887 5126 1085 5195 Scripti
1112 5127 1424 5180 emendant.

675 5193 837 5274 Itanin
882 5193 1022 5249 mss.
1053 5195 1758 5274 frequenter_¢prophetes:
1788 5197 1840 5250 in
1865 5206 2014 5274 recto

447 5262 707 5344 scribitur
733 5262 1043 5344 Grzecorurn
1075 5262 1581 5344 moreLunde'edi'tj
1614 5268 1803 5334 supine
1833 5268 2018 5320 admo-

449 5335 575 5385 dum
617 5334 971 5413 tprophetisi
1007 5336 1208 5404 legunt.
1241 5337 1331 5389 Est
1354 5346 1530 5390 autem
1560 5335 1749 5402 Isaias,
1788 5338 1840 5390 in
1870 5338 2024 5406 cujus

450 5402 789 5473 expositione
828 5402 926 5457 loci
954 5402 1285 5473 perseverat.

522 5471 968 5553 (l_5)_Perperani
995 5476 1162 5553 _editi,
1198 5476 1325 5542 quin
1369 5476 1529 5553 etiam
1578 5492 1766 5553 mss._c
1796 5485 1850 5530 et
1893 5492 2030 5553 quo-

458 5545 616 5595 modo
646 5542 955 5624 loqui-tur?!
994 5544 1130 5597 Tum
1162 5555 1317 5624 vetus
1357 5548 1548 5609 editio,
1586 5566 1602 5596 ι
1641 5549 1728 5615 qui
1767 5561 1859 5601 eos
1910 5542 2029 5600 red-

454 5613 803 5684 etnerat,qui
825 5613 1179 5675 exaltaverat,
1203 5616 1291 5684 qui
1325 5628 1594 5683 posuerat,
1624 5613 1779 5671 rete.

530 5683 1052 5764 (Iﬁ)'_Mipus_recte
1097 5684 1252 5764 editi,
1296 5686 1662 5757 «negligentia
1713 5696 2031 5757 suggerente

462 5754 686 5822 creverit
711 5753 775 5809 ad
810 5753 990 5824 pejora
1019 5755 1307 5811 conﬂuere.
1349 5773 1366 5804 ι

1727 4619 1772 4651 θ’
1804 4620 1929 4672 ibid.
1964 4618 2053 4674 27.
2161 4621 2174 4650 ¹
2207 4618 2226 4670 1
2254 4618 2444 4670 Thess.
2487 4626 2562 4665 ιν.

1727 4709 1751 4739 ι.
1782 4704 1888 4746 xw.
1925 4690 2012 4743 29.
2091 4690 2109 4721 ⁷
2153 4688 2294 4742 Psal.
2327 4697 2490 4746 xcvn,
2533 4679 2583 4732 I.

2730 4608 2749 4635 ²
2778 4601 2881 4655 Isa.
2911 4615 3023 4659 ιιι,
3054 4596 3144 4649 21.
3257 4594 3277 4623 ³
3318 4591 3431 4645 Isa.
3466 4600 3591 4649 xui,
3640 4581 3677 4632 1.

2660 4678 2681 4707 ⁸
2723 4674 2866 4727 Psal.
2909 4684 3073 4732 cxvu,
3112 4665 3197 4719 I6.

2161 4621 2174 4650 ¹
2207 4617 2226 4670 1
2254 4616 2444 4670 Thess.
2487 4626 2562 4665 ιν.
2601 4607 2653 4659 '7.

2194 4838 2307 4909 (l7)
2334 4836 2426 4909 ᾼΙ.
2464 4853 2480 4885 ι
2506 4836 2949 4909 praevaricantur,
2977 4842 2995 4875 ι
3032 4819 3332 4909 ἰημςτςεερ
3365 4816 3679 4909 desiﬁqtfx

2194 4887 2241 4979 (1
2252 4887 2304 4978 8)
2329 4887 2652 4979 Yjettis'edit.
2673 4918 2704 4979 ⁸ι
2727 4898 2942 4979 idemut
2964 4887 3678 4979 sanctiﬁcaretjcredentesj.»

2343 4956 2515 5030 vim}.
2547 4990 2565 5023 ι
2596 4970 2723 5024 vitio
2754 4966 2961 5022 lubrico
2990 4982 3003 5017 :
3040 4982 3059 5015 ι
3100 4972 3253 5015 vetus
3292 4958 3458 5019 edit.,
3510 4956 3680 5007 «vitio-

2121 5066 2263 5110 rum,
2302 5067 2319 5098 i
2355 5058 2458 5099 etc.

2345 5093 2509 5170 Iidem
2540 5110 2693 5173 libri,
2753 5126 2773 5159 ‹
2808 5104 3036 5161 salvavit
3064 5101 3135 5155 ei.
3182 5118 3201 5151 ι
3251 5096 3463 5159 (ἂι-κε..
3506 5093 3681 5146 ἔπνεεν

2122 5189 2289 5244 αὐτῶ.

2202 5230 2315 5329 (ᾗ)
2358 5250 2662 5329 Displicuit_
2685 5242 3118 5329 olim_pon_uullis
3147 5237 3401 5292 Patribus
3438 5235 3546 5288 dici
3575 5230 3680 5319 su.

2132 5317 2375 5384 vatorem
2410 5344 2427 5374 ι
2456 5317 2789 5375 Dominicum
2819 5317 3122 5384 Hominem.
3145 5330 3163 5361 ι
3186 5324 3295 5384 quo
3328 5321 3585 5384 sermone
3610 5318 3684 5354 se-

2134 5378 2609 5469 parari—liortiinetn
2642 5406 2683 5469 a7
2710 5387 3039 5469 Doruiuo,_et
3069 5378 3681 5469 gilkl'lsLlIIl-l‘q-IAVId‘i-gﬁia

2134 5441 2724 5539 "subtilitate
2754 5441 3485 5539 suspicabzinli‘evjerah

2138 5512 2462 5593 dari'slarutrt
2493 5512 2705 5600 propria
2752 5512 2871 5600 erat
2909 5525 3107 5600 istlucc.
3133 5512 3681 5600 Iorprendiufqrnrula.

2375 5582 2613 5678 recorrisz
2636 5597 3006 5676 Nazianzenus
3025 5591 3188 5678 epist.
3204 5582 3233 5642 1
3265 5589 3329 5678 ad
3347 5582 3680 5678 (gledonimuﬂ,

2140 5656 2504 5747 rle'p‘reli'end‘it.
2553 5670 2695 5747 [line
2731 5668 2892 5721 etiam
2928 5656 3235 5747 esco'gitata.
3274 5656 3477 5747 [.lpﬁno
3516 5660 3683 5747 contra

2142 5724 2521 5816 ii'i'éiaii}.'.ﬁim
2556 5740 2754 5805 fabu!a,
2780 5751 2936 5807 quam
2969 5724 3089 5803 ipse
3104 5730 3257 5801 Apol.
3286 5728 3355 5783 lib
3408 5741 3457 5781 Ir
3485 5724 3685 5780 recitat,
