3738 6346
173 349 268 412 ωπ

1224 337 1423 394 LIBER
1462 339 1550 395 DE
1589 339 1863 401 SPlRlTU
1908 335 2198 395 SANCTO.

3191 341 3334 401 5078

166 493 216 535 οι
250 474 342 540 ipso
367 463 471 516 loco
501 457 786 514 manifeste
817 471 1217 527 comprcnawr,
1251 460 1380 528 quia
1420 460 1536 530 ipse
1573 469 1658 516 est
1687 469 1732 522 Α
1829 461 1918 515 55.
1964 460 2107 515 Satis
2141 458 2459 529 abundeque
2483 461 2550 514 de
2576 461 2850 531 prophetae
2879 461 3186 519 testimonio
3215 468 3324 522 dis-

168 570 336 624 dextera
363 553 464 616 Dei,
503 552 642 605 sicut
687 550 946 618 scriptum
977 559 1059 602 est
1101 549 1154 602 in
1189 549 1412 605 Actibus
1438 559 1652 618 aposto—

166 659 316 714 lorum,
343 643 468 714 quod
509 641 683 694 factus
717 639 786 695 sit
817 653 882 693 ex
913 639 1122 693 semine
1163 637 1326 691 David
1359 639 1654 692 secundum

167 754 331 802 carnem
351 776 366 802 ,
387 732 584 804 genitus
620 731 686 785 de
716 730 959 800 Virgine,
1007 731 1414 798 superveniente
1443 730 1494 783 in
1535 745 1654 784 eam

175 833 332 904 Spiritu
358 833 550 887 sancto,
580 832 635 878 et
666 822 863 876 virtute
891 821 1099 875 Excelsi
1135 821 1486 875 obumbrante
1512 838 1653 876 eam.

166 930 220 984 De
239 939 322 993 quo
347 916 494 974 David
518 914 855 984 pr0phetavit
879 915 932 967 in
958 912 1187 983 Spiritu,
1209 913 1347 982 quod
1371 930 1397 965 a
1432 915 1656 969 mortuis

165 1027 409 1084 resurgens,
437 1019 740 1076 assumptus
768 1008 834 1061 sit
863 1008 916 1060 in
942 1007 1129 1071 cmlos,
1161 1007 1380 1060 dextera
1407 1006 1498 1060 Dei
1529 1006 1656 1060 sub-

163 1113 320 1166 levatus
351 1100 472 1173 (22).
511 1099 782 1153 Scribitur
809 1099 878 1152 ibi
923 1108 1102 1153 autem
1138 1099 1190 1152 in
1223 1099 1364 1152 hunc
1391 1097 1606 1152 modum
1637 1117 1651 1152 :

167 1223 180 1255 ο
217 1197 473 1254 Praevidens
517 1192 655 1246 idem
705 1190 870 1244 David
911 1189 1122 1245 locutus
1159 1200 1245 1245 est
1288 1191 1352 1244 de
1411 1202 1656 1243 resurre-

159 1294 292 1348 ctione
323 1283 535 1348 Christi,
569 1283 820 1352 quoniam
847 1297 952 1335 non
985 1281 1272 1335 derelictus
1302 1280 1413 1351 (25)
1463 1281 1514 1333 in
1567 1281 1649 1332 in-

159 1384 291 1440 ferno.
329 1389 484 1442 neque
524 1387 650 1427 caro
698 1373 816 1441 ejus
847 1371 976 1426 vidit
1029 1372 1452 1440 corruptionem.
1501 1370 1654 1426 Hunc

156 1472 294 1526 le’stun
319 1466 578 1521 suscitavit
603 1465 764 1528 Deus,
792 1466 876 1517 cui
910 1477 1006 1517 nos
1029 1477 1217 1516 omnes
1240 1471 1409 1529 testes
1439 1476 1648 1515 sumus.

156 1567 335 1619 Dextera
365 1559 514 1625 igitur
538 1556 631 1609 Dei
655 1557 920 1619 elevatus,
949 1565 1002 1609 et
1028 1553 1496 1622 reprmnissionem
1529 1553 1654 1622 Spi-

153 1654 257 1708 ritus
291 1648 444 1703 sancti
477 1647 748 1715 accipiens
779 1661 808 1698 a
856 1644 1016 1698 Patre
1038 1685 1054 1711 ,
1086 1643 1271 1698 ell‘udit
1304 1645 1405 1697 hoc
1453 1643 1650 1696 donum

154 1745 191 1797 in
215 1741 368 1803 nobis,
397 1739 535 1806 quod
582 1753 677 1791 vos
717 1738 910 1790 videtis
939 1746 993 1790 et
1036 1737 1233 1790 auditis
1253 1776 1267 1799 ,
1296 1751 1468 1804 neque
1510 1735 1650 1787 enim

150 1835 276 1890 David
305 1831 530 1887 ascendit
559 1831 608 1884 in
642 1831 805 1885 eteius
830 1832 871 1884 °.
924 1850 943 1883 ρ
984 1829 1124 1883 Nulli
1162 1831 1360 1900 quippe
1387 1828 1606 1883 dubium
1633 1866 1649 1892 ,

149 1925 386 1982 exaltatum
423 1924 638 1976 dextera
686 1923 811 1986 Dei,
858 1932 912 1975 et
950 1924 1015 1975 ab
1049 1921 1235 1975 inferis
1277 1929 1648 1989 resurgentem

146 2033 236 2072 esse
262 2015 522 2070 Dominum
551 2013 758 2077 Jesum,
789 2013 928 2067 sicut
951 2013 1064 2081 ipse
1090 2013 1380 2081 Scripturae
1403 2025 1651 2065 sermone

148 2119 325 2163 testatus
342 2115 436 2161 est.
460 2107 569 2159 iste
591 2119 720 2174 ergo
743 2105 830 2173 qui
859 2105 1151 2158 resurrexit
1176 2119 1205 2157 a
1226 2104 1451 2158 mortuis
1482 2102 1611 2156 dicit
1634 2119 1646 2153 :

149 2217 164 2248 ι
189 2199 278 2266 Ego
303 2195 519 2250 dormivi
553 2204 606 2248 et
636 2209 880 2248 somnum
907 2193 1045 2262 cepi,
1083 2203 1138 2248 et
1183 2193 1480 2254 resurrexi,
1525 2191 1649 2259 quia

144 2279 354 2339 Dominus
377 2282 654 2336 suscitavit
681 2297 764 2335 me
793 2283 858 2336 1°.
898 2301 916 2334 ι

193 2375 264 2430 52.
298 2375 405 2444 lpse
426 2390 554 2443 ergo
585 2389 834 2429 sermone
864 2374 953 2429 Dei
983 2373 1094 2445 (21)
1124 2386 1432 2444 assumptus
1461 2377 1514 2429 in
1543 2393 1652 2433 cre-

140 2467 254 2530 ium,
290 2467 517 2521 elevatus
566 2482 687 2522 esse
727 2466 792 2520 ab
831 2482 916 2530 ea,
961 2469 1026 2521 de
1059 2483 1164 2535 qua
1196 2483 1358 2536 supra
1393 2468 1650 2536 diximus,

141 2560 314 2612 dextera
343 2557 427 2610 Dei
452 2559 795 2626 praedicatur,
823 2567 876 2612 et
898 2558 1173 2627 accepisse
1204 2560 1653 2626 repromissiones

139 2650 327 2720 Spiritus
355 2651 523 2704 sancti
553 2665 582 2702 a
615 2649 806 2713 Patre,
846 2660 900 2704 et
930 2648 1191 2705 effudisse
1237 2651 1385 2703 illum
1427 2652 1480 2704 in
1527 2666 1650 2728 ere-

139 2744 302 2804 dentes,
324 2743 388 2795 ita
425 2751 482 2794 ut
507 2742 746 2795 omnium
778 2741 970 2810 linguis
999 2743 1349 2811 loquerentur
1382 2742 1650 2812 magnalia

137 2835 226 2890 Dei.
247 2832 365 2887 Nam
393 2843 444 2886 et
488 2832 805 2887 Dominicus
838 2832 1011 2888 Homo
1041 2837 1252 2903 accepit
1282 2835 1652 2888 communica-

137 2925 296 2979 tionem
331 2924 562 2992 Spiritus
606 2926 806 2989 sancti,
840 2927 980 2980 sicut
1024 2926 1077 2980 in
1110 2926 1418 2996 Evangeliis
1462 2926 1653 2980 scribi-

137 3027 225 3070 tur:
252 3035 268 3067 ι
292 3014 439 3071 Jesus
465 3030 599 3085 ergo
632 3017 865 3084 repletus
894 3017 1100 3087 Spiritu
1132 3028 1342 3084 sancto,
1376 3033 1677 3089 regressus

136 3115 198 3158 est
221 3120 244 3158 a
273 3104 594 3169 Iordane“;
634 3124 654 3158 ι
681 3116 734 3161 et
765 3108 816 3160 in
848 3107 952 3160 alio
993 3107 1106 3160 loco
1136 3125 1149 3160 :
1195 3125 1214 3157 ‹
1261 3105 1529 3161 Reversus
1572 3101 1653 3160 est

134 3195 255 3251 lesus
278 3197 325 3251 in
346 3197 547 3253 virtute
570 3197 804 3266 Spiritus
827 3197 878 3251 in
902 3197 1176 3252 Galilmam
1193 3198 1256 3251 ¹².
1280 3217 1300 3250 ι
1322 3197 1444 3251 llaec
1472 3207 1647 3250 autem

135 3289 297 3357 absque
336 3290 438 3343 ulla
484 3291 755 3346 calumnia
809 3292 873 3346 de
923 3292 1200 3346 Dominico
1243 3291 1510 3356 nomine,
1559 3291 1648 3360 qui

134 3383 245 3430 totus
262 3376 520 3446 Christus,
548 3397 690 3435 unus
715 3391 796 3435 est
820 3379 983 3436 Jesus
1006 3381 1174 3434 Filius
1203 3381 1292 3434 Dei
1320 3381 1456 3451 (25),
1490 3395 1648 3434 sensu

134 3466 346 3525 debemus
381 3473 598 3541 pietatis
635 3474 878 3542 accipere
908 3513 922 3536 ,
961 3489 1063 3528 non
1097 3473 1238 3542 quod
1266 3473 1399 3526 alter
1432 3482 1486 3527 et
1517 3472 1653 3526 alter

132 3559 209 3622 tit,
233 3563 316 3615 sed
340 3566 479 3633 quod
525 3567 592 3620 de
619 3581 726 3619 uno
749 3574 911 3634 atque
937 3565 1124 3619 eodem
1145 3606 1160 3631 ,
1189 3565 1341 3634 quasi
1389 3564 1453 3617 de
1478 3564 1646 3617 altero

132 3655 376 3707 secundum
424 3666 675 3711 naturam
723 3658 850 3719 Dei,
885 3667 937 3711 et
960 3657 1196 3710 hominis
1243 3657 1567 3724 disputetur,
1601 3667 1655 3709 et

131 3744 224 3808 quia
268 3744 396 3801 Deus
449 3746 684 3802 Verbum
750 3748 1057 3815 unigenitus
1108 3746 1274 3800 Filius
1320 3747 1435 3809 Dei,
1479 3761 1652 3814 neque

132 3834 514 3895 immutationem
546 3841 738 3909 recipit
759 3881 774 3903 ,
807 3855 909 3894 nec
949 3851 1297 3910 augmentum
1320 3880 1335 3895 .
1373 3838 1649 3909 Siquidem

135 3925 222 3992 ipse
249 3941 322 3983 est
348 3933 611 3986 bonorum
639 3933 878 3987 omnium
909 3921 1203 4000 plenitudo.

182 4042 322 4110 PAct.
350 4060 410 4107 tt,
442 4045 619 4099 51ο5ι1
728 4046 772 4078 ¹⁰
801 4044 940 4098 Psal.
964 4061 1044 4110 ιιι,
1074 4046 1126 4099 6.

133 4109 194 4164 "l
222 4111 392 4169 Thess.
414 4131 468 4180 v,
495 4115 594 4169 25.
668 4116 709 4148 ¹⁶
737 4117 892 4172 Joan.
914 4109 1046 4180 xvn,
1072 4118 1156 4171 17.

135 4235 288 4297 «ηυθά
338 4236 623 4289 Athanasii
684 4236 914 4302 librum,
975 4237 1060 4289 ubi
1113 4236 1420 4289 Dominicus
1469 4234 1640 4288 Homo

130 4306 317 4376 scriptus
343 4315 446 4368 est,
487 4307 883 4376 Apollinaristm
935 4309 1000 4360 ad
1049 4307 1330 4376 legendum
1369 4317 1646 4374 acceptum

130 4371 182 4422 ita
211 4371 561 4443 corruperint,
592 4386 646 4428 ut
672 4376 724 4429 in
749 4377 907 4430 litura
943 4378 992 4429 id
1025 4371 1161 4437 quod
1196 4386 1439 4429 raserunt
1460 4371 1648 4430 rursus

132 4442 404 4502 scriberent.
448 4456 508 4498 ιιι
545 4446 751 4500 scilicet
782 4462 884 4500 non
919 4447 984 4500 ab
1031 4447 1134 4499 illis
1183 4445 1450 4510 falsatum,
1486 4449 1577 4499 sed
1623 4465 1641 4498 ι

1205 4048 1243 4078 ¹¹
1281 4045 1412 4099 Luc.
1455 4062 1527 4106 tv,
1564 4046 1650 4098 71.

1730 4047 1772 4077 ¹²
1802 4045 1932 4099 Luc.
1968 4062 2083 4109 vut,
2111 4046 2201 4103 55.

1236 4118 1276 4147 ¹⁷
1305 4116 1434 4171 Luc.
1459 4133 1610 4179 xvtn,
1635 4118 1720 4173 19.

1759 559 1996 619 putatum
2025 559 2128 616 est,
2161 564 2259 604 nec
2288 549 2354 603 ad
2382 549 2582 619 reliqua
2612 563 2918 620 pergamus,
2951 560 3009 606 ut
3041 556 3314 622 quomodo

1759 643 1958 696 scimus
1986 642 2128 710 quod
2161 640 2272 712 (26)
2320 640 2480 694 Pater
2524 651 2575 696 et
2613 641 2780 696 Filius
2821 653 3040 700 sanctos
3067 655 3121 699 et
3154 646 3323 702 bonos

1759 736 1843 786 sui
1873 733 2365 798 communicatione
2399 734 2720 804 perﬁciunt:
2751 735 2829 790 sic
2857 747 3077 791 sanctus
3103 754 3321 807 quoque

1760 825 1995 895 Spiritus
2024 826 2438 895 participatione
2465 828 2546 880 sui
2578 827 2746 882 bonos
2769 828 2964 884 efﬁciat
2988 843 3319 901 sanctosque

1755 919 2074 981 credentes;
2117 928 2171 971 et
2218 932 2282 970 ex
2329 917 2432 971 hoc
2474 918 2634 972 etiam
2693 919 2848 971 unius
2891 934 3012 973 cum
3061 919 3220 973 Patre
3269 929 3326 976 et

1756 1008 1892 1062 Filio
1918 1008 2233 1062 substantiae
2275 1021 2394 1062 esse
2439 1009 2714 1062 doceatur.
2753 1008 2956 1064 Dicitur
2991 1010 3040 1062 in
3087 1008 3322 1064 Psalmis

1755 1099 1822 1152 ad
1853 1098 2136 1152 Dominum
2164 1116 2178 1151 :
2217 1115 2236 1148 ι
2275 1096 2510 1165 Spiritus
2537 1105 2665 1152 tuus
2689 1096 2861 1153 bonus
2886 1099 3112 1153 deducet
3150 1112 3235 1152 me
3266 1098 3320 1151 in

1756 1202 1957 1244 terram
1990 1198 2192 1244 rectam
2226 1189 2289 1241 υ.
2328 1207 2346 1240 ι
2377 1187 2592 1244 Scimus
2653 1197 2834 1243 autem
2885 1187 2936 1241 in
2997 1188 3335 1257 quibusdam

1754 1282 1994 1352 exempla
2005 1283 2153 1336 ribus
2169 1283 2426 1350 scriptum
2445 1298 2583 1347 esse,
2607 1301 2626 1334 ι
2653 1282 2884 1353 Spiritus
2901 1293 3121 1338 sanctus
3140 1295 3282 1338 tuus.
3296 1302 3339 1335 ι.

1753 1375 1924 1428 Porro
1975 1374 2026 1427 in
2092 1372 2256 1427 Esdra
2317 1375 2522 1444 absque
2578 1373 2681 1429 ulla
2734 1375 3086 1444 ambiguitate
3150 1377 3337 1446 bonus

1756 1466 1990 1535 Spiritus
2043 1466 2377 1536 appellatur:
2430 1484 2448 1516 ι
2488 1466 2742 1535 Spiritum
2788 1477 2935 1520 tuum
2988 1467 3184 1521 bonum
3229 1467 3338 1521 de-

1755 1558 1911 1625 disti,
1945 1567 2003 1612 ut
2038 1573 2132 1612 cos
2176 1558 2388 1613 faceres
2431 1557 2727 1628 intelligere
2754 1557 2818 1611 ¹¹⁶.
2880 1576 2898 1609 ι
2948 1559 3099 1625 Quod
3144 1567 3344 1612 autem.

1752 1649 1914 1704 Pater
1979 1650 2306 1714 sanetilicet,
2366 1649 2651 1718 Apostolus
2697 1649 2938 1718 scribit,
2987 1651 3173 1704 dicens
3218 1649 3265 1680 υτ
3303 1666 3320 1701 :

1761 1761 1779 1793 ‹
1808 1743 1946 1798 Deus
1986 1753 2165 1799 autem
2203 1743 2349 1812 pacis
2372 1742 2671 1797 sanctiﬁcet
2706 1756 2800 1795 vos
2842 1741 3106 1810 perfectos
3135 1741 3266 1812 (27).
3299 1761 3344 1792 ι.

1682 1833 1724 1886 Β
1753 1835 1818 1888 Et
1864 1835 2109 1890 Salvator
2160 1837 2265 1888 ait:
2317 1855 2335 1886 ‹
2384 1832 2543 1888 Pater
2595 1845 2799 1898 sancte,
2835 1835 3112 1889 sanctiﬁca
3143 1849 3236 1888 eos
3270 1835 3340 1887 in.

1755 1925 2001 1990 veritate,
2034 1926 2154 1994 quia
2187 1927 2409 1979 verbum
2449 1934 2596 1978 tuum
2625 1934 2706 1976 est
2732 1925 2930 1976 veritas
2956 1924 3020 1976 ¹⁶.
3055 1942 3071 1974 ι
3105 1922 3336 1991 Perspi--

1753 2031 1852 2069 cue
1889 2017 2071 2070 dicens
2102 2033 2114 2069 :
2158 2015 2216 2068 In
2245 2030 2329 2068 me
2364 2014 2488 2083 (qui
2528 2012 2760 2067 Verbum
2794 2022 2939 2066 tuum
2970 2028 3109 2076 sum,
3141 2023 3196 2066 et
3227 2025 3322 2064 ve-

1754 2107 1886 2160 ritas
1912 2105 2022 2176 tua)
2050 2106 2326 2160 sanctiﬁca
2351 2105 2470 2159 illos
2488 2105 2588 2159 ﬁde
2614 2114 2668 2158 et
2689 2105 2958 2159 consortio
2982 2105 3106 2156 mei.
3140 2103 3335 2158 Dictus

1754 2207 1836 2252 est
1867 2205 1920 2252 et
1951 2198 2074 2251 alibi
2123 2198 2295 2252 bonus
2333 2199 2469 2251 Deus
2500 2217 2511 2251 :
2553 2216 2570 2247 ι
2611 2195 2778 2252 Nemo
2816 2197 3010 2258 bonus,
3050 2196 3151 2250 nisi
3188 2211 3341 2249 unus.

1757 2289 1896 2344 Deus
1928 2291 1991 2342 ".
2040 2309 2059 2340 ι
2115 2288 2375 2358 Superius
2422 2305 2635 2357 quoque
2688 2289 3024 2342 ostendimus
3068 2287 3322 2356 quoniam

1754 2379 1922 2434 Filius
1947 2380 2267 2446 sanctiﬁcet,
2292 2379 2456 2433 Paulo
2475 2381 2525 2432 in
2559 2379 2747 2433 eadem
2776 2379 2937 2432 verba
2961 2388 3340 2446 congruente:

1759 2486 1778 2519 ι
1824 2470 2034 2523 Etenim
2072 2470 2165 2538 qui
2205 2471 2527 2534 sanctilicat,
2569 2479 2623 2524 et
2650 2469 2742 2538 qui
2786 2470 3219 2528 sanctiticantnr,
3255 2483 3329 2521 ex

1754 2576 1858 2614 uno
1878 2575 2065 2615 omnes
2094 2562 2156 2614 '3.
2189 2579 2206 2611 ι
2236 2561 2668 2615 Sanctiﬁcantem
2691 2559 3000 2629 signiﬁcans
3026 2559 3328 2622 Chrismtn,

1753 2664 1805 2708 et
1833 2654 2194 2708 sattctiiicatos
2223 2669 2337 2717 eos,
2366 2654 2454 2722 qui
2484 2662 2706 2722 possunt
2730 2655 2930 2717 dicere,
2967 2671 2985 2703 ι
3015 2652 3211 2706 Factus
3238 2658 3324 2706 est.

1756 2743 1908 2796 nobis
1948 2744 2215 2813 sapientia
2260 2759 2326 2797 cx
2383 2744 2489 2797 Deo
2537 2745 2818 2810 Christus,
2875 2754 2930 2796 et
2964 2741 3175 2808 justitia
3203 2783 3218 2805 ,
3270 2752 3326 2795 et.

1755 2835 2114 2889 sanctiﬁcatio
2156 2834 2217 2886 ¹⁹.
2266 2855 2284 2885 ι
2339 2834 2650 2904 Appellatur
2700 2835 2960 2903 siquidem
3009 2843 3060 2888 et
3094 2832 3332 2901 Spiritus

1755 2927 2218 2982 sanctiﬁcationis.
2248 2927 2397 2983 Unde
2421 2936 2474 2980 et
2496 2927 2560 2979 ad
2585 2942 2705 2980 eum
2728 2929 2922 2982 dicitur
2944 2946 2957 2980 :
2990 2947 3008 2978 ι
3033 2925 3099 2978 Ει
3135 2941 3337 2980 omnes

1754 3021 2072 3076 sanctilicati
2104 3021 2204 3075 sub
2247 3021 2491 3074 manibus
2532 3022 2658 3083 tuis,
2693 3030 2747 3074 et
2777 3020 2876 3072 sub
2908 3028 2959 3072 te
2991 3025 3134 3072 sunt.
3176 3034 3194 3066 ι
3217 3015 3323 3068 Bo-

1759 3128 1858 3167 nus
1911 3114 2168 3167 Dominus
2218 3125 2400 3168 noster
2436 3111 2590 3167 Jesus
2633 3113 2918 3174 Christus,
2967 3119 3023 3163 et
3071 3124 3136 3162 ex
3179 3110 3340 3162 bono-

1756 3204 1914 3258 Patre
1947 3215 2233 3275 generatus
2285 3213 2399 3266 est,
2433 3213 2486 3258 et
2530 3204 2594 3258 de
2623 3218 2689 3257 eo
2719 3203 2947 3272 legimus
2981 3217 2992 3250 :
3032 3218 3051 3250 ι
3088 3199 3325 3254 Conﬁte—

1759 3294 1889 3347 mini
1926 3295 2172 3360 Domino,
2205 3295 2461 3362 quoniam
2493 3294 2664 3347 bonus
2695 3293 2762 3345 ὀ.
2802 3310 2819 3343 ι
2856 3291 3226 3356 Conﬁteantur
3250 3289 3328 3341 illi

1759 3396 1937 3441 autem
1966 3387 2054 3455 qui
2084 3386 2150 3440 ab
2179 3402 2242 3440 eo
2267 3396 2358 3439 aut
2383 3387 2593 3440 veniam
2621 3386 2905 3438 obsecrant
2956 3393 3350 3452 peccatorum...

1760 3488 1853 3531 aut
1891 3478 2091 3544 gratias
2125 3477 2363 3532 referunt
2387 3480 2502 3544 ejus
2532 3478 2830 3532 clementia:
2858 3491 2952 3545 pro
2989 3474 3205 3530 indultis
3233 3474 3325 3528 be-

1755 3567 1981 3622 neﬁciis.
2027 3567 2258 3633 Spiritus
2293 3582 2507 3635 quoque
2537 3576 2757 3620 sanctus
2787 3581 2882 3619 eos
2910 3579 3048 3634 quos
3072 3563 3349 3634 dignatur.

1761 3659 2004 3728 implere,
2037 3658 2362 3720 sanctiﬁcat,
2392 3668 2450 3711 ut
2481 3661 2728 3726 superius
2751 3657 2862 3723 jam
2900 3658 3347 3709 demonstratum.

1761 3761 1880 3814 est,
1924 3751 2137 3818 quando
2171 3749 2504 3803 ostendimus
2551 3764 2672 3802 eum
2728 3747 3153 3817 participabileut
3205 3755 3338 3797 ctu.

1764 3841 1949 3896 multis
1983 3841 2144 3894 simul
2183 3842 2298 3909 capi
2337 3856 2512 3909 posse.
2543 3841 2605 3894 Et
2637 3855 2780 3894 nunc
2814 3840 2867 3892 in
2901 3838 3150 3907 praesenti
3178 3835 3348 3888 Pauli.

1764 3933 2074 3987 testimonio
2113 3932 2333 4001 largitor
2361 3931 2799 3986 sanctiﬁcationis
2835 3930 3157 3992 ostenditur,
3181 3929 3232 3982 in
3261 3942 3345 3982 eo.

2281 4047 2324 4078 ¹³
2354 4045 2494 4098 Psal.
2520 4061 2682 4110 cxut,
2711 4047 2794 4100 10.
2873 4044 2914 4076 ¹⁴
2936 4043 3092 4098 Esdr.
3128 4061 3204 4108 ix,
3233 4044 3324 4097 20.

1800 4117 1842 4147 ⁸⁸
1881 4116 2042 4171 Hebr.
2072 4133 2131 4180 ιι,
2171 4117 2258 4171 11.
2337 4117 2378 4146 ³⁸
2403 4114 2423 4168 ι
2444 4115 2567 4171 Cor.
2603 4132 2639 4179 ι,
2670 4117 2759 4170 50.
2839 4117 2884 4148 ²⁰
2910 4115 3052 4170 Psal.
3077 4130 3244 4175 cxvtl.
3271 4115 3354 4167 1.,

1752 4254 1772 4288 ι
1819 4235 1988 4289 Homo
2021 4236 2332 4291 Dominicus
2357 4237 2612 4292 nonnulla
2646 4237 2854 4291 ratione
2883 4245 3056 4306 potest
3085 4237 3323 4300 defendi,

1753 4307 1878 4377 quia
1941 4307 2147 4361 scilicet
2197 4316 2372 4374 potest
2419 4307 2610 4373 aliquis
2660 4309 2878 4373 dicere,
2936 4307 3078 4377 quod
3126 4307 3328 4360 dicitur

1755 4376 1924 4429 l‘lomn
1968 4377 2273 4430 Dominicus
2319 4379 2523 4430 ratione
2557 4379 2800 4430 humana:
2863 4376 3107 4438 naturae,
3159 4391 3345 4445 quam.

1756 4446 2020 4514 signiﬁcat
2048 4448 2148 4500 hoc
2175 4463 2368 4500 nomen
2399 4449 2582 4510 homo,
2616 4463 2719 4501 non
2748 4457 2928 4502 autem
2957 4449 3168 4501 ratione
3199 4460 3326 4514 anp-

133 4526 152 4561 a
188 4510 488 4587 Hieronymo
540 4535 560 4567 ι
600 4517 832 4587 additum
865 4527 1163 4584 putaretur.
1200 4536 1218 4567 ι
1263 4516 1501 4587 Denique
1535 4517 1648 4568 Au-
1683 4530 1729 4587 ο
1756 4510 1936 4587 positi.
1984 4535 2003 4587 ε

132 4582 332 4647 gustinus
359 4582 481 4638 {:um
515 4601 581 4638 ea
615 4582 885 4640 locutione
925 4602 1054 4640 usus
1081 4595 1225 4640 esset
1263 4585 1355 4639 lib.
1406 4582 1610 4639 Lxxxttt
1634 4627 1649 4650 ,

131 4661 282 4722 intust.
310 4655 409 4717 56.
437 4670 560 4709 eam
600 4657 933 4722 postmodum
983 4657 1253 4709 emendari
1296 4655 1459 4710 voluit
1513 4656 1602 4707 lib.
1639 4672 1654 4708 ι

132 4715 430 4800 ζωγρείῳ..Δ
448 4742 500 4781 c.
541 4715 648 4800 19:,
680 4727 802 4800 quia
837 4741 956 4779 cum
992 4725 1238 4800 Christus
1262 4726 1332 4800 sit
1376 4727 1653 4800 Dominus,

132 4795 376 4866 improprie
407 4797 722 4866 Dominicus
749 4797 1038 4866 diceretur,
1072 4795 1225 4864 quasi
1256 4797 1652 4866 signiﬁcaretur

133 4858 247 4930 illum
273 4858 369 4917 non
393 4881 515 4919 esse
542 4865 728 4928 Deum,
761 4876 813 4918 et
841 4858 1144 4930 Dominum,
1174 4867 1265 4917 sed
1296 4858 1650 4926 Duminicunt,

132 4929 209 4982 hoc
234 4944 304 4983 est
329 4935 668 5004 suppositum
721 4937 1009 4988 humanum
1039 4929 1248 4988 unitum
1285 4935 1532 4997 Domino,
1560 4949 1652 4986 seu

131 5003 364 5072 ξυμβοςὶιο
396 5003 662 5067 Domini,
699 5020 866 5070 quare
902 5007 1007 5058 duo
1035 5006 1309 5072 Supposita
1345 5004 1395 5056 in
1440 5004 1657 5057 Christo

134 5067 450 5142 ﬁngerentur,
487 5086 547 5126 ut
578 5067 860 5128 Nestorius
893 5067 1305 5142 blasphcmavit.
1341 5073 1523 5126 Nihilo
1563 5090 1654 5126 sev

133 5138 344 5212 cittseam
383 5158 573 5197 vocem
606 5144 695 5196 alii
728 5138 1060 5211 potissimum
1093 5143 1259 5197 Graeci
1305 5144 1508 5212 absque
1551 5143 1654 5196 ulla

132 5205 423 5266 dubitatione
459 5205 751 5281 usurpant.
785 5214 844 5267 S.
876 5213 1168 5280 Gregorius
1209 5205 1479 5282 Nyssenus
1503 5212 1653 5267 Orat.

130 5282 324 5354 fecunda
372 5282 439 5354 de
471 5281 530 5354 ξ.
577 5283 938 5354 Stephano,_6
979 5282 1078 5352 μὲν
1109 5283 1229 5354 γὰρ
1254 5281 1532 5354 Κυριᾳκδς
1565 5283 1657 5335 ἄν·

131 5343 333 5423 Θρωπος-
349 5351 444 5404 τοῦ
482 5343 742 5423 Σωτῆῥρς
765 5394 778 5414 ,
817 5370 834 5402 t
865 5343 1197 5423 Dominicus
1220 5343 1381 5405 ltomb
1413 5343 1656 5423 Salvato-

133 5419 206 5496 ris.
235 5436 252 5466 ι
304 5419 1008 5496 S._qt_mqne'Epiphanius
1050 5424 1100 5496 in
1135 5422 1415 5496 ﬁncorato
1461 5438 1516 5475 n.

131 5484 309 5559 aliique.
359 5491 400 5545 Ε
439 5484 670 5545 Ἰλιίὶιιὶε
715 5484 1002 5545 Cassianus
1051 5493 1245 5546 (Iollat.
1295 5508 1352 5557 ll,
1401 5507 1519 5559 cap.
1565 5484 1654 5545 1'5.

137 5555 362 5629 illomo,
413 5579 432 5612 ι
472 5562 682 5629 inquit,
730 5580 747 5611 ι
787 5562 873 5615 ille
916 5562 1222 5615 Dominicus
1247 5603 1261 5622 ,
1292 5555 1382 5629 qui
1428 5555 1657 5616 redemit

133 5621 382 5703 humanum
415 5621 608 5699 genus.
642 5650 660 5682 ι
694 5630 802 5703 Est
823 5640 996 5703 autem
1051 5632 1189 5703 illis,
1225 5621 1284 5703 ut
1311 5621 1364 5686 et
1406 5632 1654 5703 praesenti

133 5691 303 5770 Didymi
327 5691 460 5763 loco,
491 5705 654 5762 cuius
674 5702 840 5770 gratia
868 5701 981 5754 haec
1005 5691 1203 5762 scribo,
1237 5701 1322 5753 illa
1352 5691 1654 5754 adhibenda

132 5767 355 5828 etpoﬁitio
386 5771 444 5825 S.
500 5767 724 5826 'l'lton'tie
756 5787 812 5826 Ill
861 5781 1022 5839 part.,
1070 5781 1260 5840 quam.
1300 5772 1387 5837 16,
1420 5781 1523 5825 art.
1573 5771 1652 5825 5:

1831 4585 1941 4656 (2‘2)
1983 4585 2182 4651 Vatic.,
2210 4604 2228 4638 ι
2261 4586 2352 4640 Dei
2378 4587 2431 4639 in
2456 4586 2731 4642 dexteram
2758 4586 3097 4641 sublevatus:
3133 4605 3151 4637 ι
3186 4585 3344 4639 haud,

1756 4669 1920 4709 TCCIB.
2380 4693 2390 4706 .

1827 4724 1938 4793 (25)
1981 4727 2143 4778 Vetus
2186 4726 2340 4789 edit.,
2403 4743 2420 4776 ι
2480 4725 2735 4780 derelicta
2777 4726 2828 4778 in
2884 4724 3097 4777 inferno
3147 4723 3324 4776 anima

1755 4795 1873 4860 ejus
1904 4813 1916 4846 :
1953 4815 1972 4847 ι
2016 4796 2172 4863 paulo
2201 4796 2338 4848 inl'ra
2370 4809 2550 4859 voces,
2593 4812 2610 4844 ι
2644 4795 2839 4850 donum
2881 4797 2931 4848 in
2961 4796 3132 4857 nobis,
3174 4811 3194 4843 ι
3233 4794 3328 4846 de-

1760 4865 2156 4918 desiderantur.

1828 4933 1942 5004 (21)
1977 4934 2196 5005 Eadem,
2238 4951 2257 4984 ¢
2292 4934 2396 4986 Iste
2438 4949 2566 5005 ergo
2596 4935 2687 5004 qui
2736 4949 2960 5004 surgens
3001 4949 3030 4988 a
3077 4935 3351 5000 mortuis,,_

1755 5003 2006 5058 sermone
2038 5003 2153 5066 Dei,
2190 5022 2207 5053 ι
2248 5014 2356 5056 etc.

1826 5072 1940 5144 (25)
1986 5073 2197 5126 Absunt
2228 5089 2257 5126 a
2287 5074 2451 5144 veteri
2474 5074 2723 5144 editione
2757 5073 2962 5144 isthzec,
3001 5091 3019 5122 ι
3056 5071 3144 5138 qui
3183 5081 3327 5144 totus

1756 5141 2001 5197 Christus
2029 5159 2165 5196 unus
2187 5155 2268 5196 est
2291 5141 2447 5196 Jesus
2471 5142 2640 5197 Filius
2675 5146 2786 5197 Dei.
2825 5162 2844 5192 ι
2876 5143 3038 5196 Certe
3069 5157 3134 5196 ne
3170 5159 3187 5192 ε
3226 5141 3331 5195 Do-

1759 5214 1986 5267 minicus
2031 5214 2190 5265 homo
2243 5231 2261 5263 ι
2309 5212 2760 5282 Apollinariorutn
2805 5227 2964 5266 sensu
3013 5211 3332 5280 accipiatur,

1757 5283 1933 5335 addita
1966 5292 2110 5344 sunt,
2137 5301 2164 5334 a
2199 5282 2510 5352 Didyntone,
2541 5293 2632 5334 aut
2659 5282 3004 5353 Hieronymo,
3033 5297 3098 5334 an
3123 5282 3190 5336 ab
3212 5282 3330 5336 aliis

1757 5367 1862 5405 non
1899 5353 2101 5420 judico.
2136 5353 2331 5407 Recole
2364 5364 2542 5406 notam
2570 5352 2903 5420 superiorem
2932 5352 3022 5405 21.

1830 5422 1941 5490 (26)
1984 5421 2197 5476 Voculae
2227 5441 2244 5473 ι
2281 5425 2483 5478 scimus
2517 5423 2657 5492 quod
2707 5441 2726 5475 ι
2762 5424 2814 5478 in
2857 5420 3120 5478 Vaticano
3149 5429 3203 5492 et
3231 5436 3326 5471 ve-

1760 5495 1857 5565 teri
1880 5493 2018 5565 edit.
2073 5494 2466 5547 desiderantur.
2520 5491 2641 5549 Mox
2678 5495 2895 5565 Regina:
2923 5496 3044 5548 cud.
3102 5507 3120 5542 ς
3156 5491 3335 5544 bonus

1757 5561 1916 5616 efﬁcit
1950 5578 2076 5616 suos
2112 5567 2410 5617 credentes.
2454 5583 2472 5615 ι

1829 5632 1942 5701 (27)
1964 5633 2171 5703 _Vatic..
2207 5649 2225 5682 ‹
2259 5649 2355 5688 vos
2374 5649 2470 5703 per
2497 5634 2700 5699 omnia,
2725 5653 2742 5686 ι
2762 5627 3336 5701 cumVulgata.Gr:zc.

1759 5703 1903 5774 ὑμᾶς
1933 5701 2216 5765 ὁλοτελεῖς.
