3758 6308
403 307 538 364 1079

1632 311 1868 365 DlDYMl
1905 310 2374 367 ALEXANDRINI

3505 301 3649 356 1080

397 424 539 491 quod
574 424 645 477 ait
681 442 695 477 :
736 441 756 475 ι
804 425 1069 480 Debemus
1102 438 1277 481 autem
1318 437 1371 483 et
1420 443 1520 482 nos
1553 431 1759 498 gratias
1798 445 1959 499 agere
1990 435 2033 491 Α
2063 431 2164 484 nisi
2215 431 2439 500 spiritus
2490 429 2643 498 ejus,
2692 427 2813 495 quia
2857 426 2923 480 de
2966 437 3198 495 corpore
3239 421 3497 477 solitario
3538 423 3647 475 hoc

400 514 508 568 Deo
550 528 763 580 semper
811 529 909 583 pro
946 518 1136 583 vobis,
1179 518 1370 575 fratres
1412 520 1592 575 dilecti
1626 535 1657 575 a
1698 520 1958 587 Domino,

397 604 521 670 quia
548 604 710 672 elegit
748 607 885 661 Deus
920 623 1017 662 nos
1061 610 1326 675 primitias
1370 611 1422 663 in
1458 611 1706 678 salutem,
1751 613 1804 666 in
1837 628 1962 667 san-

397 690 971 767 ctiﬁcationeSpiritus
996 699 1190 761 sancti,
1221 710 1274 753 et
1307 699 1408 753 ﬁde
1435 701 1682 755 veritatis
1712 699 1956 755 “.iNam

395 792 449 835 et
480 782 533 835 in
581 782 681 838 hoc
728 784 847 840 loco
876 788 1205 843 charismata
1256 790 1347 845 Dei
1382 791 1856 863 subintelliguntur
1903 794 1959 847 in

396 873 621 943 Spiritu,
655 892 776 931 cum
819 880 869 933 in
899 882 1324 937 sanctiﬁcatione
1356 884 1610 953 Spiritus,
1649 885 1781 939 ﬁdes
1812 886 1958 956 pari-

398 976 497 1029 ter,
523 978 578 1023 et
606 971 804 1026 veritas
835 975 1170 1040 possidentur
1199 975 1331 1044 (28).

466 1058 555 1112 5i.
598 1059 735 1125 Quia
776 1076 902 1131 ergo
938 1075 1105 1129 recte,
1153 1074 1206 1120 et
1238 1065 1348 1133 pie,
1383 1075 1435 1120 et
1463 1076 1518 1120 ut
1548 1081 1606 1121 se
1634 1069 1834 1123 veritas
1864 1068 1957 1121 ba-

395 1149 507 1214 bet,
540 1150 651 1204 haec
684 1152 937 1219 diximus,
974 1156 1441 1221 sanctificationis,
1471 1158 1837 1228 bonitatisque
1873 1173 1962 1213 vo-

395 1242 668 1309 cabulum,
694 1254 748 1299 et
782 1246 847 1300 ad
883 1247 1119 1313 Patrem,
1153 1260 1207 1303 et
1234 1250 1299 1302 ad
1353 1249 1569 1313 Filitnn,
1615 1262 1671 1304 et
1696 1251 1759 1305 ad
1790 1251 1959 1320 Spiri-

400 1343 507 1387 tum
546 1347 790 1393 sanctum
826 1355 979 1408 teque
1013 1342 1263 1406 refertur,
1304 1343 1443 1396 sicut
1477 1344 1591 1411 ipsa
1622 1358 1836 1412 quoque
1863 1360 1959 1412 ap-

394 1424 613 1491 pellatio
648 1426 904 1497 Spiritus.
942 1430 1074 1484 Nam
1107 1441 1160 1485 et
1189 1431 1348 1487 Pater
1391 1432 1623 1502 Spiritus
1653 1434 1869 1499 dicitur,
1903 1444 1961 1488 ut

396 1518 504 1571 ibi:
536 1536 556 1568 ‹
587 1518 820 1587 Spiritus
846 1529 929 1575 est
952 1522 1091 1577 Deus
1113 1524 1191 1577 ":
1222 1542 1240 1574 ι
1268 1535 1321 1577 et
1340 1523 1507 1578 Filius
1540 1525 1773 1593 Spiritus
1814 1525 1956 1593 (29):

401 1626 418 1657 ι
464 1602 745 1675 Dominus,
786 1628 804 1661 ι
855 1612 1047 1680 inquit,
1109 1630 1129 1664 ι
1176 1612 1409 1683 Spiritus
1458 1619 1627 1671 est“.
1677 1636 1696 1669 ι
1727 1616 1961 1681 Spiritus

396 1711 575 1756 autem
661 1714 920 1762 sanctus.
1009 1720 1223 1775 semper
1289 1707 1519 1776 Spiritus
1601 1711 1769 1763 sancti
1866 1726 1960 1778 ap-

2065 520 2361 591 intelligere
2391 520 2529 574 velle
2564 518 2880 588 perstultum
2910 525 3012 571 est.

2133 612 2221 667 55.
2263 612 2415 677 Quod
2456 613 2499 666 si
2533 619 2719 679 arguta
2759 610 2947 663 nititur
2982 606 3169 661 fraude
3209 604 3529 671 subrepere,
3571 602 3643 655 de

2063 704 2263 774 Spiritu
2299 714 2486 757 sancto
2519 703 2632 757 haec
2662 701 2863 768 scripta
2896 707 3244 758 contestans;
3275 695 3322 748 si
3356 694 3647 763 diligenter

2063 798 2221 850 verba
2242 796 2354 864 ipsa
2377 796 2699 857 consideret,
2729 793 2965 848 cessabit
2990 803 3240 844 asserere
3269 787 3637 841 mendacirn.

2064 889 2337 957 Siquidem
2364 890 2434 942 ita
2466 890 2725 956 scriptum
2769 895 2888 939 est:
2928 903 2947 933 ε
2980 884 3117 949 Quis
3150 881 3293 934 enim
3325 880 3433 934 scit
3473 880 3645 931 homi-

2063 996 2185 1034 num
2220 996 2335 1048 quat
2378 990 2503 1033 sunt
2536 975 2769 1032 hominis
2794 1015 2809 1037 ,
2843 973 2941 1026 nisi
2973 971 3193 1040 spiritus
3239 970 3517 1031 hominis,
3548 968 3642 1034 qui

2062 1071 2113 1125 in
2156 1086 2220 1125 eo
2250 1071 2378 1124 est?
2407 1070 2497 1123 Sic
2528 1078 2583 1123 et
2611 1082 2674 1120 ea
2704 1080 2822 1135 qua:
2859 1074 2982 1117 sunt
3010 1062 3137 1120 Dei.
3168 1074 3332 1114 nemo
3357 1061 3501 1121 scit,
3537 1060 3643 1112 nisi

2064 1161 2299 1230 Spiritus
2317 1162 2405 1214 Dei
2423 1161 2491 1213 ³ο.
2508 1179 2525 1210 ι
2552 1157 2830 1226 Quomodo
2855 1155 2997 1209 enim
3024 1152 3160 1206 alius
3181 1160 3270 1205 est
3288 1151 3481 1213 homo,
3505 1149 3641 1202 alius

2060 1263 2141 1307 est
2183 1255 2339 1317 Deus,
2370 1254 2458 1306 sic
2507 1261 2560 1304 et
2598 1249 2820 1319 spiritus
2866 1245 3130 1306 hominis,
3165 1244 3256 1312 qui
3304 1250 3399 1294 est
3447 1242 3503 1294 in
3554 1255 3640 1302 eo,

2062 1355 2346 1415 separatur
2365 1360 2394 1396 a
2418 1342 2621 1412 Spiritu
2648 1340 2760 1403 Dei,
2782 1339 2870 1407 qui
2892 1346 2975 1391 est
2994 1336 3045 1389 in
3064 1352 3160 1389 eo:
3187 1349 3350 1403 quem
3378 1331 3641 1400 Spiritum

2062 1444 2305 1490 sanctum
2340 1434 2650 1503 frequenter
2679 1428 3031 1485 ostendimus.
3083 1425 3185 1479 Sed
3213 1434 3270 1477 et
3297 1424 3355 1477 in
3392 1422 3502 1474 alio
3528 1421 3641 1473 loco

2063 1528 2199 1581 idem
2235 1525 2519 1593 Apostolus
2546 1540 2572 1577 a
2601 1530 2784 1576 nostro
2808 1519 2999 1590 spiritu
3029 1517 3294 1584 Spiritum
3332 1514 3430 1569 Dei
3458 1527 3637 1567 secer-

2063 1633 2214 1682 nens,
2239 1618 2347 1672 ait:
2375 1634 2393 1667 ι
2419 1617 2533 1684 Ipse
2561 1614 2795 1684 Spiritus
2820 1610 3181 1667 testimonium
3202 1608 3462 1676 perhibet
3484 1608 3641 1672 spiri-

2071 1709 2143 1761 tui
2181 1718 2364 1762 nostro
2387 1707 2453 1773 ³¹,
2495 1725 2514 1758 ι
2557 1705 2656 1759 hoc
2696 1703 3038 1774 signiﬁcans,
3070 1701 3211 1767 quod
3237 1698 3472 1766 spiritus
3513 1697 3633 1757 Dei,

396 1794 678 1859 pellalione
745 1807 1013 1862 censetur,
1060 1814 1163 1853 non
1218 1802 1357 1867 quod
1420 1816 1481 1854 ex
1532 1804 1802 1857 consortio
1845 1812 1960 1856 taa-
1991 1772 2032 1826 Β
2066 1802 2115 1853 id
2142 1811 2225 1854 est
2249 1798 2484 1868 Spiritus
2506 1806 2723 1851 sanctus
2752 1836 2765 1856 ,
2802 1793 3171 1848 testimonium
3206 1789 3433 1857 spiritui
3461 1797 3638 1840 nostro

395 1891 506 1938 tum
542 1885 774 1940 nominis
832 1886 1065 1954 Spiritus
1106 1903 1227 1942 cum
1281 1887 1442 1941 Patre
1487 1900 1714 1957 ponatur
1779 1902 1828 1944 et
1873 1890 1965 1944 Fi-

394 1971 491 2039 lio,
522 1974 613 2028 sed
649 1975 789 2041 quod
850 1992 951 2029 una
1004 1985 1225 2041 natura,
1256 1993 1421 2030 unum
1468 1979 1739 2047 possideat
1786 1988 1839 2032 et
1868 1996 1964 2033 no-

394 2079 539 2118 men.
588 2064 724 2133 Quia
784 2081 911 2120 vero
966 2067 1200 2135 Spiritus
1258 2067 1577 2129 vocabulum
1649 2068 1813 2121 multa
1890 2069 1963 2123 si-

394 2157 641 2224 gniﬁcat,
673 2158 1091 2213 enumerandmn
1144 2168 1224 2213 est
1278 2159 1514 2213 breviter
1552 2159 1748 2228 quibus
1799 2160 1959 2216 rebus

393 2264 587 2304 nomen
635 2250 752 2319 ejus
799 2260 1026 2320 aptetur.
1090 2250 1319 2304 Vocatur
1360 2250 1582 2320 spiritus
1647 2260 1701 2305 et
1744 2262 1956 2315 ventus,

393 2340 532 2393 sicut
582 2340 634 2393 in
679 2341 964 2395 Ezechiele
999 2360 1011 2395 :
1063 2359 1081 2391 ι
1120 2340 1357 2395 Tertiam
1394 2352 1569 2395 autem
1614 2352 1816 2411 partem
1848 2343 1959 2397 dis-

394 2444 582 2497 perges
616 2430 667 2483 in
698 2430 943 2497 spiritum
970 2430 1056 2481 ’δε
1110 2450 1127 2481 ι
1165 2431 1265 2485 hoc
1298 2440 1401 2494 est,
1443 2433 1493 2485 in
1526 2440 1760 2485 ventum.
1804 2432 1957 2496 Quod

392 2521 434 2574 si
471 2522 700 2576 volueris
729 2523 1021 2575 secundum
1058 2523 1335 2575 historiam
1366 2522 1495 2577 illud
1542 2522 1775 2586 sentire,
1814 2523 1955 2592 quod

391 2609 647 2679 scriptum
694 2624 794 2675 est,
843 2631 861 2663 ‹
902 2612 956 2666 In
992 2613 1183 2681 spiritu
1232 2613 1465 2667 violento
1499 2623 1747 2667 conteres
1793 2628 1958 2667 naves

393 2700 617 2755 Tharsis
642 2702 710 2765 ’⁸,
740 2720 758 2754 ι
786 2716 889 2755 non
920 2701 1062 2755 aliud
1092 2702 1162 2755 ibi
1189 2702 1431 2771 spiritus,
1463 2717 1622 2769 quam
1647 2712 1838 2756 ventus
1862 2718 1954 2756 ac-

388 2793 605 2859 eipitur.
653 2790 869 2846 Necnon
925 2790 1176 2846 Salomon
1213 2792 1355 2847 inter
1402 2794 1565 2847 multa
1600 2794 1700 2847 hoc
1743 2809 1956 2862 quoque

390 2898 586 2937 munus
610 2899 639 2936 a
668 2885 772 2938 Deo
795 2886 1023 2951 accepit,
1049 2896 1105 2939 ut
1126 2885 1290 2939 sciret
1315 2884 1603 2938 violentias
1629 2885 1950 2952 spirituum;

388 2986 497 3025 non
537 2972 680 3025 aliud
710 2988 768 3026 se
818 2974 869 3026 in
904 2974 1004 3027 hoc
1034 2975 1304 3042 accepisse
1329 2974 1741 3038 demonstrans,
1788 2990 1951 3045 quam

389 3062 527 3117 scire
553 3062 765 3130 rapidos
794 3073 1072 3117 ventorum
1102 3066 1289 3127 llatus,
1328 3074 1380 3117 et
1415 3065 1611 3133 quibus
1639 3067 1815 3120 causis
1860 3081 1952 3120 eo-

390 3170 507 3207 rum
540 3165 733 3207 natura
772 3156 1050 3208 subsistat.
1095 3153 1331 3209 Vocatur
1365 3164 1418 3208 et
1463 3156 1641 3209 anima
1695 3158 1950 3225 spiritus,
1980 3129 2023 3191 (ἶ

388 3255 445 3300 ιιι
468 3245 522 3299 in
553 3243 740 3301 Jacobi
772 3245 1008 3316 Epistula
1036 3264 1049 3298 :
1083 3266 1101 3298 ι
1134 3247 1412 3312 Quomodo
1436 3262 1630 3317 corpus
1666 3259 1813 3303 tuum
1840 3251 1952 3319 (50)

388 3339 507 3393 sine
535 3339 725 3407 spiritu
752 3347 1023 3393 mortuum
1048 3350 1149 3404 est,
1180 3359 1199 3390 ι
1230 3350 1283 3394 et
1310 3341 1512 3410 reliqua
1536 3342 1599 3392 “.
1632 3341 1956 3397 Manifestis-

387 3430 524 3484 sime
553 3430 697 3483 enim
725 3430 950 3499 spiritus
995 3432 1081 3485 hic
1116 3432 1247 3486 nihil
1284 3432 1429 3486 aliud
1462 3434 1564 3488 nisi
1606 3435 1783 3487 anima
1818 3450 1955 3488 nun-

386 3531 634 3590 cupatur.
683 3520 843 3575 Juxta
882 3536 1042 3590 quam
1088 3523 1503 3591 intelligentiam
1542 3533 1599 3579 et
1648 3523 1954 3594 Stephanus

388 3614 621 3667 animam
657 3628 808 3667 suam
838 3614 1085 3682 spiritum
1117 3629 1340 3678 vocans,
1375 3634 1393 3667 ι
1423 3615 1667 3680 Domine,
1702 3634 1720 3667 ι
1760 3616 1951 3685 inquit,

392 3724 410 3755 ι
453 3701 579 3759 Jesu
603 3744 619 3766 .
652 3705 864 3774 suscipe
909 3707 1156 3775 spiritum
1211 3722 1386 3760 meum
1424 3708 1492 3760 ³⁷.
1524 3726 1543 3758 ι
1581 3708 1711 3762 Illud
1744 3723 1956 3776 quoque

387 3797 528 3866 quod
561 3798 613 3851 in
647 3797 970 3853 Ecclesiaste
1000 3799 1233 3853 dicitur:
1283 3817 1301 3849 ι
1343 3798 1471 3864 Quis
1505 3800 1608 3853 scit
1637 3814 1704 3852 an
1734 3800 1955 3868 spiritus

386 3888 621 3943 hominis
649 3890 902 3944 ascendat
944 3904 1190 3952 sursum.
1230 3899 1283 3944 et
1340 3890 1563 3960 spiritus
1590 3890 1816 3958 jumenti
1863 3892 1956 3944 de-

386 3984 608 4036 scendat
640 3983 890 4037 deorsum
918 3981 996 4035 ’9?
1034 4002 1052 4034 ι
1085 3983 1543 4038 Considerandum
1569 3992 1874 4038 utrumnam
1904 3994 1957 4038 et

388 4078 648 4142 pecudum
698 4076 889 4129 animae
916 4077 1134 4144 spiritus
1171 4076 1527 4145 appellentur.
1557 4075 1765 4131 Dicitur
1789 4077 1953 4131 etiam

388 4175 614 4233 excepta
650 4167 829 4219 anima
855 4205 870 4230 ,
910 4176 965 4219 et
1010 4174 1235 4233 excepto
1264 4167 1455 4233 spiritu
1486 4177 1695 4232 nostro,
1733 4168 1955 4235 spiritus

391 4251 528 4304 alius
559 4252 670 4319 (51)
698 4252 817 4320 quis
847 4267 967 4307 esse
998 4253 1050 4306 in
1079 4255 1325 4319 homine,
1358 4256 1423 4309 de
1453 4270 1561 4323 quo
1597 4255 1791 4311 Paulus
1821 4259 1957 4311 scri-

392 4343 507 4397 bit:
540 4361 559 4393 ι
593 4344 723 4410 Quis
754 4346 894 4398 enim
930 4348 1033 4400 scit
1066 4347 1341 4400 hominum
1375 4364 1438 4401 ca
1470 4363 1586 4415 quae
1630 4359 1754 4401 sunt
1780 4350 1954 4403 homi-

2066 1889 2333 1957 pra-beat:
2368 1901 2526 1955 quem
2566 1900 2706 1937 nunc
2735 1883 2969 1936 diximus
3009 1895 3129 1934 esse
3164 1877 3436 1944 Spiritum
3470 1877 3638 1930 humi.

2065 1976 2166 2031 nis.
2200 1977 2279 2029 Ad
2311 1974 2818 2029 Thessalonicenses
2860 1986 3113 2040 quoque:
3156 1988 3175 2023 ι
3218 1972 3461 2038 Integer,
3502 1987 3519 2019 ι
3556 1969 3634 2019 in-

2062 2069 2198 2136 quit,
2232 2085 2249 2118 ι
2283 2067 2502 2139 spiritus
2534 2075 2731 2131 vester,
2761 2073 2813 2118 et
2837 2064 3010 2117 anima
3038 2072 3089 2116 et
3113 2077 3313 2129 corpus
3338 2061 3413 2113 ³⁸.
3440 2079 3461 2111 ι
3491 2060 3636 2112 Sicut

2062 2161 2203 2214 enim
2236 2160 2335 2212 alia
2374 2171 2456 2214 est
2494 2160 2693 2219 anima,
2728 2167 2781 2212 et
2824 2172 3019 2224 corpus
3045 2156 3229 2209 aliud:
3275 2154 3357 2208 sic
3402 2165 3457 2207 et
3500 2153 3632 2205 aliud

2060 2262 2142 2307 est
2187 2252 2407 2321 spiritus
2459 2253 2525 2305 ab
2568 2253 2781 2312 anima,
2835 2265 2952 2318 qua:
3011 2264 3107 2302 suo
3161 2248 3284 2302 loco
3324 2246 3635 2316 specialiter

2060 2343 2375 2413 appellatur.
2407 2343 2481 2394 De
2510 2356 2616 2409 quo
2649 2352 2701 2394 et
2747 2342 2920 2393 oravit
2962 2338 3057 2411 [αι.
3095 2338 3239 2409 orat]
3263 2379 3279 2398 ,
3336 2351 3399 2390 ut
3435 2338 3633 2406 integer

2059 2448 2179 2487 cum
2207 2433 2383 2486 anima
2411 2441 2654 2486 servetur
2682 2441 2733 2485 et
2762 2445 3004 2498 corpore,
3030 2429 3155 2496 quia
3180 2428 3505 2482 incredibile
3530 2437 3628 2487 est,

2058 2532 2220 2592 atque
2247 2524 2615 2591 blasphetuutn
2639 2562 2655 2586 ,
2708 2536 2867 2576 orare
2908 2520 3218 2588 Apostolum
3241 2560 3255 2582 ,
3302 2529 3361 2571 ut.
3395 2518 3629 2587 Spiritus

2056 2616 2496 2682 sanctusinteger
2517 2622 2782 2678 servetur,
2812 2614 2897 2680 qui
2934 2627 3029 2665 nec
3057 2610 3492 2663 imminutionem
3518 2610 3629 2677 (35)

2060 2714 2239 2775 potest
2269 2705 2528 2773 recipere,
2558 2719 2656 2759 nec
2684 2703 3000 2771 profectum.
3026 2703 3101 2756 De
3124 2702 3364 2755 humano
3388 2716 3538 2769 ergo,
3570 2710 3625 2752 ut

2057 2797 2311 2860 diximus,
2340 2797 2532 2864 spiritu
2563 2797 2614 2849 in
2652 2796 2753 2849 hoc
2786 2795 3022 2863 Apostoli
3058 2809 3236 2850 sermo
3266 2804 3498 2846 testatus
3522 2803 3622 2846 est.

2124 2887 2211 2942 56.
2242 2886 2593 2956 Appellantur
2618 2902 2831 2956 quoque
2875 2901 3115 2954 sapernze
3171 2886 3631 2952 rationabilcsque

2056 2979 2300 3041 virtutes,
2334 2992 2470 3046 quas
2526 2978 2659 3031 solet
2699 2976 2973 3044 Scriptura
3025 2976 3242 3046 angelos
3275 2989 3331 3030 et
3362 2976 3632 3029 fortitudi-

2057 3084 2150 3124 nes
2177 3069 2473 3128 nominare,
2506 3067 2760 3121 vocabulo
2782 3067 3021 3135 spiritus,
3052 3077 3109 3120 ut
3144 3069 3251 3120 ibi:
3290 3084 3311 3118 ι
3359 3068 3451 3135 qui
3490 3066 3618 3118 facis

2057 3162 2155 3235 [aL
2191 3161 2320 3216 facit
2344 3172 2389 3215 et
2418 3159 2563 3230 suos]
2595 3159 2809 3227 angelos
2851 3169 2967 3214 tuos
2998 3160 3218 3229 spiritus
3240 3160 3286 3189 ³³
3311 3177 3359 3223 ;›
3388 3159 3584 3212 etalibi
3612 3176 3625 3210 :

2061 3273 2078 3305 ι
2116 3253 2305 3308 Nonne
2340 3268 2524 3306 omnes
2580 3259 2705 3304 surt
2749 3251 3210 3306 administratores
3255 3252 3485 3319 spiritus
3513 3251 3619 3301 “1.

2055 3347 2189 3401 Puto
2222 3347 2286 3400 ad
2317 3346 2460 3400 hunc
2485 3358 2701 3398 sensum
2736 3352 2790 3397 et
2823 3344 2948 3398 illud
2975 3343 3188 3407 referri,
3234 3343 3382 3412 quod
3411 3343 3466 3395 in
3491 3343 3627 3395 Acti-

2056 3438 2156 3490 bus
2202 3435 2561 3504 apostolorum
2624 3435 2880 3489 scribitur
2920 3452 2936 3490 :
2975 3436 3247 3504 «Spiritus
3302 3433 3514 3489 Domini
3548 3449 3620 3483 ra-

2054 3528 2169 3597 puit
2182 3526 2560 3595 Philippum,et
2577 3543 2681 3582 non
2695 3527 2921 3595 amplius
2934 3542 3054 3580 eum
3076 3527 3206 3580 vidit
3228 3528 3515 3580 eunuchus
3530 3525 3593 3584 ³⁸,
3605 3545 3621 3575 ι

2056 3619 2107 3672 id
2143 3628 2222 3671 est
2258 3620 2482 3688 angelus
2513 3620 2722 3675 Domini
2748 3621 2800 3674 in
2820 3620 3046 3673 sublime
3070 3618 3287 3672 elevans
3302 3618 3625 3685 Philippum,

2056 3708 2327 3761 transtulit
2357 3710 2502 3762 illum
2541 3710 2591 3763 in
2624 3711 2788 3764 alium
2840 3710 3035 3763 locum.
3084 3707 3395 3761 liationales
3422 3721 3627 3777 quoque

2056 3798 2170 3851 alia:
2210 3809 2488 3857 creaturae.
2523 3812 2576 3855 et
2599 3803 2665 3855 de
2695 3803 2835 3856 bono
2865 3802 2915 3855 in
2955 3799 3150 3853 malum
3184 3812 3378 3868 sponte
3419 3799 3625 3867 propria

2054 3888 2399 3957 proﬂuentes,
2425 3890 2648 3959 Spiritus
2678 3891 2918 3959 pessimi,
2948 3899 2999 3943 et
3040 3888 3260 3956 spiritus
3288 3888 3627 3956 appellantur

2056 3976 2348 4038 immundi;
2382 3978 2521 4032 sicut
2545 3980 2650 4034 ibi:
2684 3997 2701 4030 t
2742 3978 2875 4033 Cum
2926 3987 3103 4031 autem
3145 3976 3370 4044 spiritus
3395 3977 3625 4028 immun-

2055 4067 2154 4119 dus
2183 4068 2375 4121 exierit
2401 4070 2467 4122 ab
2497 4070 2775 4134 hominem
2804 4080 2857 4124 et
2877 4070 2928 4122 in
2961 4067 3456 4135 consequentibus:
3494 4068 3627 4127 (As-

2054 4158 2219 4210 Slllil
2248 4168 2447 4225 septem
2478 4160 2611 4213 alios
2641 4160 2860 4228 spiritus
2885 4159 3165 4227 nequiores
3194 4172 3252 4211 se
3277 4157 3379 4211 ³⁸.»
3400 4156 3626 4225 Spiritus

2061 4263 2277 4317 quoque
2305 4254 2575 4306 dzemones
2606 4252 2656 4305 iu
2691 4250 2993 4321 Evangeliis
3032 4249 3395 4318 appellantur.
3430 4250 3541 4302 Sed
3577 4256 3624 4299 et

2057 4340 2162 4394 hoc
2194 4342 2511 4403 notandum,
2552 4359 2821 4411 nunquam
2880 4342 3191 4412 simpliciter
3226 4341 3506 4408 spiritum,
3540 4338 3623 4393 sed

388 4433 494 4497 uis,
522 4434 623 4486 nisi
656 4434 874 4503 spiritus
898 4436 1150 4501 hominis,
1179 4436 1268 4503 qui
1297 4438 1347 4489 in
1378 4451 1442 4492 eo
1467 4446 1550 4491 est
1571 4437 1651 4490 '9?
1683 4458 1700 4489 ι
1731 4438 1785 4491 Si
1812 4440 1953 4493 enim
1988 4469 2031 4523 Β
2061 4444 2182 4482 cum
2216 4430 2394 4499 aliquo
2424 4432 2788 4487 additamento
2815 4433 3060 4500 spiritum
3093 4430 3390 4500 signiﬁcari
3422 4438 3622 4483 contra:

384 4524 618 4579 voluerit
646 4527 967 4581 contendere
997 4527 1265 4597 quispiam
1287 4529 1524 4581 animam
1550 4529 1636 4583 hic
1659 4530 1952 4599 signiﬁcari

384 4619 438 4672 iu
476 4619 690 4689 spiritu,
719 4622 837 4689 quis
865 4621 967 4676 erit
994 4622 1152 4676 homo
1187 4621 1360 4691 cujus‘
1375 4624 1749 4691 cogitationes,
1784 4635 1835 4679 et
1867 4641 1954 4677 ar-

384 4726 517 4765 cana
541 4752 558 4778 ,
602 4722 656 4765 et
685 4723 893 4767 secreta
926 4714 1104 4769 cordis
1136 4713 1348 4768 occulta
1399 4714 1607 4768 nesciat
1638 4714 1799 4768 homo
1840 4715 1952 4786 (39.)

2061 4521 2223 4580 rium,
2252 4530 2309 4573 ut
2337 4522 2561 4590 spiritus
2594 4526 2917 4586 immundus,
2959 4532 3015 4575 et
3059 4522 3282 4590 spiritus
3334 4520 3619 4582 daemonis;

2062 4611 2115 4663 hi
2148 4627 2273 4666 vero
2312 4614 2402 4682 qui
2434 4616 2605 4669 sancti
2632 4624 2758 4668 sunt
2787 4614 3028 4682 spiritus,
3068 4612 3271 4681 absque
3318 4611 3431 4665 ullo
3482 4610 3619 4664 addi-

2062 4713 2298 4756 tamento
2325 4705 2545 4773 spiritus
2580 4704 2895 4773 simpliciter
2917 4703 3254 4774 appellantur

453 4848 498 4879 ²¹
539 4848 793 4925 I_I_T_hess.
824 4866 883 4915 ιι,
921 4852 1009 4925 12.
1085 4851 1312 4925 “dum.
1344 4868 1416 4915 tv,
1444 4812 1545 4907 ‘24.
1578 4924 1589 4925 ί
1621 4854 1667 4885 ³³
1709 4853 1750 4907 Il
1778 4854 1901 4909 Cor.
1936 4874 1941 4910 l

2092 4861 2144 4913 7.
2204 4860 2248 4891 “
2277 4861 2473 4915 Ezech.
2504 4862 2637 4925 v.2.
2712 4863 2758 4893 ’³
2806 4860 2947 4913 Psal.
2977 4875 3141 4919 xuii.
3177 4862 3231 4913 8.
3308 4860 3355 4889 "
3405 4856 3519 4911 Jac.
3559 4872 3609 4912 ιι.

422 4921 473 4972 ii.
548 4920 593 4949 ³⁷
634 4921 753 4973 Aet.
797 4939 893 4985 vlt,
925 4924 1012 4977 38.
1105 4923 1148 4955 “
1196 4924 1369 4977 Eetfle.
1414 4939 1494 4987 ιιι,
1531 4924 1619 4978 ‘21.

382 4920 414 4955 ο

382 4987 549 5054 ηεδ.
626 4963 1073 5057 uiantium.
1146 4993 1191 5024 ιι
1232 4992 1392 5049 Hebr.
1428 4964 1578 5056 1,34.

460 4987 549 5041 εδ.

456 5132 568 5201 (28)
603 5131 820 5201 Reginae
867 5135 1047 5207 liber,
1084 5154 1103 5187 ‹
1155 5136 1208 5188 in
1244 5136 1670 5192 sanctiﬁcatione
1711 5136 1943 5207 Spiritus

384 5201 542 5253 Pater
567 5212 619 5253 et
652 5207 848 5256 veritas
876 5206 1233 5271 possidentur.
1269 5223 1287 5255 ι

454 5271 563 5337 (29)
593 5271 826 5344 Pessime
861 5285 1110 5343 acceptos
1152 5275 1284 5328 duos
1317 5275 1478 5329 hosce
1511 5274 1803 5344 Scriptura:
1829 5287 1946 5332 tex-

385 5351 468 5394 tus
523 5343 593 5392 ita
646 5343 866 5394 restituo
895 5358 956 5395 ac
1002 5344 1287 5407 distinguo.
1325 5344 1454 5398 Erat
1500 5346 1551 5397 in
1580 5346 1745 5400 altera
1783 5366 1800 5399 ι
1842 5349 1946 5403 Do-

381 5412 578 5481 minus,
612 5428 629 5459 ι
667 5411 746 5463 vel
777 5429 795 5462 ι
829 5411 1060 5474 Domini,
1095 5414 1314 5474 spiritus
1345 5417 1459 5476 ejus
1494 5433 1512 5465 ι
1551 5430 1645 5481 pro
1674 5426 1814 5471 «est.
1854 5437 1872 5468 ι

453 5480 564 5545 (50)
596 5481 769 5551 Alium
808 5482 874 5533 ab
917 5482 1018 5535 isto
1050 5499 1081 5534 ιτ
1114 5481 1295 5537 Jacobi
1332 5480 1563 5551 Epistula
1602 5485 1776 5539 locum
1816 5490 1945 5541 sub-

381 5549 559 5621 stituit
590 5550 804 5620 lieginaa
826 5553 971 5616 cod;
1006 5552 1147 5606 hunc
1190 5549 1399 5621 nempe,
1428 5569 1547 5619 cap.
1586 5570 1654 5607 Iv.
1689 5556 1722 5607 5
1752 5574 1765 5609 :
1815 5575 1832 5607 ι
1865 5557 1943 5611 Ad

384 5619 634 5673 invidiam
663 5623 993 5688 concupiscit
1016 5622 1247 5687 Spiritus
1275 5619 1363 5689 qui
1388 5623 1589 5676 habitat
1613 5626 1663 5676 in
1694 5627 1846 5679 vobis
1874 5644 1885 5677 :
1922 5646 1941 5677 ι

380 5690 681 5760 subditque.
726 5708 745 5739 ι
782 5692 1013 5760 Spiritus
1043 5692 1183 5745 enim
1216 5692 1346 5745 nihil
1389 5693 1552 5755 aliud,
1594 5712 1610 5742 ι
1644 5705 1747 5748 clc.
1798 5696 1849 5747 ln
1880 5712 1943 5745 co

384 5759 473 5825 qui
508 5762 791 5815 exhibetur
824 5759 1023 5816 ’vocem
1072 5780 1089 5811 ί
1138 5773 1283 5815 tuum
1331 5781 1349 5813 ι
1404 5778 1507 5817 tzun
1558 5764 1718 5818 habet
1775 5765 1945 5819 Vatic.

1697 4925 1791 4977 "l
1832 4926 1953 4981 Cur.
1994 4945 2054 4987 tt.
2104 4931 2191 4984 11.

1654 4995 1698 5025 ³⁸
1736 4996 1858 5051 Act.
1894 5000 2109 5065 vm,59.

2267 4931 2502 4984 "lCor.
2539 4948 2598 4997 ιι,
2630 4932 2714 4985 l0.
2760 4931 2803 4961 ³⁸
2837 4931 2990 4985 Rom.
3030 4945 3146 4993 vin,
3184 4929 3267 4981 16.
3318 4928 3365 4959 ³¹
3394 4928 3411 4982 l
3438 4928 3611 4981 Thess.

2186 5000 2233 5031 ³⁸
2262 5000 2447 5054 Matth.
2476 5017 2570 5064 xu,
2602 5002 2793 5055 45-45.

2056 5141 2213 5201 liber,
2244 5158 2420 5210 neque
2447 5144 2563 5211 ipse
2584 5142 2772 5197 Jacobi
2805 5149 3007 5196 textus.

2123 5213 2234 5281 (51)
2267 5210 2674 5282 Ιηείειιιριητεξ
2697 5212 3132 5286 qlitihactenus,
3165 5210 3593 5286 etpassimumss.

2052 5278 2301 5354 legebant
2336 5300 2354 5332 ‹
2379 5278 2680 5354 etexcepto
2707 5280 2907 5354 Spiritu
2932 5292 3149 5354 sancto,
3163 5280 3386 5354 spiritus
3414 5278 3560 5354 alios,
3587 5292 3603 5322 ι

2053 5345 2158 5405 etc.
2211 5351 2473 5405 Substitui
2504 5371 2521 5402 ι
2551 5345 2761 5417 spiritui
2796 5360 2997 5412 nostro,
3031 5368 3048 5399 ι
3089 5351 3151 5402 ad
3178 5345 3377 5401 codicis
3414 5345 3606 5412 Reginae

2058 5422 2240 5486 ﬁdem,
2287 5422 2521 5473 maxime
2546 5437 2673 5474 vero
2697 5422 2761 5473 ad
2791 5430 2948 5473 recta:
2976 5420 3199 5473 rationis
3224 5427 3603 5487 argumentum,

2054 5501 2107 5542 et
2142 5490 2353 5543 Paulini
2387 5491 2679 5542 testimonii
2727 5506 2966 5543 sensum.

2126 5560 2238 5621 ('59.)
2280 5560 2452 5614 V’atic.
2480 5572 2531 5611 et
2562 5559 2779 5627 Regina:
2808 5558 3195 5621 cod.,utesciat
3223 5556 3359 5627 alius
3387 5558 3554 5627 homo.
3579 5570 3595 5599 ι

2131 5630 2243 5699 (55)
2277 5630 2366 5681 Sic
2392 5628 2508 5695 lego
2530 5643 2594 5681 ex
2621 5625 2790 5686 veteri
2813 5628 3083 5695 editione;
3118 5628 3169 5681 in
3196 5626 3315 5680 aliis
3339 5625 3478 5680 enim
3504 5632 3606 5675 erat

2062 5718 2079 5749 ‹
2115 5700 2559 5753 inunutationem.
2595 5718 2613 5751 ι
2770 5704 2773 5705 ⁷
