  <div class='ocr_page' id='page_1' title='image "/cluster/home/n/w/nwhite01/storage/ocr_20150623/39/hvd.32044019207778/548.png"; bbox 0 0 3738 6332; ppageno 0'>
   <div class='ocr_carea' id='block_1_1' title="bbox 157 337 256 393">
    <p class='ocr_par' dir='ltr' id='par_1_1' title="bbox 157 337 256 393">
     <span class='ocr_line' id='line_1_1' title="bbox 157 337 256 393; baseline 0 -1"><span class='ocrx_word' id='word_1_1' title='bbox 157 337 256 393; x_wconf 73' lang='lat' dir='ltr'><strong>Itilil</strong></span> 
     </span>
    </p>
   </div>
   <div class='ocr_carea' id='block_1_2' title="bbox 1205 336 2175 393">
    <p class='ocr_par' dir='ltr' id='par_1_2' title="bbox 1205 336 2175 393">
     <span class='ocr_line' id='line_1_2' title="bbox 1205 336 2175 393; baseline 0.003 -3"><span class='ocrx_word' id='word_1_2' title='bbox 1205 336 1409 392; x_wconf 79' lang='lat' dir='ltr'><strong>LIBER</strong></span> <span class='ocrx_word' id='word_1_3' title='bbox 1449 338 1533 392; x_wconf 82' lang='lat' dir='ltr'><strong>DE</strong></span> <span class='ocrx_word' id='word_1_4' title='bbox 1574 336 1842 392; x_wconf 78' lang='lat' dir='ltr'><strong>SPIRITU</strong></span> <span class='ocrx_word' id='word_1_5' title='bbox 1886 336 2175 393; x_wconf 80' lang='lat' dir='ltr'><strong>SANC&#39;IO.</strong></span> 
     </span>
    </p>
   </div>
   <div class='ocr_carea' id='block_1_3' title="bbox 2696 2 3295 26">
    <p class='ocr_par' dir='ltr' id='par_1_3' title="bbox 2696 5 3295 24">
     <span class='ocr_line' id='line_1_3' title="bbox 2696 5 3295 24; baseline 0.002 -17"><span class='ocrx_word' id='word_1_6' title='bbox 2696 5 3295 24; x_wconf 42' lang='grc' dir='ltr'><em>β</em></span> 
     </span>
    </p>
   </div>
   <div class='ocr_carea' id='block_1_4' title="bbox 3180 349 3320 398">
    <p class='ocr_par' dir='ltr' id='par_1_4' title="bbox 3180 349 3320 398">
     <span class='ocr_line' id='line_1_4' title="bbox 3180 349 3320 398; baseline 0.014 -2"><span class='ocrx_word' id='word_1_7' title='bbox 3180 349 3320 398; x_wconf 68' lang='grc'>103⁸2</span> 
     </span>
    </p>
   </div>
   <div class='ocr_carea' id='block_1_5' title="bbox 205 440 3315 524">
    <p class='ocr_par' dir='ltr' id='par_1_5' title="bbox 205 440 3315 524">
     <span class='ocr_line' id='line_1_5' title="bbox 205 440 3315 524; baseline 0.001 -23"><span class='ocrx_word' id='word_1_8' title='bbox 205 448 277 501; x_wconf 86' lang='grc'><strong>57.</strong></span> <span class='ocrx_word' id='word_1_9' title='bbox 305 440 565 499; x_wconf 81' lang='lat' dir='ltr'><strong>Sciendum</strong></span> <span class='ocrx_word' id='word_1_10' title='bbox 620 453 835 512; x_wconf 90' lang='lat' dir='ltr'><strong>quoque</strong></span> <span class='ocrx_word' id='word_1_11' title='bbox 886 447 1027 514; x_wconf 86' lang='lat' dir='ltr'><strong>quod</strong></span> <span class='ocrx_word' id='word_1_12' title='bbox 1076 462 1271 503; x_wconf 89' lang='lat' dir='ltr'><strong>nomen</strong></span> <span class='ocrx_word' id='word_1_13' title='bbox 1336 451 1576 521; x_wconf 88' lang='lat' dir='ltr'><strong>spiritus,</strong></span> <span class='ocrx_word' id='word_1_14' title='bbox 1600 459 1650 502; x_wconf 91' lang='lat' dir='ltr'><strong>et</strong></span> <span class='ocrx_word' id='word_1_15' title='bbox 1678 453 1722 509; x_wconf 81' lang='grc' dir='ltr'><strong>Α</strong></span> <span class='ocrx_word' id='word_1_16' title='bbox 1755 447 1895 501; x_wconf 80' lang='lat' dir='ltr'><strong>aliud</strong></span> <span class='ocrx_word' id='word_1_17' title='bbox 1931 450 1983 502; x_wconf 91' lang='lat' dir='ltr'><strong>in</strong></span> <span class='ocrx_word' id='word_1_18' title='bbox 2008 448 2273 504; x_wconf 89' lang='lat' dir='ltr'><strong>Trinitate</strong></span> <span class='ocrx_word' id='word_1_19' title='bbox 2322 450 2566 519; x_wconf 86' lang='lat' dir='ltr'><strong>usurpari</strong></span> <span class='ocrx_word' id='word_1_20' title='bbox 2628 452 2786 515; x_wconf 80' lang='lat' dir='ltr'><strong>solet,</strong></span> <span class='ocrx_word' id='word_1_21' title='bbox 2844 450 3156 524; x_wconf 83' lang='grc' dir='ltr'>συνώνυμον</span> <span class='ocrx_word' id='word_1_22' title='bbox 3194 465 3315 520; x_wconf 82' lang='lat' dir='ltr'><strong>est;</strong></span> 
     </span>
    </p>
   </div>
   <div class='ocr_carea' id='block_1_6' title="bbox 153 533 1643 599">
    <p class='ocr_par' dir='ltr' id='par_1_6' title="bbox 153 533 1643 599">
     <span class='ocr_line' id='line_1_6' title="bbox 153 533 1643 599; baseline 0.004 -10"><span class='ocrx_word' id='word_1_23' title='bbox 153 539 423 596; x_wconf 68' lang='lat' dir='ltr'><strong>voluntatem</strong></span> <span class='ocrx_word' id='word_1_24' title='bbox 473 533 721 599; x_wconf 82' lang='lat' dir='ltr'><strong>hominis,</strong></span> <span class='ocrx_word' id='word_1_25' title='bbox 772 545 829 589; x_wconf 90' lang='lat' dir='ltr'><strong>et</strong></span> <span class='ocrx_word' id='word_1_26' title='bbox 879 535 1042 592; x_wconf 88' lang='lat' dir='ltr'><strong>animi</strong></span> <span class='ocrx_word' id='word_1_27' title='bbox 1102 541 1426 596; x_wconf 86' lang='lat' dir='ltr'><strong>sententiam</strong></span> <span class='ocrx_word' id='word_1_28' title='bbox 1468 552 1643 596; x_wconf 91' lang='lat' dir='ltr'><strong>sonet.</strong></span> 
     </span>
    </p>
   </div>
   <div class='ocr_carea' id='block_1_7' title="bbox 153 626 1646 702">
    <p class='ocr_par' dir='ltr' id='par_1_7' title="bbox 153 626 1646 702">
     <span class='ocr_line' id='line_1_7' title="bbox 153 626 1646 702; baseline 0.003 -18"><span class='ocrx_word' id='word_1_29' title='bbox 153 630 308 685; x_wconf 82' lang='lat' dir='ltr'><strong>Valens</strong></span> <span class='ocrx_word' id='word_1_30' title='bbox 335 626 512 696; x_wconf 85' lang='lat' dir='ltr'><strong>quippe</strong></span> <span class='ocrx_word' id='word_1_31' title='bbox 535 627 823 691; x_wconf 75' lang='lat' dir='ltr'><strong>Apostolus</strong></span> <span class='ocrx_word' id='word_1_32' title='bbox 851 628 1112 696; x_wconf 79' lang='lat' dir='ltr'><strong>virginem</strong></span> <span class='ocrx_word' id='word_1_33' title='bbox 1142 647 1244 685; x_wconf 90' lang='lat' dir='ltr'><strong>non</strong></span> <span class='ocrx_word' id='word_1_34' title='bbox 1263 633 1434 687; x_wconf 91' lang='lat' dir='ltr'><strong>solum</strong></span> <span class='ocrx_word' id='word_1_35' title='bbox 1460 648 1646 702; x_wconf 89' lang='lat' dir='ltr'><strong>opere,</strong></span> 
     </span>
    </p>
   </div>
   <div class='ocr_carea' id='block_1_8' title="bbox 149 716 1647 783">
    <p class='ocr_par' dir='ltr' id='par_1_8' title="bbox 149 716 1647 783">
     <span class='ocr_line' id='line_1_8' title="bbox 149 716 1647 783; baseline 0.001 -13"><span class='ocrx_word' id='word_1_36' title='bbox 149 720 219 775; x_wconf 75' lang='lat' dir='ltr'><strong>sed</strong></span> <span class='ocrx_word' id='word_1_37' title='bbox 243 727 287 772; x_wconf 88' lang='lat' dir='ltr'><strong>et</strong></span> <span class='ocrx_word' id='word_1_38' title='bbox 306 721 460 767; x_wconf 85' lang='lat' dir='ltr'><strong>mente</strong></span> <span class='ocrx_word' id='word_1_39' title='bbox 492 722 727 767; x_wconf 90' lang='lat' dir='ltr'><strong>sanctam</strong></span> <span class='ocrx_word' id='word_1_40' title='bbox 768 730 907 778; x_wconf 88' lang='lat' dir='ltr'><strong>esse,</strong></span> <span class='ocrx_word' id='word_1_41' title='bbox 936 716 987 770; x_wconf 89' lang='lat' dir='ltr'><strong>id</strong></span> <span class='ocrx_word' id='word_1_42' title='bbox 1023 727 1126 783; x_wconf 88' lang='lat' dir='ltr'><strong>est,</strong></span> <span class='ocrx_word' id='word_1_43' title='bbox 1168 733 1273 772; x_wconf 91' lang='lat' dir='ltr'><strong>non</strong></span> <span class='ocrx_word' id='word_1_44' title='bbox 1307 727 1510 771; x_wconf 89' lang='lat' dir='ltr'><strong>tantum</strong></span> <span class='ocrx_word' id='word_1_45' title='bbox 1529 734 1647 773; x_wconf 85' lang='lat' dir='ltr'><strong>cor-</strong></span> 
     </span>
    </p>
   </div>
   <div class='ocr_carea' id='block_1_9' title="bbox 148 802 1646 879">
    <p class='ocr_par' dir='ltr' id='par_1_9' title="bbox 148 802 1646 879">
     <span class='ocr_line' id='line_1_9' title="bbox 148 802 1646 879; baseline 0.003 -22"><span class='ocrx_word' id='word_1_46' title='bbox 148 819 263 874; x_wconf 85' lang='lat' dir='ltr'><strong>pore,</strong></span> <span class='ocrx_word' id='word_1_47' title='bbox 284 802 363 857; x_wconf 91' lang='lat' dir='ltr'><strong>sed</strong></span> <span class='ocrx_word' id='word_1_48' title='bbox 392 810 441 854; x_wconf 89' lang='lat' dir='ltr'><strong>et</strong></span> <span class='ocrx_word' id='word_1_49' title='bbox 468 810 607 853; x_wconf 92' lang='lat' dir='ltr'><strong>motu</strong></span> <span class='ocrx_word' id='word_1_50' title='bbox 643 802 820 857; x_wconf 82' lang='lat' dir='ltr'><strong>cordis</strong></span> <span class='ocrx_word' id='word_1_51' title='bbox 846 804 1078 879; x_wconf 80' lang='lat' dir='ltr'><strong>interno,</strong></span> <span class='ocrx_word' id='word_1_52' title='bbox 1103 806 1195 865; x_wconf 62' lang='lat' dir='ltr'><strong>ait.</strong></span> <span class='ocrx_word' id='word_1_53' title='bbox 1224 825 1243 857; x_wconf 78' lang='grc' dir='ltr'><strong>ι</strong></span> <span class='ocrx_word' id='word_1_54' title='bbox 1276 806 1344 861; x_wconf 90' lang='lat' dir='ltr'><strong>Ut</strong></span> <span class='ocrx_word' id='word_1_55' title='bbox 1374 808 1440 861; x_wconf 91' lang='lat' dir='ltr'><strong>sit</strong></span> <span class='ocrx_word' id='word_1_56' title='bbox 1461 818 1646 862; x_wconf 86' lang='lat' dir='ltr'><strong>sancta</strong></span> 
     </span>
    </p>
   </div>
   <div class='ocr_carea' id='block_1_10' title="bbox 147 890 1646 965">
    <p class='ocr_par' dir='ltr' id='par_1_10' title="bbox 147 890 1646 965">
     <span class='ocr_line' id='line_1_10' title="bbox 147 890 1646 965; baseline 0.003 -16"><span class='ocrx_word' id='word_1_57' title='bbox 147 907 327 964; x_wconf 80' lang='lat' dir='ltr'><strong>corpore</strong></span> <span class='ocrx_word' id='word_1_58' title='bbox 350 902 399 947; x_wconf 90' lang='lat' dir='ltr'><strong>et</strong></span> <span class='ocrx_word' id='word_1_59' title='bbox 424 890 606 959; x_wconf 85' lang='lat' dir='ltr'><strong>spiritu</strong></span> <span class='ocrx_word' id='word_1_60' title='bbox 638 892 722 957; x_wconf 85' lang='grc'><strong>³⁷;</strong></span> <span class='ocrx_word' id='word_1_61' title='bbox 767 912 787 944; x_wconf 74' lang='grc' dir='ltr'><strong>ι</strong></span> <span class='ocrx_word' id='word_1_62' title='bbox 834 894 1162 950; x_wconf 87' lang='lat' dir='ltr'><strong>voluntatem</strong></span> <span class='ocrx_word' id='word_1_63' title='bbox 1205 898 1394 965; x_wconf 89' lang='lat' dir='ltr'><strong>spiritu</strong></span> <span class='ocrx_word' id='word_1_64' title='bbox 1444 909 1497 953; x_wconf 92' lang='lat' dir='ltr'><strong>et</strong></span> <span class='ocrx_word' id='word_1_65' title='bbox 1520 914 1646 952; x_wconf 82' lang='lat' dir='ltr'><strong>cor-</strong></span> 
     </span>
    </p>
   </div>
   <div class='ocr_carea' id='block_1_11' title="bbox 145 984 1644 1059">
    <p class='ocr_par' dir='ltr' id='par_1_11' title="bbox 145 984 1644 1059">
     <span class='ocr_line' id='line_1_11' title="bbox 145 984 1644 1059; baseline 0.003 -19"><span class='ocrx_word' id='word_1_66' title='bbox 145 1002 244 1057; x_wconf 87' lang='lat' dir='ltr'><strong>pore</strong></span> <span class='ocrx_word' id='word_1_67' title='bbox 262 999 403 1051; x_wconf 88' lang='lat' dir='ltr'><strong>opera</strong></span> <span class='ocrx_word' id='word_1_68' title='bbox 431 984 752 1054; x_wconf 86' lang='lat' dir='ltr'><strong>signiﬁcans.</strong></span> <span class='ocrx_word' id='word_1_69' title='bbox 783 985 1071 1042; x_wconf 86' lang='lat' dir='ltr'><strong>Considera</strong></span> <span class='ocrx_word' id='word_1_70' title='bbox 1104 1000 1281 1042; x_wconf 90' lang='lat' dir='ltr'><strong>utrum</strong></span> <span class='ocrx_word' id='word_1_71' title='bbox 1328 993 1427 1045; x_wconf 91' lang='lat' dir='ltr'><strong>hoc</strong></span> <span class='ocrx_word' id='word_1_72' title='bbox 1474 992 1644 1059; x_wconf 90' lang='lat' dir='ltr'><strong>ipsum</strong></span> 
     </span>
    </p>
   </div>
   <div class='ocr_carea' id='block_1_12' title="bbox 145 1077 1646 1152">
    <p class='ocr_par' dir='ltr' id='par_1_12' title="bbox 145 1077 1646 1152">
     <span class='ocr_line' id='line_1_12' title="bbox 145 1077 1646 1152; baseline 0.004 -21"><span class='ocrx_word' id='word_1_73' title='bbox 145 1080 183 1131; x_wconf 91' lang='lat' dir='ltr'><strong>in</strong></span> <span class='ocrx_word' id='word_1_74' title='bbox 203 1077 314 1131; x_wconf 80' lang='lat' dir='ltr'><strong>Isaia</strong></span> <span class='ocrx_word' id='word_1_75' title='bbox 344 1086 505 1141; x_wconf 88' lang='lat' dir='ltr'><strong>sonet,</strong></span> <span class='ocrx_word' id='word_1_76' title='bbox 533 1078 673 1145; x_wconf 90' lang='lat' dir='ltr'><strong>quod</strong></span> <span class='ocrx_word' id='word_1_77' title='bbox 705 1079 961 1147; x_wconf 89' lang='lat' dir='ltr'><strong>scriptum</strong></span> <span class='ocrx_word' id='word_1_78' title='bbox 989 1091 1070 1133; x_wconf 89' lang='lat' dir='ltr'><strong>est</strong></span> <span class='ocrx_word' id='word_1_79' title='bbox 1112 1095 1127 1130; x_wconf 89' lang='lat'><strong>:</strong></span> <span class='ocrx_word' id='word_1_80' title='bbox 1166 1100 1185 1132; x_wconf 75' lang='grc' dir='ltr'><strong>ι</strong></span> <span class='ocrx_word' id='word_1_81' title='bbox 1222 1083 1287 1136; x_wconf 83' lang='grc' dir='ltr'><strong>Ει.</strong></span> <span class='ocrx_word' id='word_1_82' title='bbox 1333 1083 1524 1149; x_wconf 90' lang='lat' dir='ltr'><strong>scient,</strong></span> <span class='ocrx_word' id='word_1_83' title='bbox 1554 1084 1646 1152; x_wconf 85' lang='lat' dir='ltr'><strong>qui</strong></span> 
     </span>
    </p>
   </div>
   <div class='ocr_carea' id='block_1_13' title="bbox 143 1165 1647 1239">
    <p class='ocr_par' dir='ltr' id='par_1_13' title="bbox 143 1165 1647 1239">
     <span class='ocr_line' id='line_1_13' title="bbox 143 1165 1647 1239; baseline 0.003 -17"><span class='ocrx_word' id='word_1_84' title='bbox 143 1167 291 1237; x_wconf 77' lang='lat' dir='ltr'><strong>spiritu</strong></span> <span class='ocrx_word' id='word_1_85' title='bbox 315 1174 501 1231; x_wconf 85' lang='lat' dir='ltr'><strong>errant,</strong></span> <span class='ocrx_word' id='word_1_86' title='bbox 539 1165 863 1221; x_wconf 87' lang='lat' dir='ltr'><strong>intellectum</strong></span> <span class='ocrx_word' id='word_1_87' title='bbox 900 1168 996 1222; x_wconf 80' lang='grc'><strong>³⁸.»</strong></span> <span class='ocrx_word' id='word_1_88' title='bbox 1018 1171 1118 1236; x_wconf 86' lang='lat' dir='ltr'><strong>Qui</strong></span> <span class='ocrx_word' id='word_1_89' title='bbox 1175 1171 1316 1224; x_wconf 90' lang='lat' dir='ltr'><strong>enim</strong></span> <span class='ocrx_word' id='word_1_90' title='bbox 1360 1170 1647 1239; x_wconf 85' lang='lat' dir='ltr'><strong>erroreju-</strong></span> 
     </span>
    </p>
   </div>
   <div class='ocr_carea' id='block_1_14' title="bbox 141 1255 1646 1332">
    <p class='ocr_par' dir='ltr' id='par_1_14' title="bbox 141 1255 1646 1332">
     <span class='ocr_line' id='line_1_14' title="bbox 141 1255 1646 1332; baseline 0.001 -19"><span class='ocrx_word' id='word_1_91' title='bbox 141 1259 236 1313; x_wconf 88' lang='lat' dir='ltr'><strong>dicii</strong></span> <span class='ocrx_word' id='word_1_92' title='bbox 255 1257 343 1310; x_wconf 90' lang='lat' dir='ltr'><strong>alia</strong></span> <span class='ocrx_word' id='word_1_93' title='bbox 369 1272 460 1323; x_wconf 91' lang='lat' dir='ltr'><strong>pro</strong></span> <span class='ocrx_word' id='word_1_94' title='bbox 487 1255 607 1311; x_wconf 85' lang='lat' dir='ltr'><strong>aliis</strong></span> <span class='ocrx_word' id='word_1_95' title='bbox 633 1258 771 1311; x_wconf 83' lang='lat' dir='ltr'><strong>bona</strong></span> <span class='ocrx_word' id='word_1_96' title='bbox 806 1258 902 1329; x_wconf 78' lang='lat' dir='ltr'><strong>[aL</strong></span> <span class='ocrx_word' id='word_1_97' title='bbox 925 1261 1066 1313; x_wconf 91' lang='lat' dir='ltr'><strong>bono</strong></span> <span class='ocrx_word' id='word_1_98' title='bbox 1090 1260 1290 1332; x_wconf 87' lang='lat' dir='ltr'><strong>studio]</strong></span> <span class='ocrx_word' id='word_1_99' title='bbox 1313 1263 1646 1327; x_wconf 79' lang='lat' dir='ltr'><strong>existimant,</strong></span> 
     </span>
    </p>
   </div>
   <div class='ocr_carea' id='block_1_15' title="bbox 140 1346 1648 1422">
    <p class='ocr_par' dir='ltr' id='par_1_15' title="bbox 140 1346 1648 1422">
     <span class='ocr_line' id='line_1_15' title="bbox 140 1346 1648 1422; baseline 0.003 -21"><span class='ocrx_word' id='word_1_100' title='bbox 140 1348 357 1417; x_wconf 79' lang='lat' dir='ltr'><strong>accipient</strong></span> <span class='ocrx_word' id='word_1_101' title='bbox 388 1346 731 1415; x_wconf 90' lang='lat' dir='ltr'><strong>intellectum,</strong></span> <span class='ocrx_word' id='word_1_102' title='bbox 757 1361 814 1403; x_wconf 91' lang='lat' dir='ltr'><strong>ut</strong></span> <span class='ocrx_word' id='word_1_103' title='bbox 834 1351 1136 1422; x_wconf 81' lang='lat' dir='ltr'><strong>corrigatur</strong></span> <span class='ocrx_word' id='word_1_104' title='bbox 1160 1368 1313 1407; x_wconf 90' lang='lat' dir='ltr'><strong>error</strong></span> <span class='ocrx_word' id='word_1_105' title='bbox 1334 1353 1569 1414; x_wconf 81' lang='lat' dir='ltr'><strong>illorum,</strong></span> <span class='ocrx_word' id='word_1_106' title='bbox 1591 1360 1648 1406; x_wconf 90' lang='lat' dir='ltr'><strong>ut</strong></span> 
     </span>
    </p>
   </div>
   <div class='ocr_carea' id='block_1_16' title="bbox 138 1440 1646 1514">
    <p class='ocr_par' dir='ltr' id='par_1_16' title="bbox 138 1440 1646 1514">
     <span class='ocr_line' id='line_1_16' title="bbox 138 1440 1646 1514; baseline 0.003 -20"><span class='ocrx_word' id='word_1_107' title='bbox 138 1456 211 1511; x_wconf 87' lang='lat' dir='ltr'><strong>pro</strong></span> <span class='ocrx_word' id='word_1_108' title='bbox 262 1440 422 1509; x_wconf 81' lang='lat' dir='ltr'><strong>pravis</strong></span> <span class='ocrx_word' id='word_1_109' title='bbox 478 1454 538 1492; x_wconf 83' lang='lat' dir='ltr'><strong>ea</strong></span> <span class='ocrx_word' id='word_1_110' title='bbox 596 1456 713 1507; x_wconf 75' lang='lat' dir='ltr'><strong>qua:</strong></span> <span class='ocrx_word' id='word_1_111' title='bbox 766 1453 910 1497; x_wconf 86' lang='lat' dir='ltr'><strong>recta</strong></span> <span class='ocrx_word' id='word_1_112' title='bbox 969 1454 1095 1498; x_wconf 92' lang='lat' dir='ltr'><strong>sunt</strong></span> <span class='ocrx_word' id='word_1_113' title='bbox 1163 1444 1381 1514; x_wconf 81' lang='lat' dir='ltr'><strong>eligant.</strong></span> <span class='ocrx_word' id='word_1_114' title='bbox 1428 1443 1646 1499; x_wconf 91' lang='lat' dir='ltr'><strong>Necnon</strong></span> 
     </span>
    </p>
   </div>
   <div class='ocr_carea' id='block_1_17' title="bbox 137 1529 1640 1608">
    <p class='ocr_par' dir='ltr' id='par_1_17' title="bbox 137 1529 1640 1608">
     <span class='ocr_line' id='line_1_17' title="bbox 137 1529 1640 1608; baseline 0.001 -21"><span class='ocrx_word' id='word_1_115' title='bbox 137 1541 177 1587; x_wconf 84' lang='lat' dir='ltr'><strong>ct</strong></span> <span class='ocrx_word' id='word_1_116' title='bbox 196 1532 326 1586; x_wconf 89' lang='lat' dir='ltr'><strong>illud:</strong></span> <span class='ocrx_word' id='word_1_117' title='bbox 350 1548 367 1582; x_wconf 75' lang='grc' dir='ltr'><strong>ι</strong></span> <span class='ocrx_word' id='word_1_118' title='bbox 384 1529 492 1584; x_wconf 89' lang='lat' dir='ltr'><strong>Una</strong></span> <span class='ocrx_word' id='word_1_119' title='bbox 512 1531 764 1587; x_wconf 91' lang='lat' dir='ltr'><strong>fortitudo</strong></span> <span class='ocrx_word' id='word_1_120' title='bbox 788 1536 1007 1603; x_wconf 82' lang='lat' dir='ltr'><strong>spiritus</strong></span> <span class='ocrx_word' id='word_1_121' title='bbox 1026 1538 1188 1590; x_wconf 84' lang='lat' dir='ltr'><strong>vestri</strong></span> <span class='ocrx_word' id='word_1_122' title='bbox 1206 1538 1249 1569; x_wconf 81' lang='grc'><strong>³³</strong></span> <span class='ocrx_word' id='word_1_123' title='bbox 1273 1535 1368 1607; x_wconf 74' lang='grc' dir='ltr'><strong>[αι.</strong></span> <span class='ocrx_word' id='word_1_124' title='bbox 1388 1537 1606 1608; x_wconf 91' lang='lat' dir='ltr'><strong>nostri],</strong></span> <span class='ocrx_word' id='word_1_125' title='bbox 1623 1558 1640 1589; x_wconf 73' lang='grc' dir='ltr'><strong>ι</strong></span> 
     </span>
    </p>
   </div>
   <div class='ocr_carea' id='block_1_18' title="bbox 138 1622 1646 1695">
    <p class='ocr_par' dir='ltr' id='par_1_18' title="bbox 138 1622 1646 1695">
     <span class='ocr_line' id='line_1_18' title="bbox 138 1622 1646 1695; baseline 0.005 -21"><span class='ocrx_word' id='word_1_126' title='bbox 138 1624 233 1677; x_wconf 78' lang='lat' dir='ltr'><strong>vide</strong></span> <span class='ocrx_word' id='word_1_127' title='bbox 274 1637 334 1675; x_wconf 84' lang='lat' dir='ltr'><strong>an</strong></span> <span class='ocrx_word' id='word_1_128' title='bbox 368 1622 587 1690; x_wconf 81' lang='lat' dir='ltr'><strong>idipsum</strong></span> <span class='ocrx_word' id='word_1_129' title='bbox 626 1625 894 1682; x_wconf 87' lang='lat' dir='ltr'><strong>ostendat.</strong></span> <span class='ocrx_word' id='word_1_130' title='bbox 926 1626 989 1679; x_wconf 82' lang='lat' dir='ltr'><strong>Et</strong></span> <span class='ocrx_word' id='word_1_131' title='bbox 1013 1642 1172 1695; x_wconf 90' lang='lat' dir='ltr'><strong>super</strong></span> <span class='ocrx_word' id='word_1_132' title='bbox 1210 1630 1387 1681; x_wconf 86' lang='lat' dir='ltr'><strong>omnia</strong></span> <span class='ocrx_word' id='word_1_133' title='bbox 1414 1628 1646 1682; x_wconf 86' lang='lat' dir='ltr'><strong>vocabu-</strong></span> 
     </span>
    </p>
   </div>
   <div class='ocr_carea' id='block_1_19' title="bbox 138 1714 1645 1789">
    <p class='ocr_par' dir='ltr' id='par_1_19' title="bbox 138 1714 1645 1789">
     <span class='ocr_line' id='line_1_19' title="bbox 138 1714 1645 1789; baseline 0.002 -21"><span class='ocrx_word' id='word_1_134' title='bbox 138 1716 219 1770; x_wconf 88' lang='lat' dir='ltr'><strong>lum</strong></span> <span class='ocrx_word' id='word_1_135' title='bbox 248 1714 445 1783; x_wconf 78' lang='lat' dir='ltr'><strong>Spiritus</strong></span> <span class='ocrx_word' id='word_1_136' title='bbox 467 1714 713 1770; x_wconf 87' lang='lat' dir='ltr'><strong>altiorem</strong></span> <span class='ocrx_word' id='word_1_137' title='bbox 734 1726 787 1770; x_wconf 90' lang='lat' dir='ltr'><strong>et</strong></span> <span class='ocrx_word' id='word_1_138' title='bbox 814 1719 1095 1787; x_wconf 86' lang='lat' dir='ltr'><strong>mysticum</strong></span> <span class='ocrx_word' id='word_1_139' title='bbox 1122 1720 1173 1773; x_wconf 91' lang='lat' dir='ltr'><strong>in</strong></span> <span class='ocrx_word' id='word_1_140' title='bbox 1205 1720 1496 1789; x_wconf 87' lang='lat' dir='ltr'><strong>Scripturis</strong></span> <span class='ocrx_word' id='word_1_141' title='bbox 1519 1734 1645 1774; x_wconf 85' lang='lat' dir='ltr'><strong>san—</strong></span> 
     </span>
    </p>
   </div>
   <div class='ocr_carea' id='block_1_20' title="bbox 1748 539 3318 612">
    <p class='ocr_par' dir='ltr' id='par_1_20' title="bbox 1748 539 3318 612">
     <span class='ocr_line' id='line_1_20' title="bbox 1748 539 3318 612; baseline 0.004 -24"><span class='ocrx_word' id='word_1_142' title='bbox 1748 539 1892 591; x_wconf 86' lang='lat' dir='ltr'><strong>verbi</strong></span> <span class='ocrx_word' id='word_1_143' title='bbox 1924 539 2117 607; x_wconf 82' lang='lat' dir='ltr'><strong>gratia,</strong></span> <span class='ocrx_word' id='word_1_144' title='bbox 2146 547 2364 593; x_wconf 92' lang='lat' dir='ltr'><strong>sanctus</strong></span> <span class='ocrx_word' id='word_1_145' title='bbox 2404 540 2573 593; x_wconf 91' lang='lat' dir='ltr'><strong>bonus</strong></span> <span class='ocrx_word' id='word_1_146' title='bbox 2597 540 2733 612; x_wconf 83' lang='lat'><strong>(56),</strong></span> <span class='ocrx_word' id='word_1_147' title='bbox 2760 549 2812 595; x_wconf 90' lang='lat' dir='ltr'><strong>et</strong></span> <span class='ocrx_word' id='word_1_148' title='bbox 2846 552 3041 596; x_wconf 68' lang='lat' dir='ltr'><strong>caetera</strong></span> <span class='ocrx_word' id='word_1_149' title='bbox 3069 542 3318 596; x_wconf 84' lang='lat' dir='ltr'><strong>hissimi-</strong></span> 
     </span>
    </p>
   </div>
   <div class='ocr_carea' id='block_1_21' title="bbox 1747 629 2957 698">
    <p class='ocr_par' dir='ltr' id='par_1_21' title="bbox 1747 629 2957 698">
     <span class='ocr_line' id='line_1_21' title="bbox 1747 629 2957 698; baseline 0.003 -16"><span class='ocrx_word' id='word_1_150' title='bbox 1747 629 1838 691; x_wconf 90' lang='lat' dir='ltr'><strong>lia,</strong></span> <span class='ocrx_word' id='word_1_151' title='bbox 1876 630 1939 683; x_wconf 90' lang='lat' dir='ltr'><strong>de</strong></span> <span class='ocrx_word' id='word_1_152' title='bbox 1967 630 2162 697; x_wconf 86' lang='lat' dir='ltr'><strong>quibus</strong></span> <span class='ocrx_word' id='word_1_153' title='bbox 2186 629 2344 698; x_wconf 92' lang='lat' dir='ltr'><strong>paqu</strong></span> <span class='ocrx_word' id='word_1_154' title='bbox 2366 640 2489 684; x_wconf 89' lang='lat' dir='ltr'><strong>ante</strong></span> <span class='ocrx_word' id='word_1_155' title='bbox 2519 631 2957 698; x_wconf 79' lang='lat' dir='ltr'><strong>perstrinximus.</strong></span> 
     </span>
    </p>
   </div>
   <div class='ocr_carea' id='block_1_22' title="bbox 1818 718 3322 794">
    <p class='ocr_par' dir='ltr' id='par_1_22' title="bbox 1818 718 3322 794">
     <span class='ocr_line' id='line_1_22' title="bbox 1818 718 3322 794; baseline 0.001 -21"><span class='ocrx_word' id='word_1_156' title='bbox 1818 718 1906 773; x_wconf 82' lang='lat'><strong>59.</strong></span> <span class='ocrx_word' id='word_1_157' title='bbox 1935 718 2107 774; x_wconf 92' lang='lat' dir='ltr'><strong>Porro</strong></span> <span class='ocrx_word' id='word_1_158' title='bbox 2148 722 2214 774; x_wconf 89' lang='lat' dir='ltr'><strong>ad</strong></span> <span class='ocrx_word' id='word_1_159' title='bbox 2256 720 2370 775; x_wconf 66' lang='lat' dir='ltr'><strong>haec</strong></span> <span class='ocrx_word' id='word_1_160' title='bbox 2417 722 2722 775; x_wconf 82' lang='lat' dir='ltr'><strong>necessario</strong></span> <span class='ocrx_word' id='word_1_161' title='bbox 2753 720 2983 794; x_wconf 70' lang='lat' dir='ltr'><strong>devoluti</strong></span> <span class='ocrx_word' id='word_1_162' title='bbox 3014 736 3221 787; x_wconf 86' lang='lat' dir='ltr'><strong>sumus,</strong></span> <span class='ocrx_word' id='word_1_163' title='bbox 3262 732 3322 775; x_wconf 87' lang='lat' dir='ltr'><strong>ut</strong></span> 
     </span>
    </p>
   </div>
   <div class='ocr_carea' id='block_1_23' title="bbox 1747 809 3319 879">
    <p class='ocr_par' dir='ltr' id='par_1_23' title="bbox 1747 809 3319 879">
     <span class='ocr_line' id='line_1_23' title="bbox 1747 809 3319 879; baseline 0.002 -19"><span class='ocrx_word' id='word_1_164' title='bbox 1747 809 1875 879; x_wconf 87' lang='lat' dir='ltr'><strong>quia</strong></span> <span class='ocrx_word' id='word_1_165' title='bbox 1908 809 2223 878; x_wconf 88' lang='lat' dir='ltr'><strong>frequenter</strong></span> <span class='ocrx_word' id='word_1_166' title='bbox 2245 810 2532 878; x_wconf 84' lang='lat' dir='ltr'><strong>appellatio</strong></span> <span class='ocrx_word' id='word_1_167' title='bbox 2564 810 2788 878; x_wconf 86' lang='lat' dir='ltr'><strong>spiritus</strong></span> <span class='ocrx_word' id='word_1_168' title='bbox 2819 811 2870 863; x_wconf 90' lang='lat' dir='ltr'><strong>in</strong></span> <span class='ocrx_word' id='word_1_169' title='bbox 2907 810 3207 879; x_wconf 90' lang='lat' dir='ltr'><strong>Scripturis</strong></span> <span class='ocrx_word' id='word_1_170' title='bbox 3235 820 3319 863; x_wconf 86' lang='lat' dir='ltr'><strong>est</strong></span> 
     </span>
    </p>
   </div>
   <div class='ocr_carea' id='block_1_24' title="bbox 1747 899 3319 967">
    <p class='ocr_par' dir='ltr' id='par_1_24' title="bbox 1747 899 3319 967">
     <span class='ocr_line' id='line_1_24' title="bbox 1747 899 3319 967; baseline 0.001 -15"><span class='ocrx_word' id='word_1_171' title='bbox 1747 913 1995 967; x_wconf 89' lang='lat' dir='ltr'><strong>respersa</strong></span> <span class='ocrx_word' id='word_1_172' title='bbox 2021 899 2238 959; x_wconf 89' lang='lat' dir='ltr'><strong>divinis.</strong></span> <span class='ocrx_word' id='word_1_173' title='bbox 2259 916 2361 954; x_wconf 92' lang='lat' dir='ltr'><strong>non</strong></span> <span class='ocrx_word' id='word_1_174' title='bbox 2381 899 2626 952; x_wconf 80' lang='lat' dir='ltr'><strong>labantur</strong></span> <span class='ocrx_word' id='word_1_175' title='bbox 2655 900 2707 953; x_wconf 90' lang='lat' dir='ltr'><strong>in</strong></span> <span class='ocrx_word' id='word_1_176' title='bbox 2735 901 2973 963; x_wconf 88' lang='lat' dir='ltr'><strong>nomine,</strong></span> <span class='ocrx_word' id='word_1_177' title='bbox 3000 902 3094 956; x_wconf 87' lang='lat' dir='ltr'><strong>sed</strong></span> <span class='ocrx_word' id='word_1_178' title='bbox 3120 917 3319 954; x_wconf 89' lang='lat' dir='ltr'><strong>unum-</strong></span> 
     </span>
    </p>
   </div>
   <div class='ocr_carea' id='block_1_25' title="bbox 1746 989 3313 1058">
    <p class='ocr_par' dir='ltr' id='par_1_25' title="bbox 1746 989 3313 1058">
     <span class='ocr_line' id='line_1_25' title="bbox 1746 989 3313 1058; baseline 0.003 -17"><span class='ocrx_word' id='word_1_179' title='bbox 1746 989 1997 1058; x_wconf 89' lang='lat' dir='ltr'><strong>quodque</strong></span> <span class='ocrx_word' id='word_1_180' title='bbox 2062 991 2357 1043; x_wconf 89' lang='lat' dir='ltr'><strong>secundum</strong></span> <span class='ocrx_word' id='word_1_181' title='bbox 2424 991 2660 1044; x_wconf 90' lang='lat' dir='ltr'><strong>locorum</strong></span> <span class='ocrx_word' id='word_1_182' title='bbox 2702 992 2991 1047; x_wconf 88' lang='lat' dir='ltr'><strong>varietates</strong></span> <span class='ocrx_word' id='word_1_183' title='bbox 3025 1001 3077 1046; x_wconf 92' lang='lat' dir='ltr'><strong>et</strong></span> <span class='ocrx_word' id='word_1_184' title='bbox 3111 992 3313 1046; x_wconf 88' lang='lat' dir='ltr'><strong>intelli-</strong></span> 
     </span>
    </p>
   </div>
   <div class='ocr_carea' id='block_1_26' title="bbox 1747 1080 3317 1153">
    <p class='ocr_par' dir='ltr' id='par_1_26' title="bbox 1747 1080 3317 1153">
     <span class='ocr_line' id='line_1_26' title="bbox 1747 1080 3317 1153; baseline 0.003 -20"><span class='ocrx_word' id='word_1_185' title='bbox 1747 1083 1955 1153; x_wconf 76' lang='lat' dir='ltr'><strong>gentias</strong></span> <span class='ocrx_word' id='word_1_186' title='bbox 1971 1083 2321 1151; x_wconf 89' lang='lat' dir='ltr'><strong>accipiamus.</strong></span> <span class='ocrx_word' id='word_1_187' title='bbox 2343 1080 2502 1136; x_wconf 91' lang='lat' dir='ltr'><strong>Omni</strong></span> <span class='ocrx_word' id='word_1_188' title='bbox 2542 1084 2721 1152; x_wconf 89' lang='lat' dir='ltr'><strong>itaque</strong></span> <span class='ocrx_word' id='word_1_189' title='bbox 2762 1085 2942 1138; x_wconf 91' lang='lat' dir='ltr'><strong>studio</strong></span> <span class='ocrx_word' id='word_1_190' title='bbox 2959 1099 3021 1139; x_wconf 87' lang='lat' dir='ltr'><strong>ac</strong></span> <span class='ocrx_word' id='word_1_191' title='bbox 3045 1083 3317 1153; x_wconf 82' lang='lat' dir='ltr'><strong>diligentia</strong></span> 
     </span>
    </p>
   </div>
   <div class='ocr_carea' id='block_1_27' title="bbox 1748 1170 3316 1243">
    <p class='ocr_par' dir='ltr' id='par_1_27' title="bbox 1748 1170 3316 1243">
     <span class='ocr_line' id='line_1_27' title="bbox 1748 1170 3316 1243; baseline -0.001 -20"><span class='ocrx_word' id='word_1_192' title='bbox 1748 1171 2064 1225; x_wconf 86' lang='lat' dir='ltr'><strong>vocabulum</strong></span> <span class='ocrx_word' id='word_1_193' title='bbox 2129 1172 2385 1238; x_wconf 80' lang='lat' dir='ltr'><strong>Spiritus,</strong></span> <span class='ocrx_word' id='word_1_194' title='bbox 2439 1170 2528 1224; x_wconf 90' lang='lat' dir='ltr'><strong>ubi</strong></span> <span class='ocrx_word' id='word_1_195' title='bbox 2588 1182 2643 1224; x_wconf 91' lang='lat' dir='ltr'><strong>et</strong></span> <span class='ocrx_word' id='word_1_196' title='bbox 2672 1174 2938 1240; x_wconf 88' lang='lat' dir='ltr'><strong>quomodo</strong></span> <span class='ocrx_word' id='word_1_197' title='bbox 2995 1174 3316 1243; x_wconf 81' lang='lat' dir='ltr'><strong>appellatum</strong></span> 
     </span>
    </p>
   </div>
   <div class='ocr_carea' id='block_1_28' title="bbox 1749 1262 3319 1331">
    <p class='ocr_par' dir='ltr' id='par_1_28' title="bbox 1749 1262 3319 1331">
     <span class='ocr_line' id='line_1_28' title="bbox 1749 1262 3319 1331; baseline -0.001 -15"><span class='ocrx_word' id='word_1_198' title='bbox 1749 1262 1841 1325; x_wconf 85' lang='lat' dir='ltr'><strong>sit,</strong></span> <span class='ocrx_word' id='word_1_199' title='bbox 1873 1262 2315 1329; x_wconf 87' lang='lat' dir='ltr'><strong>contemplantes,</strong></span> <span class='ocrx_word' id='word_1_200' title='bbox 2335 1263 2660 1331; x_wconf 86' lang='lat' dir='ltr'><strong>sophismata</strong></span> <span class='ocrx_word' id='word_1_201' title='bbox 2677 1279 2859 1316; x_wconf 88' lang='lat' dir='ltr'><strong>eorum</strong></span> <span class='ocrx_word' id='word_1_202' title='bbox 2878 1275 2935 1316; x_wconf 90' lang='lat' dir='ltr'><strong>et</strong></span> <span class='ocrx_word' id='word_1_203' title='bbox 2956 1263 3319 1317; x_wconf 85' lang='lat' dir='ltr'><strong>fraudulentas</strong></span> 
     </span>
    </p>
   </div>
   <div class='ocr_carea' id='block_1_29' title="bbox 1750 1353 3320 1424">
    <p class='ocr_par' dir='ltr' id='par_1_29' title="bbox 1750 1353 3320 1424">
     <span class='ocr_line' id='line_1_29' title="bbox 1750 1353 3320 1424; baseline 0 -17"><span class='ocrx_word' id='word_1_204' title='bbox 1750 1353 2022 1421; x_wconf 90' lang='lat' dir='ltr'><strong>decipulas</strong></span> <span class='ocrx_word' id='word_1_205' title='bbox 2050 1365 2413 1417; x_wconf 86' lang='lat' dir='ltr'><strong>conteramus,</strong></span> <span class='ocrx_word' id='word_1_206' title='bbox 2474 1356 2560 1423; x_wconf 90' lang='lat' dir='ltr'><strong>qui</strong></span> <span class='ocrx_word' id='word_1_207' title='bbox 2606 1355 2863 1424; x_wconf 89' lang='lat' dir='ltr'><strong>Spiritum</strong></span> <span class='ocrx_word' id='word_1_208' title='bbox 2893 1366 3137 1409; x_wconf 87' lang='lat' dir='ltr'><strong>sanctum</strong></span> <span class='ocrx_word' id='word_1_209' title='bbox 3170 1369 3320 1408; x_wconf 89' lang='lat' dir='ltr'><strong>asse-</strong></span> 
     </span>
    </p>
   </div>
   <div class='ocr_carea' id='block_1_30' title="bbox 1752 1442 3320 1513">
    <p class='ocr_par' dir='ltr' id='par_1_30' title="bbox 1752 1442 3320 1513">
     <span class='ocr_line' id='line_1_30' title="bbox 1752 1442 3320 1513; baseline 0.001 -19"><span class='ocrx_word' id='word_1_210' title='bbox 1752 1452 1880 1494; x_wconf 75' lang='lat' dir='ltr'><strong>runt</strong></span> <span class='ocrx_word' id='word_1_211' title='bbox 1902 1452 2226 1498; x_wconf 81' lang='lat' dir='ltr'><strong>creaturam.</strong></span> <span class='ocrx_word' id='word_1_212' title='bbox 2286 1442 2549 1512; x_wconf 84' lang='lat' dir='ltr'><strong>Legentcs</strong></span> <span class='ocrx_word' id='word_1_213' title='bbox 2590 1446 2734 1496; x_wconf 89' lang='lat' dir='ltr'><strong>enim</strong></span> <span class='ocrx_word' id='word_1_214' title='bbox 2770 1443 2822 1497; x_wconf 92' lang='lat' dir='ltr'><strong>in</strong></span> <span class='ocrx_word' id='word_1_215' title='bbox 2855 1446 3132 1513; x_wconf 84' lang='lat' dir='ltr'><strong>propheta,</strong></span> <span class='ocrx_word' id='word_1_216' title='bbox 3157 1462 3174 1494; x_wconf 80' lang='grc' dir='ltr'><strong>ι</strong></span> <span class='ocrx_word' id='word_1_217' title='bbox 3210 1445 3320 1513; x_wconf 85' lang='lat' dir='ltr'><strong>Ego</strong></span> 
     </span>
    </p>
   </div>
   <div class='ocr_carea' id='block_1_31' title="bbox 1746 1533 3312 1602">
    <p class='ocr_par' dir='ltr' id='par_1_31' title="bbox 1746 1533 3312 1602">
     <span class='ocr_line' id='line_1_31' title="bbox 1746 1533 3312 1602; baseline 0.001 -16"><span class='ocrx_word' id='word_1_218' title='bbox 1746 1548 1862 1586; x_wconf 91' lang='lat' dir='ltr'><strong>sum</strong></span> <span class='ocrx_word' id='word_1_219' title='bbox 1907 1533 2126 1587; x_wconf 88' lang='lat' dir='ltr'><strong>ﬁrmans</strong></span> <span class='ocrx_word' id='word_1_220' title='bbox 2155 1533 2264 1602; x_wconf 80' lang='lat'><strong>(57)</strong></span> <span class='ocrx_word' id='word_1_221' title='bbox 2299 1534 2681 1597; x_wconf 88' lang='lat' dir='ltr'><strong>tonitrttum,et</strong></span> <span class='ocrx_word' id='word_1_222' title='bbox 2706 1550 2895 1589; x_wconf 90' lang='lat' dir='ltr'><strong>creans</strong></span> <span class='ocrx_word' id='word_1_223' title='bbox 2923 1535 3181 1602; x_wconf 86' lang='lat' dir='ltr'><strong>Spiritum</strong></span> <span class='ocrx_word' id='word_1_224' title='bbox 3211 1534 3312 1599; x_wconf 73' lang='lat' dir='ltr'><strong>“,i</strong></span> 
     </span>
    </p>
   </div>
   <div class='ocr_carea' id='block_1_32' title="bbox 1747 1623 3319 1694">
    <p class='ocr_par' dir='ltr' id='par_1_32' title="bbox 1747 1623 3319 1694">
     <span class='ocr_line' id='line_1_32' title="bbox 1747 1623 3319 1694; baseline 0.001 -17"><span class='ocrx_word' id='word_1_225' title='bbox 1747 1623 2046 1693; x_wconf 76' lang='lat' dir='ltr'><strong>iguerantia</strong></span> <span class='ocrx_word' id='word_1_226' title='bbox 2084 1625 2393 1693; x_wconf 89' lang='lat' dir='ltr'><strong>multiplicis</strong></span> <span class='ocrx_word' id='word_1_227' title='bbox 2436 1626 2486 1677; x_wconf 91' lang='lat' dir='ltr'><strong>in</strong></span> <span class='ocrx_word' id='word_1_228' title='bbox 2522 1626 2625 1679; x_wconf 88' lang='lat' dir='ltr'><strong>hac</strong></span> <span class='ocrx_word' id='word_1_229' title='bbox 2657 1638 2807 1694; x_wconf 89' lang='lat' dir='ltr'><strong>parte</strong></span> <span class='ocrx_word' id='word_1_230' title='bbox 2841 1627 3130 1689; x_wconf 87' lang='lat' dir='ltr'><strong>sermonis,</strong></span> <span class='ocrx_word' id='word_1_231' title='bbox 3162 1635 3319 1693; x_wconf 90' lang='lat' dir='ltr'><strong>puta-</strong></span> 
     </span>
    </p>
   </div>
   <div class='ocr_carea' id='block_1_33' title="bbox 1747 1694 3318 1785">
    <p class='ocr_par' dir='ltr' id='par_1_33' title="bbox 1747 1694 3318 1785">
     <span class='ocr_line' id='line_1_33' title="bbox 1747 1694 3318 1785; baseline 0.001 -18"><span class='ocrx_word' id='word_1_232' title='bbox 1747 1726 1940 1770; x_wconf 74' lang='lat' dir='ltr'><strong>verunt</strong></span> <span class='ocrx_word' id='word_1_233' title='bbox 1972 1717 2232 1785; x_wconf 86' lang='lat' dir='ltr'><strong>Spiritum</strong></span> <span class='ocrx_word' id='word_1_234' title='bbox 2270 1727 2515 1770; x_wconf 90' lang='lat' dir='ltr'><strong>sanctum</strong></span> <span class='ocrx_word' id='word_1_235' title='bbox 2552 1734 2619 1770; x_wconf 85' lang='lat' dir='ltr'><strong>ex</strong></span> <span class='ocrx_word' id='word_1_236' title='bbox 2651 1694 2750 1771; x_wconf 71' lang='lat' dir='ltr'><strong>hoc</strong></span> <span class='ocrx_word' id='word_1_237' title='bbox 2779 1718 3037 1771; x_wconf 89' lang='lat' dir='ltr'><strong>vocabqu</strong></span> <span class='ocrx_word' id='word_1_238' title='bbox 3094 1720 3318 1771; x_wconf 87' lang='lat' dir='ltr'><strong>demon-</strong></span> 
     </span>
    </p>
   </div>
   <div class='ocr_carea' id='block_1_34' title="bbox 134 1794 3319 1877">
    <p class='ocr_par' dir='ltr' id='par_1_34' title="bbox 134 1794 3319 1877">
     <span class='ocr_line' id='line_1_34' title="bbox 134 1794 3319 1877; baseline 0.002 -17"><span class='ocrx_word' id='word_1_239' title='bbox 134 1808 211 1861; x_wconf 84' lang='lat' dir='ltr'><strong>ctis</strong></span> <span class='ocrx_word' id='word_1_240' title='bbox 230 1808 470 1877; x_wconf 82' lang='lat' dir='ltr'><strong>signiﬁcat</strong></span> <span class='ocrx_word' id='word_1_241' title='bbox 503 1808 853 1874; x_wconf 87' lang='lat' dir='ltr'><strong>intellectum,</strong></span> <span class='ocrx_word' id='word_1_242' title='bbox 904 1821 961 1863; x_wconf 91' lang='lat' dir='ltr'><strong>ut</strong></span> <span class='ocrx_word' id='word_1_243' title='bbox 993 1812 1063 1865; x_wconf 85' lang='lat' dir='ltr'><strong>ibi</strong></span> <span class='ocrx_word' id='word_1_244' title='bbox 1093 1830 1105 1865; x_wconf 91' lang='lat'><strong>:</strong></span> <span class='ocrx_word' id='word_1_245' title='bbox 1139 1830 1158 1862; x_wconf 76' lang='grc' dir='ltr'><strong>ι</strong></span> <span class='ocrx_word' id='word_1_246' title='bbox 1194 1810 1391 1866; x_wconf 84' lang='lat' dir='ltr'><strong>Littera</strong></span> <span class='ocrx_word' id='word_1_247' title='bbox 1421 1813 1639 1876; x_wconf 88' lang='lat' dir='ltr'><strong>occidit,</strong></span> <span class='ocrx_word' id='word_1_248' title='bbox 1676 1794 1717 1848; x_wconf 83' lang='grc' dir='ltr'><strong><em>Β</em></strong></span> <span class='ocrx_word' id='word_1_249' title='bbox 1745 1808 1927 1870; x_wconf 84' lang='lat' dir='ltr'><strong>strari.</strong></span> <span class='ocrx_word' id='word_1_250' title='bbox 1973 1824 2091 1860; x_wconf 79' lang='lat' dir='ltr'><strong>cum</strong></span> <span class='ocrx_word' id='word_1_251' title='bbox 2118 1807 2170 1859; x_wconf 81' lang='lat' dir='ltr'><strong>in</strong></span> <span class='ocrx_word' id='word_1_252' title='bbox 2208 1809 2614 1875; x_wconf 70' lang='lat' dir='ltr'><strong>praesentiarum</strong></span> <span class='ocrx_word' id='word_1_253' title='bbox 2695 1807 2917 1875; x_wconf 61' lang='lat' dir='ltr'><strong>spiritus</strong></span> <span class='ocrx_word' id='word_1_254' title='bbox 2968 1823 3158 1861; x_wconf 85' lang='lat' dir='ltr'><strong>nomen</strong></span> <span class='ocrx_word' id='word_1_255' title='bbox 3190 1824 3319 1861; x_wconf 84' lang='lat' dir='ltr'><strong>ven-</strong></span> 
     </span>
    </p>
   </div>
   <div class='ocr_carea' id='block_1_35' title="bbox 134 1901 1644 1975">
    <p class='ocr_par' dir='ltr' id='par_1_35' title="bbox 134 1901 1644 1975">
     <span class='ocr_line' id='line_1_35' title="bbox 134 1901 1644 1975; baseline 0.003 -22"><span class='ocrx_word' id='word_1_256' title='bbox 134 1901 307 1965; x_wconf 87' lang='lat' dir='ltr'><strong>spiritus</strong></span> <span class='ocrx_word' id='word_1_257' title='bbox 343 1910 511 1954; x_wconf 91' lang='lat' dir='ltr'><strong>autem</strong></span> <span class='ocrx_word' id='word_1_258' title='bbox 551 1902 788 1956; x_wconf 82' lang='lat' dir='ltr'><strong>vivificat</strong></span> <span class='ocrx_word' id='word_1_259' title='bbox 816 1901 926 1966; x_wconf 71' lang='lat' dir='ltr'><strong>&quot;,i</strong></span> <span class='ocrx_word' id='word_1_260' title='bbox 960 1903 1189 1958; x_wconf 85' lang='lat' dir='ltr'><strong>litteram</strong></span> <span class='ocrx_word' id='word_1_261' title='bbox 1214 1906 1399 1959; x_wconf 90' lang='lat' dir='ltr'><strong>dicens</strong></span> <span class='ocrx_word' id='word_1_262' title='bbox 1437 1905 1644 1975; x_wconf 87' lang='lat' dir='ltr'><strong>simpli-</strong></span> 
     </span>
    </p>
   </div>
   <div class='ocr_carea' id='block_1_36' title="bbox 132 1990 1641 2061">
    <p class='ocr_par' dir='ltr' id='par_1_36' title="bbox 132 1990 1641 2061">
     <span class='ocr_line' id='line_1_36' title="bbox 132 1990 1641 2061; baseline 0.004 -19"><span class='ocrx_word' id='word_1_263' title='bbox 132 2005 238 2049; x_wconf 85' lang='lat' dir='ltr'><strong>cetn.</strong></span> <span class='ocrx_word' id='word_1_264' title='bbox 264 2000 312 2043; x_wconf 86' lang='lat' dir='ltr'><strong>et</strong></span> <span class='ocrx_word' id='word_1_265' title='bbox 343 1990 673 2046; x_wconf 78' lang='lat' dir='ltr'><strong>manifeSIam</strong></span> <span class='ocrx_word' id='word_1_266' title='bbox 698 1990 851 2058; x_wconf 77' lang='lat' dir='ltr'><strong>juxta</strong></span> <span class='ocrx_word' id='word_1_267' title='bbox 919 1993 1199 2048; x_wconf 85' lang='lat' dir='ltr'><strong>historiam</strong></span> <span class='ocrx_word' id='word_1_268' title='bbox 1243 1996 1641 2061; x_wconf 90' lang='lat' dir='ltr'><strong>narrationem;</strong></span> 
     </span>
    </p>
   </div>
   <div class='ocr_carea' id='block_1_37' title="bbox 131 2078 1643 2154">
    <p class='ocr_par' dir='ltr' id='par_1_37' title="bbox 131 2078 1643 2154">
     <span class='ocr_line' id='line_1_37' title="bbox 131 2078 1643 2154; baseline 0.005 -22"><span class='ocrx_word' id='word_1_269' title='bbox 131 2082 330 2146; x_wconf 74' lang='lat' dir='ltr'><strong>spiritum</strong></span> <span class='ocrx_word' id='word_1_270' title='bbox 360 2096 500 2147; x_wconf 79' lang='lat' dir='ltr'><strong>vero,</strong></span> <span class='ocrx_word' id='word_1_271' title='bbox 539 2094 786 2137; x_wconf 90' lang='lat' dir='ltr'><strong>sanctum</strong></span> <span class='ocrx_word' id='word_1_272' title='bbox 805 2095 858 2139; x_wconf 89' lang='lat' dir='ltr'><strong>et</strong></span> <span class='ocrx_word' id='word_1_273' title='bbox 882 2084 1161 2152; x_wconf 88' lang='lat' dir='ltr'><strong>spirituale</strong></span> <span class='ocrx_word' id='word_1_274' title='bbox 1186 2099 1342 2139; x_wconf 88' lang='lat' dir='ltr'><strong>nosse</strong></span> <span class='ocrx_word' id='word_1_275' title='bbox 1369 2078 1481 2151; x_wconf 69' lang='lat'><strong>(54)</strong></span> <span class='ocrx_word' id='word_1_276' title='bbox 1502 2088 1643 2154; x_wconf 80' lang='lat' dir='ltr'><strong>quod</strong></span> 
     </span>
    </p>
   </div>
   <div class='ocr_carea' id='block_1_38' title="bbox 131 2172 1644 2242">
    <p class='ocr_par' dir='ltr' id='par_1_38' title="bbox 131 2172 1644 2242">
     <span class='ocr_line' id='line_1_38' title="bbox 131 2172 1644 2242; baseline 0.007 -20"><span class='ocrx_word' id='word_1_277' title='bbox 131 2172 300 2239; x_wconf 76' lang='lat' dir='ltr'><strong>legitur.</strong></span> <span class='ocrx_word' id='word_1_278' title='bbox 322 2172 375 2224; x_wconf 92' lang='lat' dir='ltr'><strong>In</strong></span> <span class='ocrx_word' id='word_1_279' title='bbox 411 2172 546 2225; x_wconf 89' lang='lat' dir='ltr'><strong>hanc</strong></span> <span class='ocrx_word' id='word_1_280' title='bbox 568 2175 817 2242; x_wconf 80' lang='lat' dir='ltr'><strong>congruit</strong></span> <span class='ocrx_word' id='word_1_281' title='bbox 848 2175 1174 2228; x_wconf 82' lang='lat' dir='ltr'><strong>voluntatem</strong></span> <span class='ocrx_word' id='word_1_282' title='bbox 1201 2186 1254 2229; x_wconf 89' lang='lat' dir='ltr'><strong>et</strong></span> <span class='ocrx_word' id='word_1_283' title='bbox 1286 2176 1409 2227; x_wconf 90' lang='lat' dir='ltr'><strong>illud</strong></span> <span class='ocrx_word' id='word_1_284' title='bbox 1436 2194 1448 2228; x_wconf 87' lang='lat'>:</span> <span class='ocrx_word' id='word_1_285' title='bbox 1487 2194 1506 2227; x_wconf 75' lang='grc' dir='ltr'><strong>ι</strong></span> <span class='ocrx_word' id='word_1_286' title='bbox 1538 2175 1644 2232; x_wconf 86' lang='lat' dir='ltr'><strong>Nos</strong></span> 
     </span>
    </p>
   </div>
   <div class='ocr_carea' id='block_1_39' title="bbox 129 2262 1642 2334">
    <p class='ocr_par' dir='ltr' id='par_1_39' title="bbox 129 2262 1642 2334">
     <span class='ocr_line' id='line_1_39' title="bbox 129 2262 1642 2334; baseline 0.004 -19"><span class='ocrx_word' id='word_1_287' title='bbox 129 2278 274 2316; x_wconf 87' lang='lat' dir='ltr'><strong>sumus</strong></span> <span class='ocrx_word' id='word_1_288' title='bbox 292 2262 645 2325; x_wconf 83' lang='lat' dir='ltr'><strong>circumcisio,</strong></span> <span class='ocrx_word' id='word_1_289' title='bbox 684 2264 773 2332; x_wconf 92' lang='lat' dir='ltr'><strong>qui</strong></span> <span class='ocrx_word' id='word_1_290' title='bbox 825 2265 1014 2334; x_wconf 90' lang='lat' dir='ltr'><strong>spiritu</strong></span> <span class='ocrx_word' id='word_1_291' title='bbox 1071 2266 1297 2319; x_wconf 86' lang='lat' dir='ltr'><strong>Domino</strong></span> <span class='ocrx_word' id='word_1_292' title='bbox 1341 2268 1642 2321; x_wconf 88' lang='lat' dir='ltr'><strong>servientes</strong></span> 
     </span>
    </p>
   </div>
   <div class='ocr_carea' id='block_1_40' title="bbox 127 2357 1641 2424">
    <p class='ocr_par' dir='ltr' id='par_1_40' title="bbox 127 2357 1641 2424">
     <span class='ocr_line' id='line_1_40' title="bbox 127 2357 1641 2424; baseline 0.003 -16"><span class='ocrx_word' id='word_1_293' title='bbox 127 2369 292 2421; x_wconf 85' lang='lat' dir='ltr'><strong>sumus,</strong></span> <span class='ocrx_word' id='word_1_294' title='bbox 317 2365 365 2409; x_wconf 90' lang='lat' dir='ltr'><strong>et</strong></span> <span class='ocrx_word' id='word_1_295' title='bbox 402 2372 501 2408; x_wconf 91' lang='lat' dir='ltr'><strong>non</strong></span> <span class='ocrx_word' id='word_1_296' title='bbox 559 2357 613 2409; x_wconf 90' lang='lat' dir='ltr'><strong>in</strong></span> <span class='ocrx_word' id='word_1_297' title='bbox 650 2371 812 2410; x_wconf 91' lang='lat' dir='ltr'><strong>carne</strong></span> <span class='ocrx_word' id='word_1_298' title='bbox 852 2357 1183 2411; x_wconf 87' lang='lat' dir='ltr'><strong>conﬁdentes</strong></span> <span class='ocrx_word' id='word_1_299' title='bbox 1214 2358 1281 2410; x_wconf 63' lang='grc' dir='ltr'><strong>δι.</strong></span> <span class='ocrx_word' id='word_1_300' title='bbox 1314 2378 1331 2409; x_wconf 74' lang='grc' dir='ltr'><strong>ι</strong></span> <span class='ocrx_word' id='word_1_301' title='bbox 1361 2358 1461 2424; x_wconf 85' lang='lat' dir='ltr'><strong>Qui</strong></span> <span class='ocrx_word' id='word_1_302' title='bbox 1499 2361 1641 2413; x_wconf 91' lang='lat' dir='ltr'><strong>enim</strong></span> 
     </span>
    </p>
   </div>
   <div class='ocr_carea' id='block_1_41' title="bbox 128 2447 1642 2519">
    <p class='ocr_par' dir='ltr' id='par_1_41' title="bbox 128 2447 1642 2519">
     <span class='ocr_line' id='line_1_41' title="bbox 128 2447 1642 2519; baseline 0.005 -23"><span class='ocrx_word' id='word_1_303' title='bbox 128 2460 206 2498; x_wconf 90' lang='lat' dir='ltr'><strong>non</strong></span> <span class='ocrx_word' id='word_1_304' title='bbox 231 2447 389 2501; x_wconf 84' lang='lat' dir='ltr'><strong>littera</strong></span> <span class='ocrx_word' id='word_1_305' title='bbox 422 2464 640 2503; x_wconf 88' lang='lat' dir='ltr'><strong>carnem</strong></span> <span class='ocrx_word' id='word_1_306' title='bbox 700 2450 1009 2512; x_wconf 84' lang='lat' dir='ltr'><strong>concidunt,</strong></span> <span class='ocrx_word' id='word_1_307' title='bbox 1064 2451 1159 2503; x_wconf 89' lang='lat' dir='ltr'><strong>sed</strong></span> <span class='ocrx_word' id='word_1_308' title='bbox 1192 2466 1287 2503; x_wconf 90' lang='lat' dir='ltr'><strong>cor</strong></span> <span class='ocrx_word' id='word_1_309' title='bbox 1319 2450 1510 2519; x_wconf 87' lang='lat' dir='ltr'><strong>spiritu</strong></span> <span class='ocrx_word' id='word_1_310' title='bbox 1539 2452 1642 2504; x_wconf 92' lang='lat' dir='ltr'><strong>cir-</strong></span> 
     </span>
    </p>
   </div>
   <div class='ocr_carea' id='block_1_42' title="bbox 126 2537 1641 2608">
    <p class='ocr_par' dir='ltr' id='par_1_42' title="bbox 126 2537 1641 2608">
     <span class='ocr_line' id='line_1_42' title="bbox 126 2537 1641 2608; baseline 0.004 -21"><span class='ocrx_word' id='word_1_311' title='bbox 126 2537 401 2599; x_wconf 83' lang='lat' dir='ltr'><strong>cumcidunt,</strong></span> <span class='ocrx_word' id='word_1_312' title='bbox 436 2537 745 2593; x_wconf 78' lang='lat' dir='ltr'><strong>auferentes</strong></span> <span class='ocrx_word' id='word_1_313' title='bbox 772 2553 927 2593; x_wconf 92' lang='lat' dir='ltr'><strong>omne</strong></span> <span class='ocrx_word' id='word_1_314' title='bbox 955 2538 1070 2605; x_wconf 84' lang='lat' dir='ltr'><strong>ejus</strong></span> <span class='ocrx_word' id='word_1_315' title='bbox 1094 2538 1444 2608; x_wconf 82' lang='lat' dir='ltr'><strong>superﬂuum,</strong></span> <span class='ocrx_word' id='word_1_316' title='bbox 1501 2541 1641 2607; x_wconf 92' lang='lat' dir='ltr'><strong>quod</strong></span> 
     </span>
    </p>
   </div>
   <div class='ocr_carea' id='block_1_43' title="bbox 124 2627 1641 2700">
    <p class='ocr_par' dir='ltr' id='par_1_43' title="bbox 124 2627 1641 2700">
     <span class='ocr_line' id='line_1_43' title="bbox 124 2627 1641 2700; baseline 0.003 -22"><span class='ocrx_word' id='word_1_317' title='bbox 124 2627 399 2692; x_wconf 77' lang='lat' dir='ltr'><strong>generationi</strong></span> <span class='ocrx_word' id='word_1_318' title='bbox 425 2630 728 2695; x_wconf 79' lang='lat' dir='ltr'><strong>proximum</strong></span> <span class='ocrx_word' id='word_1_319' title='bbox 760 2638 862 2692; x_wconf 88' lang='lat' dir='ltr'><strong>est,</strong></span> <span class='ocrx_word' id='word_1_320' title='bbox 914 2638 968 2682; x_wconf 90' lang='lat' dir='ltr'><strong>et</strong></span> <span class='ocrx_word' id='word_1_321' title='bbox 1010 2630 1263 2691; x_wconf 89' lang='lat' dir='ltr'><strong>amicum,</strong></span> <span class='ocrx_word' id='word_1_322' title='bbox 1296 2629 1347 2683; x_wconf 92' lang='lat' dir='ltr'><strong>hi</strong></span> <span class='ocrx_word' id='word_1_323' title='bbox 1376 2645 1502 2683; x_wconf 84' lang='lat' dir='ltr'><strong>vere</strong></span> <span class='ocrx_word' id='word_1_324' title='bbox 1528 2630 1641 2700; x_wconf 77' lang='lat'><strong>(55)</strong></span> 
     </span>
    </p>
   </div>
   <div class='ocr_carea' id='block_1_44' title="bbox 124 2718 1641 2789">
    <p class='ocr_par' dir='ltr' id='par_1_44' title="bbox 124 2718 1641 2789">
     <span class='ocr_line' id='line_1_44' title="bbox 124 2718 1641 2789; baseline 0.007 -22"><span class='ocrx_word' id='word_1_325' title='bbox 124 2718 273 2782; x_wconf 65' lang='lat' dir='ltr'><strong>spiritu</strong></span> <span class='ocrx_word' id='word_1_326' title='bbox 327 2720 627 2774; x_wconf 79' lang='lat' dir='ltr'><strong>circumcisi</strong></span> <span class='ocrx_word' id='word_1_327' title='bbox 673 2730 816 2784; x_wconf 91' lang='lat' dir='ltr'><strong>sunt,</strong></span> <span class='ocrx_word' id='word_1_328' title='bbox 876 2722 926 2774; x_wconf 92' lang='lat' dir='ltr'><strong>in</strong></span> <span class='ocrx_word' id='word_1_329' title='bbox 972 2722 1183 2776; x_wconf 87' lang='lat' dir='ltr'><strong>occulto</strong></span> <span class='ocrx_word' id='word_1_330' title='bbox 1222 2721 1413 2789; x_wconf 60' lang='lat' dir='ltr'><strong>Judaei,</strong></span> <span class='ocrx_word' id='word_1_331' title='bbox 1448 2733 1503 2778; x_wconf 90' lang='lat' dir='ltr'><strong>et</strong></span> <span class='ocrx_word' id='word_1_332' title='bbox 1528 2724 1641 2777; x_wconf 88' lang='lat' dir='ltr'><strong>veri</strong></span> 
     </span>
    </p>
   </div>
   <div class='ocr_carea' id='block_1_45' title="bbox 124 2807 1642 2883">
    <p class='ocr_par' dir='ltr' id='par_1_45' title="bbox 124 2807 1642 2883">
     <span class='ocr_line' id='line_1_45' title="bbox 124 2807 1642 2883; baseline 0.003 -22"><span class='ocrx_word' id='word_1_333' title='bbox 124 2807 424 2877; x_wconf 78' lang='lat' dir='ltr'><strong>lsraelitte,in</strong></span> <span class='ocrx_word' id='word_1_334' title='bbox 456 2814 655 2883; x_wconf 88' lang='lat' dir='ltr'><strong>quibus</strong></span> <span class='ocrx_word' id='word_1_335' title='bbox 709 2830 813 2866; x_wconf 89' lang='lat' dir='ltr'><strong>non</strong></span> <span class='ocrx_word' id='word_1_336' title='bbox 860 2824 941 2867; x_wconf 90' lang='lat' dir='ltr'><strong>est</strong></span> <span class='ocrx_word' id='word_1_337' title='bbox 993 2814 1167 2867; x_wconf 87' lang='lat' dir='ltr'><strong>dolus.</strong></span> <span class='ocrx_word' id='word_1_338' title='bbox 1222 2816 1319 2880; x_wconf 84' lang='lat' dir='ltr'><strong>Qui</strong></span> <span class='ocrx_word' id='word_1_339' title='bbox 1369 2824 1642 2869; x_wconf 88' lang='lat' dir='ltr'><strong>transcen-</strong></span> 
     </span>
    </p>
   </div>
   <div class='ocr_carea' id='block_1_46' title="bbox 124 2903 1639 2974">
    <p class='ocr_par' dir='ltr' id='par_1_46' title="bbox 124 2903 1639 2974">
     <span class='ocr_line' id='line_1_46' title="bbox 124 2903 1639 2974; baseline 0.004 -21"><span class='ocrx_word' id='word_1_340' title='bbox 124 2903 269 2956; x_wconf 83' lang='lat' dir='ltr'><strong>dentes</strong></span> <span class='ocrx_word' id='word_1_341' title='bbox 294 2904 502 2957; x_wconf 84' lang='lat' dir='ltr'><strong>umbras</strong></span> <span class='ocrx_word' id='word_1_342' title='bbox 541 2914 597 2958; x_wconf 89' lang='lat' dir='ltr'><strong>et</strong></span> <span class='ocrx_word' id='word_1_343' title='bbox 628 2906 887 2974; x_wconf 82' lang='lat' dir='ltr'><strong>imagines</strong></span> <span class='ocrx_word' id='word_1_344' title='bbox 914 2904 1122 2960; x_wconf 82' lang='lat' dir='ltr'><strong>Veteris</strong></span> <span class='ocrx_word' id='word_1_345' title='bbox 1153 2905 1504 2973; x_wconf 86' lang='lat' dir='ltr'><strong>Testamenti,</strong></span> <span class='ocrx_word' id='word_1_346' title='bbox 1528 2906 1639 2961; x_wconf 89' lang='lat' dir='ltr'><strong>cul-</strong></span> 
     </span>
    </p>
   </div>
   <div class='ocr_carea' id='block_1_47' title="bbox 122 2994 1635 3065">
    <p class='ocr_par' dir='ltr' id='par_1_47' title="bbox 122 2994 1635 3065">
     <span class='ocr_line' id='line_1_47' title="bbox 122 2994 1635 3065; baseline 0.004 -22"><span class='ocrx_word' id='word_1_347' title='bbox 122 3001 233 3044; x_wconf 59' lang='lat' dir='ltr'><strong>toris</strong></span> <span class='ocrx_word' id='word_1_348' title='bbox 255 2994 353 3046; x_wconf 81' lang='lat' dir='ltr'><strong>veri</strong></span> <span class='ocrx_word' id='word_1_349' title='bbox 391 2996 625 3048; x_wconf 85' lang='lat' dir='ltr'><strong>adorant</strong></span> <span class='ocrx_word' id='word_1_350' title='bbox 658 2994 876 3049; x_wconf 83' lang='lat' dir='ltr'><strong>Patrem</strong></span> <span class='ocrx_word' id='word_1_351' title='bbox 912 2997 964 3049; x_wconf 91' lang='lat' dir='ltr'><strong>in</strong></span> <span class='ocrx_word' id='word_1_352' title='bbox 989 2996 1175 3065; x_wconf 91' lang='lat' dir='ltr'><strong>spiritu</strong></span> <span class='ocrx_word' id='word_1_353' title='bbox 1227 3006 1281 3049; x_wconf 90' lang='lat' dir='ltr'><strong>et</strong></span> <span class='ocrx_word' id='word_1_354' title='bbox 1314 2996 1535 3050; x_wconf 90' lang='lat' dir='ltr'><strong>veritate</strong></span> <span class='ocrx_word' id='word_1_355' title='bbox 1554 2996 1635 3049; x_wconf 68' lang='grc' dir='ltr'><strong>ἠς</strong></span> 
     </span>
    </p>
   </div>
   <div class='ocr_carea' id='block_1_48' title="bbox 122 3082 1639 3157">
    <p class='ocr_par' dir='ltr' id='par_1_48' title="bbox 122 3082 1639 3157">
     <span class='ocr_line' id='line_1_48' title="bbox 122 3082 1639 3157; baseline 0.007 -24"><span class='ocrx_word' id='word_1_356' title='bbox 122 3082 161 3134; x_wconf 91' lang='lat' dir='ltr'><strong>in</strong></span> <span class='ocrx_word' id='word_1_357' title='bbox 184 3085 369 3151; x_wconf 80' lang='lat' dir='ltr'><strong>Spiritu,</strong></span> <span class='ocrx_word' id='word_1_358' title='bbox 403 3088 525 3153; x_wconf 87' lang='lat' dir='ltr'><strong>quia</strong></span> <span class='ocrx_word' id='word_1_359' title='bbox 555 3089 857 3157; x_wconf 83' lang='lat' dir='ltr'><strong>corporalia</strong></span> <span class='ocrx_word' id='word_1_360' title='bbox 900 3100 954 3142; x_wconf 90' lang='lat' dir='ltr'><strong>et</strong></span> <span class='ocrx_word' id='word_1_361' title='bbox 1018 3089 1239 3142; x_wconf 86' lang='lat' dir='ltr'><strong>humilia</strong></span> <span class='ocrx_word' id='word_1_362' title='bbox 1292 3091 1639 3145; x_wconf 87' lang='lat' dir='ltr'><strong>transcende-</strong></span> 
     </span>
    </p>
   </div>
   <div class='ocr_carea' id='block_1_49' title="bbox 122 3176 1637 3251">
    <p class='ocr_par' dir='ltr' id='par_1_49' title="bbox 122 3176 1637 3251">
     <span class='ocr_line' id='line_1_49' title="bbox 122 3176 1637 3251; baseline 0.004 -25"><span class='ocrx_word' id='word_1_363' title='bbox 122 3189 239 3241; x_wconf 89' lang='lat' dir='ltr'><strong>runt;</strong></span> <span class='ocrx_word' id='word_1_364' title='bbox 266 3176 314 3229; x_wconf 90' lang='lat' dir='ltr'><strong>in</strong></span> <span class='ocrx_word' id='word_1_365' title='bbox 335 3180 582 3242; x_wconf 86' lang='lat' dir='ltr'><strong>veritate,</strong></span> <span class='ocrx_word' id='word_1_366' title='bbox 612 3181 735 3249; x_wconf 85' lang='lat' dir='ltr'><strong>quia</strong></span> <span class='ocrx_word' id='word_1_367' title='bbox 772 3192 947 3251; x_wconf 79' lang='lat' dir='ltr'><strong>typos.</strong></span> <span class='ocrx_word' id='word_1_368' title='bbox 985 3190 1038 3234; x_wconf 90' lang='lat' dir='ltr'><strong>et</strong></span> <span class='ocrx_word' id='word_1_369' title='bbox 1065 3182 1301 3245; x_wconf 89' lang='lat' dir='ltr'><strong>umbras,</strong></span> <span class='ocrx_word' id='word_1_370' title='bbox 1345 3191 1400 3234; x_wconf 92' lang='lat' dir='ltr'><strong>et</strong></span> <span class='ocrx_word' id='word_1_371' title='bbox 1452 3196 1637 3235; x_wconf 61' lang='lat' dir='ltr'><strong>exem-</strong></span> 
     </span>
    </p>
   </div>
   <div class='ocr_carea' id='block_1_50' title="bbox 120 3267 1639 3339">
    <p class='ocr_par' dir='ltr' id='par_1_50' title="bbox 120 3267 1639 3339">
     <span class='ocr_line' id='line_1_50' title="bbox 120 3267 1639 3339; baseline 0.005 -22"><span class='ocrx_word' id='word_1_372' title='bbox 120 3267 248 3331; x_wconf 90' lang='lat' dir='ltr'><strong>plaria</strong></span> <span class='ocrx_word' id='word_1_373' title='bbox 276 3268 648 3339; x_wconf 83' lang='lat' dir='ltr'><strong>relinquentes,</strong></span> <span class='ocrx_word' id='word_1_374' title='bbox 683 3273 748 3325; x_wconf 89' lang='lat' dir='ltr'><strong>ad</strong></span> <span class='ocrx_word' id='word_1_375' title='bbox 804 3274 968 3339; x_wconf 87' lang='lat' dir='ltr'><strong>ipsius</strong></span> <span class='ocrx_word' id='word_1_376' title='bbox 1015 3272 1258 3326; x_wconf 89' lang='lat' dir='ltr'><strong>veritatis</strong></span> <span class='ocrx_word' id='word_1_377' title='bbox 1288 3286 1481 3326; x_wconf 89' lang='lat' dir='ltr'><strong>venere</strong></span> <span class='ocrx_word' id='word_1_378' title='bbox 1510 3273 1639 3325; x_wconf 88' lang='lat' dir='ltr'><strong>sub-</strong></span> 
     </span>
    </p>
   </div>
   <div class='ocr_carea' id='block_1_51' title="bbox 119 3359 1639 3432">
    <p class='ocr_par' dir='ltr' id='par_1_51' title="bbox 119 3359 1639 3432">
     <span class='ocr_line' id='line_1_51' title="bbox 119 3359 1639 3432; baseline 0.005 -23"><span class='ocrx_word' id='word_1_379' title='bbox 119 3359 683 3425; x_wconf 82' lang='lat' dir='ltr'><strong>stantiam;et,utjam</strong></span> <span class='ocrx_word' id='word_1_380' title='bbox 738 3363 994 3425; x_wconf 75' lang='lat' dir='ltr'><strong>diximus,</strong></span> <span class='ocrx_word' id='word_1_381' title='bbox 1052 3363 1237 3417; x_wconf 90' lang='lat' dir='ltr'><strong>humili</strong></span> <span class='ocrx_word' id='word_1_382' title='bbox 1288 3373 1342 3417; x_wconf 92' lang='lat' dir='ltr'><strong>et</strong></span> <span class='ocrx_word' id='word_1_383' title='bbox 1381 3379 1639 3432; x_wconf 86' lang='lat' dir='ltr'><strong>corporea</strong></span> 
     </span>
    </p>
   </div>
   <div class='ocr_carea' id='block_1_52' title="bbox 119 3436 1638 3517">
    <p class='ocr_par' dir='ltr' id='par_1_52' title="bbox 119 3436 1638 3517">
     <span class='ocr_line' id='line_1_52' title="bbox 119 3436 1638 3517; baseline 0.005 -25"><span class='ocrx_word' id='word_1_384' title='bbox 119 3436 353 3497; x_wconf 72' lang='lat' dir='ltr'><strong>verborum</strong></span> <span class='ocrx_word' id='word_1_385' title='bbox 408 3446 758 3515; x_wconf 87' lang='lat' dir='ltr'><strong>simplicitate</strong></span> <span class='ocrx_word' id='word_1_386' title='bbox 801 3458 1129 3516; x_wconf 89' lang='lat' dir='ltr'><strong>contempta,</strong></span> <span class='ocrx_word' id='word_1_387' title='bbox 1189 3449 1256 3501; x_wconf 87' lang='lat' dir='ltr'><strong>ad</strong></span> <span class='ocrx_word' id='word_1_388' title='bbox 1305 3447 1638 3517; x_wconf 88' lang='lat' dir='ltr'><strong>spiritualetu</strong></span> 
     </span>
    </p>
   </div>
   <div class='ocr_carea' id='block_1_53' title="bbox 118 3532 897 3608">
    <p class='ocr_par' dir='ltr' id='par_1_53' title="bbox 118 3532 897 3608">
     <span class='ocr_line' id='line_1_53' title="bbox 118 3532 897 3608; baseline 0.01 -23"><span class='ocrx_word' id='word_1_389' title='bbox 118 3532 219 3601; x_wconf 75' lang='lat' dir='ltr'><strong>legis</strong></span> <span class='ocrx_word' id='word_1_390' title='bbox 244 3537 475 3591; x_wconf 89' lang='lat' dir='ltr'><strong>notitiam</strong></span> <span class='ocrx_word' id='word_1_391' title='bbox 511 3549 897 3608; x_wconf 86' lang='lat' dir='ltr'><strong>pervenerunt.</strong></span> 
     </span>
    </p>
   </div>
   <div class='ocr_carea' id='block_1_54' title="bbox 169 3625 1642 3701">
    <p class='ocr_par' dir='ltr' id='par_1_54' title="bbox 169 3625 1642 3701">
     <span class='ocr_line' id='line_1_54' title="bbox 169 3625 1642 3701; baseline 0.004 -22"><span class='ocrx_word' id='word_1_392' title='bbox 169 3625 241 3680; x_wconf 79' lang='lat'><strong>58.</strong></span> <span class='ocrx_word' id='word_1_393' title='bbox 268 3626 381 3682; x_wconf 71' lang='lat' dir='ltr'><strong>llaec</strong></span> <span class='ocrx_word' id='word_1_394' title='bbox 411 3629 632 3684; x_wconf 87' lang='lat' dir='ltr'><strong>interim</strong></span> <span class='ocrx_word' id='word_1_395' title='bbox 660 3630 814 3698; x_wconf 82' lang='lat' dir='ltr'><strong>juxta</strong></span> <span class='ocrx_word' id='word_1_396' title='bbox 870 3631 1280 3701; x_wconf 82' lang='lat' dir='ltr'><strong>possibilitatem</strong></span> <span class='ocrx_word' id='word_1_397' title='bbox 1311 3632 1506 3700; x_wconf 86' lang='lat' dir='ltr'><strong>ingenii</strong></span> <span class='ocrx_word' id='word_1_398' title='bbox 1543 3647 1642 3686; x_wconf 88' lang='lat' dir='ltr'><strong>no-</strong></span> 
     </span>
    </p>
   </div>
   <div class='ocr_carea' id='block_1_55' title="bbox 119 3716 1641 3791">
    <p class='ocr_par' dir='ltr' id='par_1_55' title="bbox 119 3716 1641 3791">
     <span class='ocr_line' id='line_1_55' title="bbox 119 3716 1641 3791; baseline 0.005 -24"><span class='ocrx_word' id='word_1_399' title='bbox 119 3716 188 3769; x_wconf 86' lang='lat' dir='ltr'><strong>stri</strong></span> <span class='ocrx_word' id='word_1_400' title='bbox 223 3729 339 3786; x_wconf 90' lang='lat' dir='ltr'><strong>quot</strong></span> <span class='ocrx_word' id='word_1_401' title='bbox 385 3734 471 3774; x_wconf 90' lang='lat' dir='ltr'><strong>res</strong></span> <span class='ocrx_word' id='word_1_402' title='bbox 520 3720 746 3789; x_wconf 90' lang='lat' dir='ltr'><strong>spiritus</strong></span> <span class='ocrx_word' id='word_1_403' title='bbox 783 3721 1147 3791; x_wconf 87' lang='lat' dir='ltr'><strong>signiﬁcaret,</strong></span> <span class='ocrx_word' id='word_1_404' title='bbox 1186 3722 1459 3789; x_wconf 83' lang='lat' dir='ltr'><strong>attigimus</strong></span> <span class='ocrx_word' id='word_1_405' title='bbox 1488 3759 1504 3783; x_wconf 87' lang='lat'><strong>,</strong></span> <span class='ocrx_word' id='word_1_406' title='bbox 1542 3735 1641 3775; x_wconf 87' lang='lat' dir='ltr'><strong>suo</strong></span> 
     </span>
    </p>
   </div>
   <div class='ocr_carea' id='block_1_56' title="bbox 121 3810 1642 3882">
    <p class='ocr_par' dir='ltr' id='par_1_56' title="bbox 121 3810 1642 3882">
     <span class='ocr_line' id='line_1_56' title="bbox 121 3810 1642 3882; baseline 0.007 -25"><span class='ocrx_word' id='word_1_407' title='bbox 121 3818 312 3874; x_wconf 74' lang='lat' dir='ltr'><strong>tempore</strong></span> <span class='ocrx_word' id='word_1_408' title='bbox 338 3811 463 3877; x_wconf 89' lang='lat' dir='ltr'><strong>quid</strong></span> <span class='ocrx_word' id='word_1_409' title='bbox 520 3811 939 3880; x_wconf 83' lang='lat' dir='ltr'><strong>unumquodque</strong></span> <span class='ocrx_word' id='word_1_410' title='bbox 967 3810 1254 3882; x_wconf 80' lang='lat' dir='ltr'><strong>signiﬁcet,</strong></span> <span class='ocrx_word' id='word_1_411' title='bbox 1300 3811 1344 3865; x_wconf 89' lang='lat' dir='ltr'><strong>si</strong></span> <span class='ocrx_word' id='word_1_412' title='bbox 1393 3811 1642 3867; x_wconf 85' lang='lat' dir='ltr'><strong>Christus</strong></span> 
     </span>
    </p>
   </div>
   <div class='ocr_carea' id='block_1_57' title="bbox 121 3898 1639 3973">
    <p class='ocr_par' dir='ltr' id='par_1_57' title="bbox 121 3898 1639 3973">
     <span class='ocr_line' id='line_1_57' title="bbox 121 3898 1639 3973; baseline 0.008 -24"><span class='ocrx_word' id='word_1_413' title='bbox 121 3898 337 3964; x_wconf 86' lang='lat' dir='ltr'><strong>tribuerit,</strong></span> <span class='ocrx_word' id='word_1_414' title='bbox 372 3902 679 3957; x_wconf 88' lang='lat' dir='ltr'><strong>disserturi.</strong></span> <span class='ocrx_word' id='word_1_415' title='bbox 707 3900 1098 3973; x_wconf 84' lang='lat' dir='ltr'><strong>Nonnunquam</strong></span> <span class='ocrx_word' id='word_1_416' title='bbox 1145 3912 1325 3958; x_wconf 88' lang='lat' dir='ltr'><strong>autem</strong></span> <span class='ocrx_word' id='word_1_417' title='bbox 1384 3903 1639 3973; x_wconf 80' lang='lat' dir='ltr'><strong>Spiritus,</strong></span> 
     </span>
    </p>
   </div>
   <div class='ocr_carea' id='block_1_58' title="bbox 118 3990 1642 4059">
    <p class='ocr_par' dir='ltr' id='par_1_58' title="bbox 118 3990 1642 4059">
     <span class='ocr_line' id='line_1_58' title="bbox 118 3990 1642 4059; baseline 0.007 -19"><span class='ocrx_word' id='word_1_418' title='bbox 118 3997 156 4039; x_wconf 80' lang='lat' dir='ltr'><strong>ct</strong></span> <span class='ocrx_word' id='word_1_419' title='bbox 185 3990 411 4046; x_wconf 88' lang='lat' dir='ltr'><strong>Dominus</strong></span> <span class='ocrx_word' id='word_1_420' title='bbox 442 4002 634 4048; x_wconf 84' lang='lat' dir='ltr'><strong>noster</strong></span> <span class='ocrx_word' id='word_1_421' title='bbox 662 3991 819 4050; x_wconf 83' lang='lat' dir='ltr'><strong>Jesus</strong></span> <span class='ocrx_word' id='word_1_422' title='bbox 847 3993 1115 4058; x_wconf 86' lang='lat' dir='ltr'><strong>Christus,</strong></span> <span class='ocrx_word' id='word_1_423' title='bbox 1149 3995 1199 4048; x_wconf 89' lang='lat' dir='ltr'><strong>id</strong></span> <span class='ocrx_word' id='word_1_424' title='bbox 1227 4004 1332 4059; x_wconf 86' lang='lat' dir='ltr'><strong>est,</strong></span> <span class='ocrx_word' id='word_1_425' title='bbox 1361 3994 1451 4051; x_wconf 88' lang='lat' dir='ltr'><strong>Dei</strong></span> <span class='ocrx_word' id='word_1_426' title='bbox 1472 3995 1642 4051; x_wconf 90' lang='lat' dir='ltr'><strong>Filius</strong></span> 
     </span>
    </p>
   </div>
   <div class='ocr_carea' id='block_1_59' title="bbox 120 4082 1643 4156">
    <p class='ocr_par' dir='ltr' id='par_1_59' title="bbox 120 4082 1643 4156">
     <span class='ocr_line' id='line_1_59' title="bbox 120 4082 1643 4156; baseline 0.007 -26"><span class='ocrx_word' id='word_1_427' title='bbox 120 4082 382 4149; x_wconf 75' lang='lat' dir='ltr'><strong>appellatur.</strong></span> <span class='ocrx_word' id='word_1_428' title='bbox 422 4104 440 4136; x_wconf 78' lang='lat' dir='ltr'><strong>r</strong></span> <span class='ocrx_word' id='word_1_429' title='bbox 465 4084 742 4155; x_wconf 83' lang='lat' dir='ltr'><strong>Benignus</strong></span> <span class='ocrx_word' id='word_1_430' title='bbox 771 4087 1034 4155; x_wconf 86' lang='lat' dir='ltr'><strong>siquidem</strong></span> <span class='ocrx_word' id='word_1_431' title='bbox 1065 4099 1147 4141; x_wconf 87' lang='lat' dir='ltr'><strong>est</strong></span> <span class='ocrx_word' id='word_1_432' title='bbox 1166 4087 1401 4155; x_wconf 87' lang='lat' dir='ltr'><strong>Spiritus</strong></span> <span class='ocrx_word' id='word_1_433' title='bbox 1430 4089 1643 4156; x_wconf 90' lang='lat' dir='ltr'><strong>sapien-</strong></span> 
     </span>
    </p>
   </div>
   <div class='ocr_carea' id='block_1_60' title="bbox 120 4174 1641 4249">
    <p class='ocr_par' dir='ltr' id='par_1_60' title="bbox 120 4174 1641 4249">
     <span class='ocr_line' id='line_1_60' title="bbox 120 4174 1641 4249; baseline 0.005 -23"><span class='ocrx_word' id='word_1_434' title='bbox 120 4174 183 4226; x_wconf 72' lang='lat' dir='ltr'><strong>tiae</strong></span> <span class='ocrx_word' id='word_1_435' title='bbox 202 4176 254 4228; x_wconf 74' lang='lat'><strong>“.</strong></span> <span class='ocrx_word' id='word_1_436' title='bbox 281 4176 380 4230; x_wconf 75' lang='lat' dir='ltr'><strong>iEt</strong></span> <span class='ocrx_word' id='word_1_437' title='bbox 408 4179 461 4231; x_wconf 92' lang='lat' dir='ltr'><strong>in</strong></span> <span class='ocrx_word' id='word_1_438' title='bbox 500 4177 608 4234; x_wconf 85' lang='lat' dir='ltr'><strong>alio</strong></span> <span class='ocrx_word' id='word_1_439' title='bbox 645 4180 801 4233; x_wconf 91' lang='lat' dir='ltr'><strong>Ioco:</strong></span> <span class='ocrx_word' id='word_1_440' title='bbox 837 4197 856 4229; x_wconf 84' lang='grc'><strong>‹</strong></span> <span class='ocrx_word' id='word_1_441' title='bbox 890 4178 1147 4234; x_wconf 88' lang='lat' dir='ltr'><strong>Dominus</strong></span> <span class='ocrx_word' id='word_1_442' title='bbox 1199 4188 1375 4234; x_wconf 88' lang='lat' dir='ltr'><strong>autem</strong></span> <span class='ocrx_word' id='word_1_443' title='bbox 1407 4179 1641 4249; x_wconf 92' lang='lat' dir='ltr'><strong>Spiritus</strong></span> 
     </span>
    </p>
   </div>
   <div class='ocr_carea' id='block_1_61' title="bbox 119 4261 1643 4336">
    <p class='ocr_par' dir='ltr' id='par_1_61' title="bbox 119 4261 1643 4336">
     <span class='ocr_line' id='line_1_61' title="bbox 119 4261 1643 4336; baseline 0.009 -25"><span class='ocrx_word' id='word_1_444' title='bbox 119 4269 180 4312; x_wconf 83' lang='lat' dir='ltr'><strong>est</strong></span> <span class='ocrx_word' id='word_1_445' title='bbox 201 4261 262 4326; x_wconf 73' lang='lat'><strong>“,</strong></span> <span class='ocrx_word' id='word_1_446' title='bbox 285 4283 302 4316; x_wconf 80' lang='grc' dir='ltr'><strong>ι</strong></span> <span class='ocrx_word' id='word_1_447' title='bbox 336 4274 390 4317; x_wconf 81' lang='grc' dir='ltr'><strong>ιιι</strong></span> <span class='ocrx_word' id='word_1_448' title='bbox 446 4276 577 4321; x_wconf 87' lang='lat' dir='ltr'><strong>ante</strong></span> <span class='ocrx_word' id='word_1_449' title='bbox 628 4267 862 4321; x_wconf 79' lang='lat' dir='ltr'><strong>diximus</strong></span> <span class='ocrx_word' id='word_1_450' title='bbox 883 4309 899 4333; x_wconf 94' lang='lat'><strong>,</strong></span> <span class='ocrx_word' id='word_1_451' title='bbox 925 4268 1011 4322; x_wconf 90' lang='lat' dir='ltr'><strong>ubi</strong></span> <span class='ocrx_word' id='word_1_452' title='bbox 1047 4269 1209 4322; x_wconf 90' lang='lat' dir='ltr'><strong>etiam</strong></span> <span class='ocrx_word' id='word_1_453' title='bbox 1240 4269 1365 4323; x_wconf 91' lang='lat' dir='ltr'><strong>illud</strong></span> <span class='ocrx_word' id='word_1_454' title='bbox 1394 4269 1643 4336; x_wconf 77' lang='lat' dir='ltr'><strong>adjunxi-</strong></span> 
     </span>
    </p>
   </div>
   <div class='ocr_carea' id='block_1_62' title="bbox 120 4356 1644 4428">
    <p class='ocr_par' dir='ltr' id='par_1_62' title="bbox 120 4356 1644 4428">
     <span class='ocr_line' id='line_1_62' title="bbox 120 4356 1644 4428; baseline 0.01 -28"><span class='ocrx_word' id='word_1_455' title='bbox 120 4368 258 4417; x_wconf 76' lang='lat' dir='ltr'><strong>lﬁllS,t</strong></span> <span class='ocrx_word' id='word_1_456' title='bbox 280 4356 509 4425; x_wconf 90' lang='lat' dir='ltr'><strong>Spiritus</strong></span> <span class='ocrx_word' id='word_1_457' title='bbox 540 4358 683 4413; x_wconf 86' lang='lat' dir='ltr'><strong>Deus</strong></span> <span class='ocrx_word' id='word_1_458' title='bbox 706 4369 789 4413; x_wconf 90' lang='lat' dir='ltr'><strong>est</strong></span> <span class='ocrx_word' id='word_1_459' title='bbox 817 4359 920 4419; x_wconf 72' lang='grc'><strong>⁵⁵.»</strong></span> <span class='ocrx_word' id='word_1_460' title='bbox 950 4374 1053 4414; x_wconf 85' lang='grc' dir='ltr'>ιιοιι</span> <span class='ocrx_word' id='word_1_461' title='bbox 1077 4358 1229 4428; x_wconf 83' lang='lat' dir='ltr'><strong>juxta</strong></span> <span class='ocrx_word' id='word_1_462' title='bbox 1259 4361 1489 4415; x_wconf 89' lang='lat' dir='ltr'><strong>nominis</strong></span> <span class='ocrx_word' id='word_1_463' title='bbox 1522 4370 1644 4415; x_wconf 87' lang='lat' dir='ltr'><strong>tan—</strong></span> 
     </span>
    </p>
   </div>
   <div class='ocr_carea' id='block_1_63' title="bbox 1747 1897 3317 1953">
    <p class='ocr_par' dir='ltr' id='par_1_63' title="bbox 1747 1897 3317 1953">
     <span class='ocr_line' id='line_1_63' title="bbox 1747 1897 3317 1953; baseline -0.002 -2"><span class='ocrx_word' id='word_1_464' title='bbox 1747 1908 1856 1951; x_wconf 58' lang='lat' dir='ltr'><strong>tum</strong></span> <span class='ocrx_word' id='word_1_465' title='bbox 1899 1909 2073 1953; x_wconf 82' lang='lat' dir='ltr'><strong>senet.</strong></span> <span class='ocrx_word' id='word_1_466' title='bbox 2108 1899 2327 1952; x_wconf 87' lang='lat' dir='ltr'><strong>Necnon</strong></span> <span class='ocrx_word' id='word_1_467' title='bbox 2360 1899 2410 1951; x_wconf 91' lang='lat' dir='ltr'><strong>in</strong></span> <span class='ocrx_word' id='word_1_468' title='bbox 2442 1897 2709 1952; x_wconf 86' lang='lat' dir='ltr'><strong>Zacharia</strong></span> <span class='ocrx_word' id='word_1_469' title='bbox 2767 1898 3046 1952; x_wconf 85' lang='lat' dir='ltr'><strong>audientes</strong></span> <span class='ocrx_word' id='word_1_470' title='bbox 3083 1898 3317 1951; x_wconf 88' lang='lat' dir='ltr'><strong>locutum</strong></span> 
     </span>
    </p>
   </div>
   <div class='ocr_carea' id='block_1_64' title="bbox 1746 1990 3316 2061">
    <p class='ocr_par' dir='ltr' id='par_1_64' title="bbox 1746 1990 3316 2061">
     <span class='ocr_line' id='line_1_64' title="bbox 1746 1990 3316 2061; baseline -0.001 -16"><span class='ocrx_word' id='word_1_471' title='bbox 1746 1991 2048 2057; x_wconf 87' lang='lat' dir='ltr'><strong>Dominum,</strong></span> <span class='ocrx_word' id='word_1_472' title='bbox 2080 1994 2219 2061; x_wconf 90' lang='lat' dir='ltr'><strong>quod</strong></span> <span class='ocrx_word' id='word_1_473' title='bbox 2248 1994 2358 2061; x_wconf 89' lang='lat' dir='ltr'><strong>ipse</strong></span> <span class='ocrx_word' id='word_1_474' title='bbox 2388 1994 2462 2046; x_wconf 87' lang='lat' dir='ltr'><strong>sit</strong></span> <span class='ocrx_word' id='word_1_475' title='bbox 2494 1993 2583 2060; x_wconf 87' lang='lat' dir='ltr'><strong>qui</strong></span> <span class='ocrx_word' id='word_1_476' title='bbox 2623 2002 2771 2045; x_wconf 90' lang='lat' dir='ltr'><strong>creat</strong></span> <span class='ocrx_word' id='word_1_477' title='bbox 2803 1990 3046 2059; x_wconf 84' lang='lat' dir='ltr'><strong>spiritum</strong></span> <span class='ocrx_word' id='word_1_478' title='bbox 3079 1990 3316 2044; x_wconf 85' lang='lat' dir='ltr'><strong>hominis</strong></span> 
     </span>
    </p>
   </div>
   <div class='ocr_carea' id='block_1_65' title="bbox 1743 2081 3317 2151">
    <p class='ocr_par' dir='ltr' id='par_1_65' title="bbox 1743 2081 3317 2151">
     <span class='ocr_line' id='line_1_65' title="bbox 1743 2081 3317 2151; baseline 0 -16"><span class='ocrx_word' id='word_1_479' title='bbox 1743 2083 1795 2135; x_wconf 92' lang='lat' dir='ltr'><strong>in</strong></span> <span class='ocrx_word' id='word_1_480' title='bbox 1830 2098 1894 2136; x_wconf 91' lang='lat' dir='ltr'><strong>eo</strong></span> <span class='ocrx_word' id='word_1_481' title='bbox 1933 2084 2470 2148; x_wconf 76' lang='lat' dir='ltr'><strong>‘7,existitttaverunt</strong></span> <span class='ocrx_word' id='word_1_482' title='bbox 2510 2083 2767 2151; x_wconf 90' lang='lat' dir='ltr'><strong>Spiritum</strong></span> <span class='ocrx_word' id='word_1_483' title='bbox 2800 2093 3041 2136; x_wconf 86' lang='lat' dir='ltr'><strong>sanctum</strong></span> <span class='ocrx_word' id='word_1_484' title='bbox 3082 2081 3317 2135; x_wconf 90' lang='lat' dir='ltr'><strong>etiamin</strong></span> 
     </span>
    </p>
   </div>
   <div class='ocr_carea' id='block_1_66' title="bbox 1742 2173 3318 2244">
    <p class='ocr_par' dir='ltr' id='par_1_66' title="bbox 1742 2173 3318 2244">
     <span class='ocr_line' id='line_1_66' title="bbox 1742 2173 3318 2244; baseline -0.001 -17"><span class='ocrx_word' id='word_1_485' title='bbox 1742 2174 1840 2228; x_wconf 90' lang='lat' dir='ltr'><strong>hoc</strong></span> <span class='ocrx_word' id='word_1_486' title='bbox 1876 2176 2111 2243; x_wconf 90' lang='lat' dir='ltr'><strong>capitulo</strong></span> <span class='ocrx_word' id='word_1_487' title='bbox 2144 2175 2461 2244; x_wconf 80' lang='lat' dir='ltr'><strong>signiﬁcari,</strong></span> <span class='ocrx_word' id='word_1_488' title='bbox 2496 2190 2603 2228; x_wconf 89' lang='lat' dir='ltr'><strong>non</strong></span> <span class='ocrx_word' id='word_1_489' title='bbox 2668 2175 3153 2228; x_wconf 78' lang='lat' dir='ltr'><strong>animadvertentes</strong></span> <span class='ocrx_word' id='word_1_490' title='bbox 3176 2173 3318 2241; x_wconf 90' lang='lat' dir='ltr'><strong>quod</strong></span> 
     </span>
    </p>
   </div>
   <div class='ocr_carea' id='block_1_67' title="bbox 1742 2262 3317 2334">
    <p class='ocr_par' dir='ltr' id='par_1_67' title="bbox 1742 2262 3317 2334">
     <span class='ocr_line' id='line_1_67' title="bbox 1742 2262 3317 2334; baseline -0.001 -18"><span class='ocrx_word' id='word_1_491' title='bbox 1742 2265 1972 2317; x_wconf 88' lang='lat' dir='ltr'><strong>animam</strong></span> <span class='ocrx_word' id='word_1_492' title='bbox 2006 2265 2269 2330; x_wconf 86' lang='lat' dir='ltr'><strong>hominis,</strong></span> <span class='ocrx_word' id='word_1_493' title='bbox 2320 2274 2410 2319; x_wconf 89' lang='lat' dir='ltr'><strong>aut</strong></span> <span class='ocrx_word' id='word_1_494' title='bbox 2468 2265 2714 2334; x_wconf 85' lang='lat' dir='ltr'><strong>spiritum</strong></span> <span class='ocrx_word' id='word_1_495' title='bbox 2775 2271 2954 2333; x_wconf 79' lang='lat' dir='ltr'><strong>(quem</strong></span> <span class='ocrx_word' id='word_1_496' title='bbox 3020 2265 3232 2316; x_wconf 89' lang='lat' dir='ltr'><strong>tertium</strong></span> <span class='ocrx_word' id='word_1_497' title='bbox 3263 2262 3317 2316; x_wconf 93' lang='lat' dir='ltr'><strong>in</strong></span> 
     </span>
    </p>
   </div>
   <div class='ocr_carea' id='block_1_68' title="bbox 1742 2354 3317 2424">
    <p class='ocr_par' dir='ltr' id='par_1_68' title="bbox 1742 2354 3317 2424">
     <span class='ocr_line' id='line_1_68' title="bbox 1742 2354 3317 2424; baseline -0.001 -17"><span class='ocrx_word' id='word_1_498' title='bbox 1742 2355 1958 2409; x_wconf 89' lang='lat' dir='ltr'><strong>homine</strong></span> <span class='ocrx_word' id='word_1_499' title='bbox 1990 2370 2113 2409; x_wconf 90' lang='lat' dir='ltr'><strong>csse</strong></span> <span class='ocrx_word' id='word_1_500' title='bbox 2144 2354 2252 2423; x_wconf 90' lang='lat' dir='ltr'><strong>jam</strong></span> <span class='ocrx_word' id='word_1_501' title='bbox 2283 2357 2539 2423; x_wconf 82' lang='lat' dir='ltr'><strong>diximus)</strong></span> <span class='ocrx_word' id='word_1_502' title='bbox 2576 2354 2797 2424; x_wconf 88' lang='lat' dir='ltr'><strong>spiritus</strong></span> <span class='ocrx_word' id='word_1_503' title='bbox 2845 2354 3128 2423; x_wconf 84' lang='lat' dir='ltr'><strong>appellatio</strong></span> <span class='ocrx_word' id='word_1_504' title='bbox 3150 2354 3317 2422; x_wconf 81' lang='lat' dir='ltr'><strong>signi-</strong></span> 
     </span>
    </p>
   </div>
   <div class='ocr_carea' id='block_1_69' title="bbox 1745 2445 3317 2516">
    <p class='ocr_par' dir='ltr' id='par_1_69' title="bbox 1745 2445 3317 2516">
     <span class='ocr_line' id='line_1_69' title="bbox 1745 2445 3317 2516; baseline -0.003 -15"><span class='ocrx_word' id='word_1_505' title='bbox 1745 2448 1889 2501; x_wconf 81' lang='lat' dir='ltr'><strong>ﬁcet.</strong></span> <span class='ocrx_word' id='word_1_506' title='bbox 1940 2446 2079 2516; x_wconf 83' lang='lat' dir='ltr'><strong>Ergo</strong></span> <span class='ocrx_word' id='word_1_507' title='bbox 2111 2456 2169 2499; x_wconf 90' lang='lat' dir='ltr'><strong>ttt</strong></span> <span class='ocrx_word' id='word_1_508' title='bbox 2224 2448 2495 2515; x_wconf 73' lang='lat' dir='ltr'><strong>prtelocuti</strong></span> <span class='ocrx_word' id='word_1_509' title='bbox 2560 2462 2781 2509; x_wconf 90' lang='lat' dir='ltr'><strong>sumus,</strong></span> <span class='ocrx_word' id='word_1_510' title='bbox 2834 2445 3102 2513; x_wconf 88' lang='lat' dir='ltr'><strong>quomodo</strong></span> <span class='ocrx_word' id='word_1_511' title='bbox 3125 2460 3317 2497; x_wconf 89' lang='lat' dir='ltr'><strong>unum-</strong></span> 
     </span>
    </p>
   </div>
   <div class='ocr_carea' id='block_1_70' title="bbox 1744 2535 3319 2615">
    <p class='ocr_par' dir='ltr' id='par_1_70' title="bbox 1744 2535 3319 2615">
     <span class='ocr_line' id='line_1_70' title="bbox 1744 2535 3319 2615; baseline 0.001 -26"><span class='ocrx_word' id='word_1_512' title='bbox 1744 2539 1992 2606; x_wconf 88' lang='lat' dir='ltr'><strong>quodque</strong></span> <span class='ocrx_word' id='word_1_513' title='bbox 2049 2538 2251 2590; x_wconf 88' lang='lat' dir='ltr'><strong>dictum</strong></span> <span class='ocrx_word' id='word_1_514' title='bbox 2300 2537 2390 2600; x_wconf 86' lang='lat' dir='ltr'><strong>sit,</strong></span> <span class='ocrx_word' id='word_1_515' title='bbox 2442 2535 2869 2615; x_wconf 67' lang='lat' dir='ltr'><strong>consideremus,</strong></span> <span class='ocrx_word' id='word_1_516' title='bbox 2924 2551 2989 2589; x_wconf 89' lang='lat' dir='ltr'><strong>ne</strong></span> <span class='ocrx_word' id='word_1_517' title='bbox 3032 2537 3168 2589; x_wconf 89' lang='lat' dir='ltr'><strong>forte</strong></span> <span class='ocrx_word' id='word_1_518' title='bbox 3223 2551 3319 2604; x_wconf 89' lang='lat' dir='ltr'><strong>per</strong></span> 
     </span>
    </p>
   </div>
   <div class='ocr_carea' id='block_1_71' title="bbox 1752 2616 3317 2696">
    <p class='ocr_par' dir='ltr' id='par_1_71' title="bbox 1752 2616 3317 2696">
     <span class='ocr_line' id='line_1_71' title="bbox 1752 2616 3317 2696; baseline -0.001 -14"><span class='ocrx_word' id='word_1_519' title='bbox 1752 2629 2113 2696; x_wconf 65' lang='lat' dir='ltr'><strong>ignorantiam</strong></span> <span class='ocrx_word' id='word_1_520' title='bbox 2145 2629 2196 2681; x_wconf 93' lang='lat' dir='ltr'><strong>in</strong></span> <span class='ocrx_word' id='word_1_521' title='bbox 2244 2628 2557 2681; x_wconf 86' lang='lat' dir='ltr'><strong>barathrum</strong></span> <span class='ocrx_word' id='word_1_522' title='bbox 2611 2616 2922 2681; x_wconf 85' lang='lat' dir='ltr'><strong>decidamus</strong></span> <span class='ocrx_word' id='word_1_523' title='bbox 2960 2628 3173 2685; x_wconf 88' lang='lat' dir='ltr'><strong>erroris.</strong></span> <span class='ocrx_word' id='word_1_524' title='bbox 3229 2626 3317 2681; x_wconf 88' lang='lat' dir='ltr'><strong>Si-</strong></span> 
     </span>
    </p>
   </div>
   <div class='ocr_carea' id='block_1_72' title="bbox 1745 2719 3315 2789">
    <p class='ocr_par' dir='ltr' id='par_1_72' title="bbox 1745 2719 3315 2789">
     <span class='ocr_line' id='line_1_72' title="bbox 1745 2719 3315 2789; baseline 0 -18"><span class='ocrx_word' id='word_1_525' title='bbox 1745 2721 1962 2789; x_wconf 86' lang='lat' dir='ltr'><strong>quidem</strong></span> <span class='ocrx_word' id='word_1_526' title='bbox 1994 2720 2047 2772; x_wconf 93' lang='lat' dir='ltr'><strong>in</strong></span> <span class='ocrx_word' id='word_1_527' title='bbox 2079 2720 2201 2775; x_wconf 87' lang='lat' dir='ltr'><strong>aliis</strong></span> <span class='ocrx_word' id='word_1_528' title='bbox 2267 2719 2430 2773; x_wconf 89' lang='lat' dir='ltr'><strong>rebus</strong></span> <span class='ocrx_word' id='word_1_529' title='bbox 2485 2736 2551 2772; x_wconf 82' lang='lat' dir='ltr'><strong>ex</strong></span> <span class='ocrx_word' id='word_1_530' title='bbox 2600 2721 2871 2774; x_wconf 86' lang='lat' dir='ltr'><strong>consortio</strong></span> <span class='ocrx_word' id='word_1_531' title='bbox 2932 2719 3315 2773; x_wconf 86' lang='lat' dir='ltr'><strong>vocabulorum</strong></span> 
     </span>
    </p>
   </div>
   <div class='ocr_carea' id='block_1_73' title="bbox 1743 2810 3318 2879">
    <p class='ocr_par' dir='ltr' id='par_1_73' title="bbox 1743 2810 3318 2879">
     <span class='ocr_line' id='line_1_73' title="bbox 1743 2810 3318 2879; baseline 0 -15"><span class='ocrx_word' id='word_1_532' title='bbox 1743 2827 1900 2865; x_wconf 87' lang='lat' dir='ltr'><strong>error</strong></span> <span class='ocrx_word' id='word_1_533' title='bbox 1927 2813 2203 2876; x_wconf 89' lang='lat' dir='ltr'><strong>eveniens,</strong></span> <span class='ocrx_word' id='word_1_534' title='bbox 2241 2810 2614 2867; x_wconf 80' lang='lat' dir='ltr'><strong>confusionem</strong></span> <span class='ocrx_word' id='word_1_535' title='bbox 2649 2822 2702 2865; x_wconf 89' lang='lat' dir='ltr'><strong>et</strong></span> <span class='ocrx_word' id='word_1_536' title='bbox 2747 2815 3001 2879; x_wconf 92' lang='lat' dir='ltr'><strong>pudorem</strong></span> <span class='ocrx_word' id='word_1_537' title='bbox 3026 2813 3072 2865; x_wconf 91' lang='lat' dir='ltr'><strong>ei</strong></span> <span class='ocrx_word' id='word_1_538' title='bbox 3111 2811 3201 2879; x_wconf 90' lang='lat' dir='ltr'><strong>qui</strong></span> <span class='ocrx_word' id='word_1_539' title='bbox 3230 2826 3318 2864; x_wconf 90' lang='lat' dir='ltr'><strong>er-</strong></span> 
     </span>
    </p>
   </div>
   <div class='ocr_carea' id='block_1_74' title="bbox 1743 2902 3317 2971">
    <p class='ocr_par' dir='ltr' id='par_1_74' title="bbox 1743 2902 3317 2971">
     <span class='ocr_line' id='line_1_74' title="bbox 1743 2902 3317 2971; baseline 0.001 -16"><span class='ocrx_word' id='word_1_540' title='bbox 1743 2902 1885 2955; x_wconf 89' lang='lat' dir='ltr'><strong>ravit</strong></span> <span class='ocrx_word' id='word_1_541' title='bbox 1941 2903 2234 2971; x_wconf 86' lang='lat' dir='ltr'><strong>importat;</strong></span> <span class='ocrx_word' id='word_1_542' title='bbox 2272 2902 2338 2955; x_wconf 90' lang='lat' dir='ltr'><strong>de</strong></span> <span class='ocrx_word' id='word_1_543' title='bbox 2381 2902 2629 2967; x_wconf 90' lang='lat' dir='ltr'><strong>supernis</strong></span> <span class='ocrx_word' id='word_1_544' title='bbox 2660 2918 2789 2954; x_wconf 89' lang='lat' dir='ltr'><strong>vero</strong></span> <span class='ocrx_word' id='word_1_545' title='bbox 2836 2912 2887 2955; x_wconf 89' lang='lat' dir='ltr'><strong>et</strong></span> <span class='ocrx_word' id='word_1_546' title='bbox 2918 2903 3110 2955; x_wconf 85' lang='lat' dir='ltr'><strong>divinis</strong></span> <span class='ocrx_word' id='word_1_547' title='bbox 3140 2902 3317 2969; x_wconf 85' lang='lat' dir='ltr'><strong>lapsus</strong></span> 
     </span>
    </p>
   </div>
   <div class='ocr_carea' id='block_1_75' title="bbox 1746 2994 3314 3063">
    <p class='ocr_par' dir='ltr' id='par_1_75' title="bbox 1746 2994 3314 3063">
     <span class='ocr_line' id='line_1_75' title="bbox 1746 2994 3314 3063; baseline -0.001 -17"><span class='ocrx_word' id='word_1_548' title='bbox 1746 3000 1812 3046; x_wconf 89' lang='lat' dir='ltr'><strong>ad</strong></span> <span class='ocrx_word' id='word_1_549' title='bbox 1844 3008 2034 3062; x_wconf 89' lang='lat' dir='ltr'><strong>prava,</strong></span> <span class='ocrx_word' id='word_1_550' title='bbox 2062 2995 2128 3047; x_wconf 89' lang='lat' dir='ltr'><strong>ad</strong></span> <span class='ocrx_word' id='word_1_551' title='bbox 2154 3003 2415 3048; x_wconf 62' lang='lat' dir='ltr'><strong>aeternam</strong></span> <span class='ocrx_word' id='word_1_552' title='bbox 2468 3009 2680 3063; x_wconf 69' lang='lat' dir='ltr'><strong>pinnam</strong></span> <span class='ocrx_word' id='word_1_553' title='bbox 2732 2994 2945 3047; x_wconf 88' lang='lat' dir='ltr'><strong>deducit</strong></span> <span class='ocrx_word' id='word_1_554' title='bbox 2970 3003 3021 3047; x_wconf 89' lang='lat' dir='ltr'><strong>et</strong></span> <span class='ocrx_word' id='word_1_555' title='bbox 3055 3003 3314 3047; x_wconf 88' lang='lat' dir='ltr'><strong>tartarum</strong></span> 
     </span>
    </p>
   </div>
   <div class='ocr_carea' id='block_1_76' title="bbox 1747 3080 3319 3154">
    <p class='ocr_par' dir='ltr' id='par_1_76' title="bbox 1747 3080 3319 3154">
     <span class='ocr_line' id='line_1_76' title="bbox 1747 3080 3319 3154; baseline 0.001 -20"><span class='ocrx_word' id='word_1_556' title='bbox 1747 3080 1840 3152; x_wconf 79' lang='grc' dir='ltr'>[αι.</span> <span class='ocrx_word' id='word_1_557' title='bbox 1869 3082 2234 3154; x_wconf 85' lang='lat' dir='ltr'><strong>barathrum],</strong></span> <span class='ocrx_word' id='word_1_558' title='bbox 2267 3085 2502 3138; x_wconf 80' lang='lat' dir='ltr'><strong>maxime</strong></span> <span class='ocrx_word' id='word_1_559' title='bbox 2553 3098 2675 3136; x_wconf 90' lang='lat' dir='ltr'><strong>cum</strong></span> <span class='ocrx_word' id='word_1_560' title='bbox 2734 3082 2901 3137; x_wconf 87' lang='lat' dir='ltr'><strong>semel</strong></span> <span class='ocrx_word' id='word_1_561' title='bbox 2934 3084 3191 3150; x_wconf 90' lang='lat' dir='ltr'><strong>deceptus</strong></span> <span class='ocrx_word' id='word_1_562' title='bbox 3224 3096 3319 3136; x_wconf 84' lang='lat' dir='ltr'><strong>nu-</strong></span> 
     </span>
    </p>
   </div>
   <div class='ocr_carea' id='block_1_77' title="bbox 1744 3173 3319 3243">
    <p class='ocr_par' dir='ltr' id='par_1_77' title="bbox 1744 3173 3319 3243">
     <span class='ocr_line' id='line_1_77' title="bbox 1744 3173 3319 3243; baseline 0.002 -19"><span class='ocrx_word' id='word_1_563' title='bbox 1744 3173 2265 3243; x_wconf 88' lang='lat' dir='ltr'><strong>lueritresipiscere,</strong></span> <span class='ocrx_word' id='word_1_564' title='bbox 2323 3176 2415 3229; x_wconf 90' lang='lat' dir='ltr'><strong>sed</strong></span> <span class='ocrx_word' id='word_1_565' title='bbox 2456 3190 2612 3227; x_wconf 89' lang='lat' dir='ltr'><strong>suum</strong></span> <span class='ocrx_word' id='word_1_566' title='bbox 2645 3174 2926 3229; x_wconf 81' lang='lat' dir='ltr'><strong>defensare</strong></span> <span class='ocrx_word' id='word_1_567' title='bbox 2980 3174 3319 3243; x_wconf 89' lang='lat' dir='ltr'><strong>impudenter</strong></span> 
     </span>
    </p>
   </div>
   <div class='ocr_carea' id='block_1_78' title="bbox 1740 3265 3319 3334">
    <p class='ocr_par' dir='ltr' id='par_1_78' title="bbox 1740 3265 3319 3334">
     <span class='ocr_line' id='line_1_78' title="bbox 1740 3265 3319 3334; baseline 0.001 -16"><span class='ocrx_word' id='word_1_568' title='bbox 1740 3278 2004 3320; x_wconf 89' lang='lat' dir='ltr'><strong>errorem.</strong></span> <span class='ocrx_word' id='word_1_569' title='bbox 2064 3265 2298 3320; x_wconf 80' lang='lat' dir='ltr'><strong>Decebat</strong></span> <span class='ocrx_word' id='word_1_570' title='bbox 2348 3266 2534 3331; x_wconf 91' lang='lat' dir='ltr'><strong>etiam,</strong></span> <span class='ocrx_word' id='word_1_571' title='bbox 2587 3275 2641 3319; x_wconf 90' lang='lat' dir='ltr'><strong>et</strong></span> <span class='ocrx_word' id='word_1_572' title='bbox 2693 3266 3007 3334; x_wconf 84' lang='lat' dir='ltr'><strong>magnitudo</strong></span> <span class='ocrx_word' id='word_1_573' title='bbox 3036 3265 3319 3319; x_wconf 89' lang='lat' dir='ltr'><strong>voluminis</strong></span> 
     </span>
    </p>
   </div>
   <div class='ocr_carea' id='block_1_79' title="bbox 1740 3357 2827 3427">
    <p class='ocr_par' dir='ltr' id='par_1_79' title="bbox 1740 3357 2827 3427">
     <span class='ocr_line' id='line_1_79' title="bbox 1740 3357 2827 3427; baseline -0.002 -14"><span class='ocrx_word' id='word_1_574' title='bbox 1740 3357 2012 3426; x_wconf 80' lang='lat' dir='ltr'><strong>exigebat,</strong></span> <span class='ocrx_word' id='word_1_575' title='bbox 2047 3366 2105 3409; x_wconf 89' lang='lat' dir='ltr'><strong>ut</strong></span> <span class='ocrx_word' id='word_1_576' title='bbox 2141 3358 2299 3411; x_wconf 89' lang='lat' dir='ltr'><strong>ﬁnem</strong></span> <span class='ocrx_word' id='word_1_577' title='bbox 2330 3359 2601 3427; x_wconf 88' lang='lat' dir='ltr'><strong>acciperet</strong></span> <span class='ocrx_word' id='word_1_578' title='bbox 2633 3360 2827 3411; x_wconf 87' lang='lat' dir='ltr'><strong>oratio.</strong></span> 
     </span>
    </p>
   </div>
   <div class='ocr_carea' id='block_1_80' title="bbox 1816 3448 3317 3517">
    <p class='ocr_par' dir='ltr' id='par_1_80' title="bbox 1816 3448 3317 3517">
     <span class='ocr_line' id='line_1_80' title="bbox 1816 3448 3317 3517; baseline -0.002 -15"><span class='ocrx_word' id='word_1_579' title='bbox 1816 3449 1904 3502; x_wconf 86' lang='lat'><strong>60.</strong></span> <span class='ocrx_word' id='word_1_580' title='bbox 1939 3448 2137 3503; x_wconf 86' lang='lat' dir='ltr'><strong>Verum</strong></span> <span class='ocrx_word' id='word_1_581' title='bbox 2198 3450 2325 3517; x_wconf 89' lang='lat' dir='ltr'><strong>quia</strong></span> <span class='ocrx_word' id='word_1_582' title='bbox 2374 3450 2538 3503; x_wconf 87' lang='lat' dir='ltr'><strong>infert</strong></span> <span class='ocrx_word' id='word_1_583' title='bbox 2581 3463 2640 3503; x_wconf 90' lang='lat' dir='ltr'><strong>se</strong></span> <span class='ocrx_word' id='word_1_584' title='bbox 2681 3448 2907 3517; x_wconf 63' lang='lat' dir='ltr'><strong>quaestio</strong></span> <span class='ocrx_word' id='word_1_585' title='bbox 2970 3448 3228 3503; x_wconf 89' lang='lat' dir='ltr'><strong>adversus</strong></span> <span class='ocrx_word' id='word_1_586' title='bbox 3256 3461 3317 3499; x_wconf 91' lang='lat' dir='ltr'><strong>ea</strong></span> 
     </span>
    </p>
   </div>
   <div class='ocr_carea' id='block_1_81' title="bbox 1742 3540 3321 3609">
    <p class='ocr_par' dir='ltr' id='par_1_81' title="bbox 1742 3540 3321 3609">
     <span class='ocr_line' id='line_1_81' title="bbox 1742 3540 3321 3609; baseline -0.001 -17"><span class='ocrx_word' id='word_1_587' title='bbox 1742 3555 1863 3609; x_wconf 71' lang='lat' dir='ltr'><strong>qua:</strong></span> <span class='ocrx_word' id='word_1_588' title='bbox 1887 3542 2135 3607; x_wconf 89' lang='lat' dir='ltr'><strong>superius</strong></span> <span class='ocrx_word' id='word_1_589' title='bbox 2163 3541 2585 3609; x_wconf 88' lang='lat' dir='ltr'><strong>disputavimus:</strong></span> <span class='ocrx_word' id='word_1_590' title='bbox 2610 3554 2770 3608; x_wconf 88' lang='lat' dir='ltr'><strong>quam</strong></span> <span class='ocrx_word' id='word_1_591' title='bbox 2804 3540 3004 3593; x_wconf 88' lang='lat' dir='ltr'><strong>idcirco</strong></span> <span class='ocrx_word' id='word_1_592' title='bbox 3036 3552 3159 3592; x_wconf 90' lang='lat' dir='ltr'><strong>tunc</strong></span> <span class='ocrx_word' id='word_1_593' title='bbox 3188 3552 3321 3606; x_wconf 69' lang='lat' dir='ltr'><strong>prae-</strong></span> 
     </span>
    </p>
   </div>
   <div class='ocr_carea' id='block_1_82' title="bbox 1744 3627 3321 3696">
    <p class='ocr_par' dir='ltr' id='par_1_82' title="bbox 1744 3627 3321 3696">
     <span class='ocr_line' id='line_1_82' title="bbox 1744 3627 3321 3696; baseline -0.001 -15"><span class='ocrx_word' id='word_1_594' title='bbox 1744 3630 2095 3695; x_wconf 84' lang='lat' dir='ltr'><strong>tertnisimus,</strong></span> <span class='ocrx_word' id='word_1_595' title='bbox 2127 3644 2192 3683; x_wconf 90' lang='lat' dir='ltr'><strong>ne</strong></span> <span class='ocrx_word' id='word_1_596' title='bbox 2226 3639 2426 3683; x_wconf 85' lang='lat' dir='ltr'><strong>textum</strong></span> <span class='ocrx_word' id='word_1_597' title='bbox 2452 3629 3148 3696; x_wconf 87' lang='lat' dir='ltr'><strong>sermonisirrumperct,et</strong></span> <span class='ocrx_word' id='word_1_598' title='bbox 3181 3627 3321 3679; x_wconf 78' lang='lat' dir='ltr'><strong>inter</strong></span> 
     </span>
    </p>
   </div>
   <div class='ocr_carea' id='block_1_83' title="bbox 1743 3720 3315 3789">
    <p class='ocr_par' dir='ltr' id='par_1_83' title="bbox 1743 3720 3315 3789">
     <span class='ocr_line' id='line_1_83' title="bbox 1743 3720 3315 3789; baseline -0.004 -14"><span class='ocrx_word' id='word_1_599' title='bbox 1743 3722 1882 3788; x_wconf 88' lang='lat' dir='ltr'><strong>piam</strong></span> <span class='ocrx_word' id='word_1_600' title='bbox 1949 3722 2390 3789; x_wconf 68' lang='lat' dir='ltr'><strong>prmdicationem</strong></span> <span class='ocrx_word' id='word_1_601' title='bbox 2450 3721 2615 3789; x_wconf 89' lang='lat' dir='ltr'><strong>impia</strong></span> <span class='ocrx_word' id='word_1_602' title='bbox 2669 3720 2941 3773; x_wconf 90' lang='lat' dir='ltr'><strong>contentio</strong></span> <span class='ocrx_word' id='word_1_603' title='bbox 3004 3727 3315 3787; x_wconf 90' lang='lat' dir='ltr'><strong>poneretur,</strong></span> 
     </span>
    </p>
   </div>
   <div class='ocr_carea' id='block_1_84' title="bbox 1744 3805 3319 3880">
    <p class='ocr_par' dir='ltr' id='par_1_84' title="bbox 1744 3805 3319 3880">
     <span class='ocr_line' id='line_1_84' title="bbox 1744 3805 3319 3880; baseline -0.003 -16"><span class='ocrx_word' id='word_1_604' title='bbox 1744 3811 2109 3866; x_wconf 89' lang='lat' dir='ltr'><strong>necessarium</strong></span> <span class='ocrx_word' id='word_1_605' title='bbox 2142 3822 2271 3880; x_wconf 92' lang='lat' dir='ltr'><strong>puto</strong></span> <span class='ocrx_word' id='word_1_606' title='bbox 2300 3811 2366 3863; x_wconf 89' lang='lat' dir='ltr'><strong>ad</strong></span> <span class='ocrx_word' id='word_1_607' title='bbox 2406 3811 2740 3880; x_wconf 76' lang='lat' dir='ltr'><strong>propositum</strong></span> <span class='ocrx_word' id='word_1_608' title='bbox 2767 3810 3116 3876; x_wconf 90' lang='lat' dir='ltr'><strong>respondere,</strong></span> <span class='ocrx_word' id='word_1_609' title='bbox 3149 3816 3202 3861; x_wconf 91' lang='lat' dir='ltr'><strong>et</strong></span> <span class='ocrx_word' id='word_1_610' title='bbox 3238 3805 3319 3859; x_wconf 89' lang='lat' dir='ltr'><strong>Ie—</strong></span> 
     </span>
    </p>
   </div>
   <div class='ocr_carea' id='block_1_85' title="bbox 1744 3898 3315 3971">
    <p class='ocr_par' dir='ltr' id='par_1_85' title="bbox 1744 3898 3315 3971">
     <span class='ocr_line' id='line_1_85' title="bbox 1744 3898 3315 3971; baseline -0.006 -14"><span class='ocrx_word' id='word_1_611' title='bbox 1744 3904 1908 3959; x_wconf 88' lang='lat' dir='ltr'><strong>ctoris</strong></span> <span class='ocrx_word' id='word_1_612' title='bbox 1938 3904 2184 3969; x_wconf 89' lang='lat' dir='ltr'><strong>arbitrio,</strong></span> <span class='ocrx_word' id='word_1_613' title='bbox 2208 3903 2336 3971; x_wconf 91' lang='lat' dir='ltr'><strong>quid</strong></span> <span class='ocrx_word' id='word_1_614' title='bbox 2368 3917 2530 3971; x_wconf 91' lang='lat' dir='ltr'><strong>super</strong></span> <span class='ocrx_word' id='word_1_615' title='bbox 2564 3902 2647 3954; x_wconf 90' lang='lat' dir='ltr'><strong>his</strong></span> <span class='ocrx_word' id='word_1_616' title='bbox 2666 3900 2887 3962; x_wconf 87' lang='lat' dir='ltr'><strong>sentiat,</strong></span> <span class='ocrx_word' id='word_1_617' title='bbox 2916 3898 3315 3964; x_wconf 87' lang='lat' dir='ltr'><strong>derelinquere.</strong></span> 
     </span>
    </p>
   </div>
   <div class='ocr_carea' id='block_1_86' title="bbox 1744 3986 3320 4064">
    <p class='ocr_par' dir='ltr' id='par_1_86' title="bbox 1744 3986 3320 4064">
     <span class='ocr_line' id='line_1_86' title="bbox 1744 3986 3320 4064; baseline -0.007 -16"><span class='ocrx_word' id='word_1_618' title='bbox 1744 3994 2147 4064; x_wconf 85' lang='lat' dir='ltr'><strong>Disputantibus</strong></span> <span class='ocrx_word' id='word_1_619' title='bbox 2183 4009 2310 4062; x_wconf 82' lang='lat' dir='ltr'><strong>ergo</strong></span> <span class='ocrx_word' id='word_1_620' title='bbox 2337 4008 2521 4062; x_wconf 80' lang='lat' dir='ltr'><strong>supra,</strong></span> <span class='ocrx_word' id='word_1_621' title='bbox 2548 3991 2689 4062; x_wconf 90' lang='lat' dir='ltr'><strong>quod</strong></span> <span class='ocrx_word' id='word_1_622' title='bbox 2712 3990 2947 4043; x_wconf 89' lang='lat' dir='ltr'><strong>animam</strong></span> <span class='ocrx_word' id='word_1_623' title='bbox 2977 3987 3057 4041; x_wconf 85' lang='lat' dir='ltr'><strong>vel</strong></span> <span class='ocrx_word' id='word_1_624' title='bbox 3082 3986 3320 4039; x_wconf 89' lang='lat' dir='ltr'><strong>mentein</strong></span> 
     </span>
    </p>
   </div>
   <div class='ocr_carea' id='block_1_87' title="bbox 1744 4079 3321 4154">
    <p class='ocr_par' dir='ltr' id='par_1_87' title="bbox 1744 4079 3321 4154">
     <span class='ocr_line' id='line_1_87' title="bbox 1744 4079 3321 4154; baseline -0.01 -8"><span class='ocrx_word' id='word_1_625' title='bbox 1744 4089 1980 4146; x_wconf 88' lang='lat' dir='ltr'><strong>hominis</strong></span> <span class='ocrx_word' id='word_1_626' title='bbox 2010 4087 2151 4141; x_wconf 88' lang='lat' dir='ltr'><strong>nulla</strong></span> <span class='ocrx_word' id='word_1_627' title='bbox 2190 4097 2437 4142; x_wconf 86' lang='lat' dir='ltr'><strong>creatura</strong></span> <span class='ocrx_word' id='word_1_628' title='bbox 2465 4085 2617 4154; x_wconf 84' lang='lat' dir='ltr'><strong>juxta</strong></span> <span class='ocrx_word' id='word_1_629' title='bbox 2636 4084 2990 4140; x_wconf 86' lang='lat' dir='ltr'><strong>substantiam</strong></span> <span class='ocrx_word' id='word_1_630' title='bbox 3022 4079 3190 4151; x_wconf 88' lang='lat' dir='ltr'><strong>possit</strong></span> <span class='ocrx_word' id='word_1_631' title='bbox 3218 4080 3321 4131; x_wconf 84' lang='lat' dir='ltr'><strong>im—</strong></span> 
     </span>
    </p>
   </div>
   <div class='ocr_carea' id='block_1_88' title="bbox 1744 4175 3314 4251">
    <p class='ocr_par' dir='ltr' id='par_1_88' title="bbox 1744 4175 3314 4251">
     <span class='ocr_line' id='line_1_88' title="bbox 1744 4175 3314 4251; baseline -0.01 -15"><span class='ocrx_word' id='word_1_632' title='bbox 1744 4183 1910 4251; x_wconf 90' lang='lat' dir='ltr'><strong>plere,</strong></span> <span class='ocrx_word' id='word_1_633' title='bbox 1941 4180 2044 4234; x_wconf 91' lang='lat' dir='ltr'><strong>nisi</strong></span> <span class='ocrx_word' id='word_1_634' title='bbox 2076 4179 2188 4233; x_wconf 88' lang='lat' dir='ltr'><strong>sola</strong></span> <span class='ocrx_word' id='word_1_635' title='bbox 2218 4178 2477 4242; x_wconf 87' lang='lat' dir='ltr'><strong>Trinitas,</strong></span> <span class='ocrx_word' id='word_1_636' title='bbox 2514 4179 2641 4247; x_wconf 89' lang='lat' dir='ltr'><strong>quia</strong></span> <span class='ocrx_word' id='word_1_637' title='bbox 2698 4175 3068 4231; x_wconf 90' lang='lat' dir='ltr'><strong>tantummodo</strong></span> <span class='ocrx_word' id='word_1_638' title='bbox 3113 4184 3314 4225; x_wconf 87' lang='lat' dir='ltr'><strong>secun-</strong></span> 
     </span>
    </p>
   </div>
   <div class='ocr_carea' id='block_1_89' title="bbox 1743 4263 3322 4342">
    <p class='ocr_par' dir='ltr' id='par_1_89' title="bbox 1743 4263 3322 4342">
     <span class='ocr_line' id='line_1_89' title="bbox 1743 4263 3322 4342; baseline -0.009 -15"><span class='ocrx_word' id='word_1_639' title='bbox 1743 4276 1872 4328; x_wconf 90' lang='lat' dir='ltr'><strong>dum</strong></span> <span class='ocrx_word' id='word_1_640' title='bbox 1901 4274 2295 4342; x_wconf 85' lang='lat' dir='ltr'><strong>operationem,</strong></span> <span class='ocrx_word' id='word_1_641' title='bbox 2333 4281 2388 4325; x_wconf 90' lang='lat' dir='ltr'><strong>et</strong></span> <span class='ocrx_word' id='word_1_642' title='bbox 2446 4270 2742 4324; x_wconf 85' lang='lat' dir='ltr'><strong>voluntatis</strong></span> <span class='ocrx_word' id='word_1_643' title='bbox 2768 4282 3037 4331; x_wconf 88' lang='lat' dir='ltr'><strong>errorem,</strong></span> <span class='ocrx_word' id='word_1_644' title='bbox 3068 4266 3183 4320; x_wconf 86' lang='lat' dir='ltr'><strong>sive</strong></span> <span class='ocrx_word' id='word_1_645' title='bbox 3213 4263 3322 4314; x_wconf 87' lang='lat' dir='ltr'><strong>vir-</strong></span> 
     </span>
    </p>
   </div>
   <div class='ocr_carea' id='block_1_90' title="bbox 1747 4354 3322 4431">
    <p class='ocr_par' dir='ltr' id='par_1_90' title="bbox 1747 4354 3322 4431">
     <span class='ocr_line' id='line_1_90' title="bbox 1747 4354 3322 4431; baseline -0.008 -13"><span class='ocrx_word' id='word_1_646' title='bbox 1747 4374 1936 4429; x_wconf 91' lang='lat' dir='ltr'><strong>tutem,</strong></span> <span class='ocrx_word' id='word_1_647' title='bbox 1971 4364 2184 4417; x_wconf 88' lang='lat' dir='ltr'><strong>animus</strong></span> <span class='ocrx_word' id='word_1_648' title='bbox 2214 4364 2277 4416; x_wconf 90' lang='lat' dir='ltr'><strong>de</strong></span> <span class='ocrx_word' id='word_1_649' title='bbox 2308 4362 2392 4415; x_wconf 91' lang='lat' dir='ltr'><strong>his</strong></span> <span class='ocrx_word' id='word_1_650' title='bbox 2420 4375 2543 4430; x_wconf 75' lang='lat' dir='ltr'><strong>qute</strong></span> <span class='ocrx_word' id='word_1_651' title='bbox 2593 4370 2771 4414; x_wconf 88' lang='lat' dir='ltr'><strong>creata</strong></span> <span class='ocrx_word' id='word_1_652' title='bbox 2806 4359 2901 4431; x_wconf 83' lang='grc' dir='ltr'>[αι.</span> <span class='ocrx_word' id='word_1_653' title='bbox 2942 4354 3170 4426; x_wconf 76' lang='lat' dir='ltr'><strong>sociata]</strong></span> <span class='ocrx_word' id='word_1_654' title='bbox 3194 4363 3322 4408; x_wconf 93' lang='lat' dir='ltr'><strong>sunt</strong></span> 
     </span>
    </p>
   </div>
   <div class='ocr_carea' id='block_1_91' title="bbox 121 4447 3322 4531">
    <p class='ocr_par' dir='ltr' id='par_1_91' title="bbox 121 4447 3322 4531">
     <span class='ocr_line' id='line_1_91' title="bbox 121 4447 3322 4531; baseline 0.003 -40"><span class='ocrx_word' id='word_1_655' title='bbox 121 4448 201 4494; x_wconf 87' lang='lat' dir='ltr'><strong>tum</strong></span> <span class='ocrx_word' id='word_1_656' title='bbox 224 4447 664 4513; x_wconf 83' lang='lat' dir='ltr'><strong>connuunionem,</strong></span> <span class='ocrx_word' id='word_1_657' title='bbox 689 4450 781 4503; x_wconf 92' lang='lat' dir='ltr'><strong>sed</strong></span> <span class='ocrx_word' id='word_1_658' title='bbox 807 4448 956 4517; x_wconf 80' lang='lat' dir='ltr'><strong>juxta</strong></span> <span class='ocrx_word' id='word_1_659' title='bbox 983 4459 1188 4504; x_wconf 72' lang='lat' dir='ltr'><strong>natura:</strong></span> <span class='ocrx_word' id='word_1_660' title='bbox 1220 4452 1641 4520; x_wconf 76' lang='lat' dir='ltr'><strong>substantizeque</strong></span> <span class='ocrx_word' id='word_1_661' title='bbox 1675 4476 1716 4531; x_wconf 73' lang='grc' dir='ltr'>υ</span> <span class='ocrx_word' id='word_1_662' title='bbox 1746 4456 2037 4527; x_wconf 70' lang='lat' dir='ltr'><strong>impletur:</strong></span> <span class='ocrx_word' id='word_1_663' title='bbox 2073 4455 2269 4509; x_wconf 88' lang='lat' dir='ltr'><strong>oborta</strong></span> <span class='ocrx_word' id='word_1_664' title='bbox 2309 4461 2393 4508; x_wconf 89' lang='lat' dir='ltr'><strong>est</strong></span> <span class='ocrx_word' id='word_1_665' title='bbox 2422 4455 2653 4522; x_wconf 64' lang='lat' dir='ltr'><strong>quaestio</strong></span> <span class='ocrx_word' id='word_1_666' title='bbox 2684 4463 2892 4518; x_wconf 78' lang='lat' dir='ltr'><strong>nostra,</strong></span> <span class='ocrx_word' id='word_1_667' title='bbox 2921 4451 3071 4520; x_wconf 91' lang='lat' dir='ltr'><strong>quasi</strong></span> <span class='ocrx_word' id='word_1_668' title='bbox 3104 4460 3322 4504; x_wconf 87' lang='lat' dir='ltr'><strong>senten-</strong></span> 
     </span>
    </p>
   </div>
   <div class='ocr_carea' id='block_1_92' title="bbox 120 4539 1641 4610">
    <p class='ocr_par' dir='ltr' id='par_1_92' title="bbox 120 4539 1641 4610">
     <span class='ocr_line' id='line_1_92' title="bbox 120 4539 1641 4610; baseline 0.009 -26"><span class='ocrx_word' id='word_1_669' title='bbox 120 4539 707 4607; x_wconf 60' lang='lat' dir='ltr'><strong>consortiuannomodo</strong></span> <span class='ocrx_word' id='word_1_670' title='bbox 734 4542 878 4594; x_wconf 90' lang='lat' dir='ltr'><strong>enim</strong></span> <span class='ocrx_word' id='word_1_671' title='bbox 905 4556 1130 4610; x_wconf 89' lang='lat' dir='ltr'><strong>quorum</strong></span> <span class='ocrx_word' id='word_1_672' title='bbox 1158 4542 1366 4596; x_wconf 89' lang='lat' dir='ltr'><strong>diversa</strong></span> <span class='ocrx_word' id='word_1_673' title='bbox 1388 4543 1641 4598; x_wconf 88' lang='lat' dir='ltr'><strong>substan-</strong></span> 
     </span>
    </p>
   </div>
   <div class='ocr_carea' id='block_1_93' title="bbox 122 4625 1645 4690">
    <p class='ocr_par' dir='ltr' id='par_1_93' title="bbox 122 4625 1645 4690">
     <span class='ocr_line' id='line_1_93' title="bbox 122 4625 1645 4690; baseline 0.011 -17"><span class='ocrx_word' id='word_1_674' title='bbox 122 4625 172 4675; x_wconf 79' lang='lat' dir='ltr'><strong>tia</strong></span> <span class='ocrx_word' id='word_1_675' title='bbox 196 4637 282 4689; x_wconf 82' lang='lat' dir='ltr'><strong>est,</strong></span> <span class='ocrx_word' id='word_1_676' title='bbox 310 4630 580 4685; x_wconf 90' lang='lat' dir='ltr'><strong>interdum</strong></span> <span class='ocrx_word' id='word_1_677' title='bbox 616 4633 797 4686; x_wconf 79' lang='lat' dir='ltr'><strong>evenit</strong></span> <span class='ocrx_word' id='word_1_678' title='bbox 830 4641 886 4686; x_wconf 92' lang='lat' dir='ltr'><strong>ut</strong></span> <span class='ocrx_word' id='word_1_679' title='bbox 923 4634 1194 4686; x_wconf 89' lang='lat' dir='ltr'><strong>communi</strong></span> <span class='ocrx_word' id='word_1_680' title='bbox 1219 4635 1479 4690; x_wconf 86' lang='lat' dir='ltr'><strong>vocabqu</strong></span> <span class='ocrx_word' id='word_1_681' title='bbox 1508 4651 1645 4689; x_wconf 90' lang='lat' dir='ltr'><strong>nun-</strong></span> 
     </span>
    </p>
   </div>
   <div class='ocr_carea' id='block_1_94' title="bbox 120 4722 1641 4795">
    <p class='ocr_par' dir='ltr' id='par_1_94' title="bbox 120 4722 1641 4795">
     <span class='ocr_line' id='line_1_94' title="bbox 120 4722 1641 4795; baseline 0.007 -26"><span class='ocrx_word' id='word_1_682' title='bbox 120 4730 350 4787; x_wconf 80' lang='lat' dir='ltr'><strong>cupentur,</strong></span> <span class='ocrx_word' id='word_1_683' title='bbox 372 4734 427 4777; x_wconf 90' lang='lat' dir='ltr'><strong>et</strong></span> <span class='ocrx_word' id='word_1_684' title='bbox 452 4725 573 4779; x_wconf 70' lang='lat' dir='ltr'><strong>haec</strong></span> <span class='ocrx_word' id='word_1_685' title='bbox 588 4724 839 4778; x_wconf 88' lang='lat' dir='ltr'><strong>dicuntur</strong></span> <span class='ocrx_word' id='word_1_686' title='bbox 858 4722 1123 4795; x_wconf 81' lang='grc' dir='ltr'><strong>ὁμώνυμα</strong></span> <span class='ocrx_word' id='word_1_687' title='bbox 1142 4739 1155 4754; x_wconf 77' lang='grc' dir='ltr'><strong><em>ο</em></strong></span> <span class='ocrx_word' id='word_1_688' title='bbox 1183 4727 1255 4778; x_wconf 88' lang='lat' dir='ltr'><strong>ita</strong></span> <span class='ocrx_word' id='word_1_689' title='bbox 1280 4740 1484 4789; x_wconf 92' lang='lat' dir='ltr'><strong>eorum,</strong></span> <span class='ocrx_word' id='word_1_690' title='bbox 1505 4740 1641 4794; x_wconf 90' lang='lat' dir='ltr'><strong>quo-</strong></span> 
     </span>
    </p>
   </div>
   <div class='ocr_carea' id='block_1_95' title="bbox 123 4814 1641 4883">
    <p class='ocr_par' dir='ltr' id='par_1_95' title="bbox 123 4814 1641 4883">
     <span class='ocr_line' id='line_1_95' title="bbox 123 4814 1641 4883; baseline 0.007 -26"><span class='ocrx_word' id='word_1_691' title='bbox 123 4814 394 4867; x_wconf 88' lang='lat' dir='ltr'><strong>rutneadem</strong></span> <span class='ocrx_word' id='word_1_692' title='bbox 427 4826 512 4869; x_wconf 89' lang='lat' dir='ltr'><strong>est</strong></span> <span class='ocrx_word' id='word_1_693' title='bbox 548 4825 739 4869; x_wconf 89' lang='lat' dir='ltr'><strong>natura</strong></span> <span class='ocrx_word' id='word_1_694' title='bbox 776 4824 935 4883; x_wconf 90' lang='lat' dir='ltr'><strong>atque</strong></span> <span class='ocrx_word' id='word_1_695' title='bbox 960 4816 1286 4880; x_wconf 89' lang='lat' dir='ltr'><strong>substantia,</strong></span> <span class='ocrx_word' id='word_1_696' title='bbox 1315 4829 1436 4870; x_wconf 89' lang='lat' dir='ltr'><strong>cum</strong></span> <span class='ocrx_word' id='word_1_697' title='bbox 1465 4815 1641 4868; x_wconf 89' lang='lat' dir='ltr'><strong>socie-</strong></span> 
     </span>
    </p>
   </div>
   <div class='ocr_carea' id='block_1_96' title="bbox 121 4905 1639 4975">
    <p class='ocr_par' dir='ltr' id='par_1_96' title="bbox 121 4905 1639 4975">
     <span class='ocr_line' id='line_1_96' title="bbox 121 4905 1639 4975; baseline 0.005 -26"><span class='ocrx_word' id='word_1_698' title='bbox 121 4908 201 4952; x_wconf 89' lang='lat' dir='ltr'><strong>tate</strong></span> <span class='ocrx_word' id='word_1_699' title='bbox 228 4905 478 4971; x_wconf 84' lang='lat' dir='ltr'><strong>vocabuli,</strong></span> <span class='ocrx_word' id='word_1_700' title='bbox 508 4917 722 4961; x_wconf 72' lang='lat' dir='ltr'><strong>naturtn</strong></span> <span class='ocrx_word' id='word_1_701' title='bbox 769 4921 980 4974; x_wconf 90' lang='lat' dir='ltr'><strong>quoque</strong></span> <span class='ocrx_word' id='word_1_702' title='bbox 1026 4906 1306 4974; x_wconf 70' lang='lat' dir='ltr'><strong>aequalitas</strong></span> <span class='ocrx_word' id='word_1_703' title='bbox 1337 4906 1639 4975; x_wconf 89' lang='lat' dir='ltr'><strong>copulatur,</strong></span> 
     </span>
    </p>
   </div>
   <div class='ocr_carea' id='block_1_97' title="bbox 120 4989 1643 5064">
    <p class='ocr_par' dir='ltr' id='par_1_97' title="bbox 120 4989 1643 5064">
     <span class='ocr_line' id='line_1_97' title="bbox 120 4989 1643 5064; baseline 0.007 -27"><span class='ocrx_word' id='word_1_704' title='bbox 120 4996 158 5037; x_wconf 80' lang='lat' dir='ltr'><strong>et</strong></span> <span class='ocrx_word' id='word_1_705' title='bbox 179 4989 442 5060; x_wconf 67' lang='lat' dir='ltr'><strong>disciplina:</strong></span> <span class='ocrx_word' id='word_1_706' title='bbox 483 4997 892 5051; x_wconf 87' lang='lat' dir='ltr'><strong>dialecticorum</strong></span> <span class='ocrx_word' id='word_1_707' title='bbox 932 5005 1018 5051; x_wconf 92' lang='lat' dir='ltr'><strong>est</strong></span> <span class='ocrx_word' id='word_1_708' title='bbox 1059 4997 1333 5064; x_wconf 84' lang='lat' dir='ltr'><strong>appellare</strong></span> <span class='ocrx_word' id='word_1_709' title='bbox 1361 4998 1474 5050; x_wconf 80' lang='lat' dir='ltr'><strong>haec</strong></span> <span class='ocrx_word' id='word_1_710' title='bbox 1517 5013 1643 5049; x_wconf 84' lang='grc' dir='ltr'>συν-</span> 
     </span>
    </p>
   </div>
   <div class='ocr_carea' id='block_1_98' title="bbox 120 5075 1641 5160">
    <p class='ocr_par' dir='ltr' id='par_1_98' title="bbox 120 5075 1641 5160">
     <span class='ocr_line' id='line_1_98' title="bbox 120 5075 1641 5160; baseline 0.012 -33"><span class='ocrx_word' id='word_1_711' title='bbox 120 5075 288 5150; x_wconf 73' lang='grc' dir='ltr'>ώνυμα.</span> <span class='ocrx_word' id='word_1_712' title='bbox 316 5084 517 5144; x_wconf 89' lang='lat' dir='ltr'><strong>Idcirco</strong></span> <span class='ocrx_word' id='word_1_713' title='bbox 551 5098 609 5144; x_wconf 91' lang='lat' dir='ltr'><strong>et</strong></span> <span class='ocrx_word' id='word_1_714' title='bbox 647 5089 881 5158; x_wconf 89' lang='lat' dir='ltr'><strong>Spiritus</strong></span> <span class='ocrx_word' id='word_1_715' title='bbox 912 5090 1253 5155; x_wconf 88' lang='lat' dir='ltr'><strong>vocabulum,</strong></span> <span class='ocrx_word' id='word_1_716' title='bbox 1312 5099 1367 5143; x_wconf 89' lang='lat' dir='ltr'><strong>et</strong></span> <span class='ocrx_word' id='word_1_717' title='bbox 1411 5090 1454 5143; x_wconf 91' lang='lat' dir='ltr'><strong>si</strong></span> <span class='ocrx_word' id='word_1_718' title='bbox 1513 5090 1641 5160; x_wconf 89' lang='lat' dir='ltr'><strong>quid</strong></span> 
     </span>
    </p>
   </div>
   <div class='ocr_carea' id='block_1_99' title="bbox 173 5236 1179 5311">
    <p class='ocr_par' dir='ltr' id='par_1_99' title="bbox 173 5236 1179 5311">
     <span class='ocr_line' id='line_1_99' title="bbox 173 5236 1179 5311; baseline 0.01 -20"><span class='ocrx_word' id='word_1_719' title='bbox 173 5236 214 5311; x_wconf 56' lang='grc' dir='ltr'><strong>’ζ</strong></span> <span class='ocrx_word' id='word_1_720' title='bbox 241 5239 254 5292; x_wconf 93' lang='lat' dir='ltr'><strong>I</strong></span> <span class='ocrx_word' id='word_1_721' title='bbox 283 5240 397 5297; x_wconf 83' lang='lat' dir='ltr'><strong>Cor.</strong></span> <span class='ocrx_word' id='word_1_722' title='bbox 420 5259 519 5309; x_wconf 82' lang='lat' dir='ltr'><strong>vn,</strong></span> <span class='ocrx_word' id='word_1_723' title='bbox 547 5244 637 5297; x_wconf 62' lang='lat'><strong>54.</strong></span> <span class='ocrx_word' id='word_1_724' title='bbox 714 5245 760 5277; x_wconf 84' lang='grc'><strong>³⁸</strong></span> <span class='ocrx_word' id='word_1_725' title='bbox 789 5246 889 5299; x_wconf 87' lang='lat' dir='ltr'><strong>Isa.</strong></span> <span class='ocrx_word' id='word_1_726' title='bbox 917 5262 1063 5311; x_wconf 78' lang='lat' dir='ltr'><strong>uix,</strong></span> <span class='ocrx_word' id='word_1_727' title='bbox 1086 5247 1179 5302; x_wconf 68' lang='lat'><strong>24.</strong></span> 
     </span>
    </p>
   </div>
   <div class='ocr_carea' id='block_1_100' title="bbox 124 5306 1562 5383">
    <p class='ocr_par' dir='ltr' id='par_1_100' title="bbox 124 5306 1562 5383">
     <span class='ocr_line' id='line_1_100' title="bbox 124 5306 1562 5383; baseline 0.007 -21"><span class='ocrx_word' id='word_1_728' title='bbox 124 5306 157 5334; x_wconf 77' lang='lat'>&quot;</span> <span class='ocrx_word' id='word_1_729' title='bbox 189 5306 296 5376; x_wconf 74' lang='lat' dir='ltr'><strong>Sap.</strong></span> <span class='ocrx_word' id='word_1_730' title='bbox 333 5328 369 5375; x_wconf 89' lang='lat' dir='ltr'><strong>t,</strong></span> <span class='ocrx_word' id='word_1_731' title='bbox 394 5318 445 5365; x_wconf 83' lang='lat' dir='ltr'><strong>ti.</strong></span> <span class='ocrx_word' id='word_1_732' title='bbox 502 5306 577 5345; x_wconf 51' lang='grc'><strong>⁷⁸⁸</strong></span> <span class='ocrx_word' id='word_1_733' title='bbox 611 5314 794 5369; x_wconf 70' lang='lat' dir='ltr'><strong>lltlor.</strong></span> <span class='ocrx_word' id='word_1_734' title='bbox 829 5331 911 5383; x_wconf 90' lang='grc' dir='ltr'>ιιι,</span> <span class='ocrx_word' id='word_1_735' title='bbox 945 5306 1061 5370; x_wconf 71' lang='grc'><strong>1⁵1.⁷</strong></span> <span class='ocrx_word' id='word_1_736' title='bbox 1107 5317 1153 5349; x_wconf 73' lang='grc'><strong>⁸⁸</strong></span> <span class='ocrx_word' id='word_1_737' title='bbox 1188 5317 1343 5372; x_wconf 86' lang='lat' dir='ltr'><strong>Joan.</strong></span> <span class='ocrx_word' id='word_1_738' title='bbox 1372 5334 1444 5382; x_wconf 87' lang='grc' dir='ltr'>ιν,</span> <span class='ocrx_word' id='word_1_739' title='bbox 1468 5306 1562 5372; x_wconf 65' lang='grc'><strong>24.</strong></span> 
     </span>
    </p>
   </div>
   <div class='ocr_carea' id='block_1_101' title="bbox 174 5469 1644 5549">
    <p class='ocr_par' dir='ltr' id='par_1_101' title="bbox 174 5469 1644 5549">
     <span class='ocr_line' id='line_1_101' title="bbox 174 5469 1644 5549; baseline 0.011 -26"><span class='ocrx_word' id='word_1_740' title='bbox 174 5469 264 5540; x_wconf 71' lang='grc'><strong>(34)</strong></span> <span class='ocrx_word' id='word_1_741' title='bbox 292 5470 479 5529; x_wconf 91' lang='lat' dir='ltr'><strong>Iterum</strong></span> <span class='ocrx_word' id='word_1_742' title='bbox 502 5491 572 5531; x_wconf 79' lang='lat' dir='ltr'><strong>ex</strong></span> <span class='ocrx_word' id='word_1_743' title='bbox 603 5478 787 5532; x_wconf 89' lang='lat' dir='ltr'><strong>eadem</strong></span> <span class='ocrx_word' id='word_1_744' title='bbox 813 5479 1048 5534; x_wconf 89' lang='lat' dir='ltr'><strong>editione</strong></span> <span class='ocrx_word' id='word_1_745' title='bbox 1072 5492 1129 5535; x_wconf 88' lang='lat' dir='ltr'><strong>et</strong></span> <span class='ocrx_word' id='word_1_746' title='bbox 1160 5480 1333 5537; x_wconf 84' lang='lat' dir='ltr'><strong>Vatic.</strong></span> <span class='ocrx_word' id='word_1_747' title='bbox 1363 5497 1489 5549; x_wconf 88' lang='lat' dir='ltr'><strong>ms.,</strong></span> <span class='ocrx_word' id='word_1_748' title='bbox 1521 5498 1644 5538; x_wconf 92' lang='lat' dir='ltr'><strong>cum</strong></span> 
     </span>
    </p>
   </div>
   <div class='ocr_carea' id='block_1_102' title="bbox 126 5550 1255 5621">
    <p class='ocr_par' dir='ltr' id='par_1_102' title="bbox 126 5550 1255 5621">
     <span class='ocr_line' id='line_1_102' title="bbox 126 5550 1255 5621; baseline 0.015 -33"><span class='ocrx_word' id='word_1_749' title='bbox 126 5550 265 5621; x_wconf 60' lang='lat' dir='ltr'><strong>antea,</strong></span> <span class='ocrx_word' id='word_1_750' title='bbox 298 5559 454 5621; x_wconf 45' lang='lat' dir='ltr'><strong>(“esse</strong></span> <span class='ocrx_word' id='word_1_751' title='bbox 482 5565 501 5596; x_wconf 70' lang='grc' dir='ltr'><strong>ι</strong></span> <span class='ocrx_word' id='word_1_752' title='bbox 528 5562 647 5621; x_wconf 85' lang='lat' dir='ltr'><strong>pro_</strong></span> <span class='ocrx_word' id='word_1_753' title='bbox 677 5565 698 5599; x_wconf 75' lang='grc' dir='ltr'><strong>ι</strong></span> <span class='ocrx_word' id='word_1_754' title='bbox 731 5564 888 5621; x_wconf 84' lang='lat' dir='ltr'><strong>nosse</strong></span> <span class='ocrx_word' id='word_1_755' title='bbox 910 5570 928 5602; x_wconf 75' lang='grc' dir='ltr'><strong>ι</strong></span> <span class='ocrx_word' id='word_1_756' title='bbox 967 5552 1255 5621; x_wconf 89' lang='lat' dir='ltr'><strong>legeretur.</strong></span> 
     </span>
    </p>
   </div>
   <div class='ocr_carea' id='block_1_103' title="bbox 177 5607 1644 5691">
    <p class='ocr_par' dir='ltr' id='par_1_103' title="bbox 177 5607 1644 5691">
     <span class='ocr_line' id='line_1_103' title="bbox 177 5607 1644 5691; baseline 0.012 -31"><span class='ocrx_word' id='word_1_757' title='bbox 177 5607 269 5678; x_wconf 78' lang='lat'><strong>(35)</strong></span> <span class='ocrx_word' id='word_1_758' title='bbox 308 5611 500 5671; x_wconf 82' lang='lat' dir='ltr'><strong>Vitiose</strong></span> <span class='ocrx_word' id='word_1_759' title='bbox 529 5607 605 5669; x_wconf 72' lang='grc' dir='ltr'><strong>ἐει</strong></span> <span class='ocrx_word' id='word_1_760' title='bbox 636 5618 813 5671; x_wconf 81' lang='lat' dir='ltr'><strong>hiulco</strong></span> <span class='ocrx_word' id='word_1_761' title='bbox 858 5607 1193 5688; x_wconf 52' lang='lat' dir='ltr'><strong>sensuverat,</strong></span> <span class='ocrx_word' id='word_1_762' title='bbox 1230 5641 1248 5672; x_wconf 70' lang='grc' dir='ltr'><strong>ι</strong></span> <span class='ocrx_word' id='word_1_763' title='bbox 1275 5624 1324 5676; x_wconf 91' lang='lat' dir='ltr'><strong>hi</strong></span> <span class='ocrx_word' id='word_1_764' title='bbox 1354 5638 1480 5677; x_wconf 87' lang='lat' dir='ltr'><strong>vero</strong></span> <span class='ocrx_word' id='word_1_765' title='bbox 1501 5642 1518 5674; x_wconf 75' lang='grc' dir='ltr'><strong>ι</strong></span> <span class='ocrx_word' id='word_1_766' title='bbox 1548 5639 1644 5691; x_wconf 90' lang='lat' dir='ltr'><strong>pro</strong></span> 
     </span>
    </p>
   </div>
   <div class='ocr_carea' id='block_1_104' title="bbox 130 5690 1643 5767">
    <p class='ocr_par' dir='ltr' id='par_1_104' title="bbox 130 5690 1643 5767">
     <span class='ocr_line' id='line_1_104' title="bbox 130 5690 1643 5767; baseline 0.016 -37"><span class='ocrx_word' id='word_1_767' title='bbox 130 5690 291 5767; x_wconf 48' lang='lat' dir='ltr'><strong>itere:</strong></span> <span class='ocrx_word' id='word_1_768' title='bbox 316 5700 332 5732; x_wconf 77' lang='grc' dir='ltr'><strong>ι</strong></span> <span class='ocrx_word' id='word_1_769' title='bbox 370 5694 479 5767; x_wconf 88' lang='lat' dir='ltr'><strong>tum</strong></span> <span class='ocrx_word' id='word_1_770' title='bbox 533 5702 675 5767; x_wconf 79' lang='lat' dir='ltr'><strong>novo</strong></span> <span class='ocrx_word' id='word_1_771' title='bbox 719 5695 936 5757; x_wconf 86' lang='lat' dir='ltr'><strong>mendo,</strong></span> <span class='ocrx_word' id='word_1_772' title='bbox 965 5709 982 5743; x_wconf 75' lang='grc' dir='ltr'><strong>ι</strong></span> <span class='ocrx_word' id='word_1_773' title='bbox 1011 5706 1152 5747; x_wconf 75' lang='lat' dir='ltr'><strong>verte</strong></span> <span class='ocrx_word' id='word_1_774' title='bbox 1212 5691 1462 5749; x_wconf 73' lang='lat' dir='ltr'><strong>Israelita:</strong></span> <span class='ocrx_word' id='word_1_775' title='bbox 1489 5713 1507 5745; x_wconf 85' lang='grc'>›</span> <span class='ocrx_word' id='word_1_776' title='bbox 1546 5690 1643 5764; x_wconf 73' lang='lat' dir='ltr'><strong>pro</strong></span> 
     </span>
    </p>
   </div>
   <div class='ocr_carea' id='block_1_105' title="bbox 131 5761 668 5811">
    <p class='ocr_par' dir='ltr' id='par_1_105' title="bbox 131 5761 668 5811">
     <span class='ocr_line' id='line_1_105' title="bbox 131 5761 668 5811; baseline 0.028 -17"><span class='ocrx_word' id='word_1_777' title='bbox 131 5761 279 5809; x_wconf 73' lang='lat' dir='ltr'><strong>rvere.</strong></span> <span class='ocrx_word' id='word_1_778' title='bbox 302 5769 321 5802; x_wconf 72' lang='grc' dir='ltr'><strong>ι</strong></span> <span class='ocrx_word' id='word_1_779' title='bbox 340 5765 428 5808; x_wconf 88' lang='lat' dir='ltr'><strong>aut</strong></span> <span class='ocrx_word' id='word_1_780' title='bbox 450 5775 466 5807; x_wconf 81' lang='grc' dir='ltr'><strong>ι</strong></span> <span class='ocrx_word' id='word_1_781' title='bbox 489 5761 625 5811; x_wconf 86' lang='lat' dir='ltr'><strong>veri.</strong></span> <span class='ocrx_word' id='word_1_782' title='bbox 649 5776 668 5809; x_wconf 73' lang='grc' dir='ltr'><strong>ι</strong></span> 
     </span>
    </p>
   </div>
   <div class='ocr_carea' id='block_1_106' title="bbox 1256 5246 2095 5382">
    <p class='ocr_par' dir='ltr' id='par_1_106' title="bbox 1256 5246 2095 5382">
     <span class='ocr_line' id='line_1_106' title="bbox 1256 5246 2093 5308; baseline -0.004 -8"><span class='ocrx_word' id='word_1_783' title='bbox 1256 5247 1298 5279; x_wconf 79' lang='grc'>⁸⁹</span> <span class='ocrx_word' id='word_1_784' title='bbox 1325 5246 1427 5302; x_wconf 85' lang='lat' dir='ltr'><strong>Isa.</strong></span> <span class='ocrx_word' id='word_1_785' title='bbox 1462 5263 1537 5308; x_wconf 74' lang='grc' dir='ltr'><strong>χι,</strong></span> <span class='ocrx_word' id='word_1_786' title='bbox 1576 5248 1659 5301; x_wconf 81' lang='grc'>15.</span> <span class='ocrx_word' id='word_1_787' title='bbox 1738 5249 1785 5278; x_wconf 74' lang='grc' dir='ltr'><strong>⁸ο</strong></span> <span class='ocrx_word' id='word_1_788' title='bbox 1817 5247 2003 5301; x_wconf 91' lang='lat' dir='ltr'><strong>IlCor.</strong></span> <span class='ocrx_word' id='word_1_789' title='bbox 2039 5262 2093 5299; x_wconf 90' lang='grc' dir='ltr'><strong>ιιι</strong></span> 
     </span>
     <span class='ocr_line' id='line_1_107' title="bbox 1256 5316 2095 5382; baseline -0.002 -11"><span class='ocrx_word' id='word_1_790' title='bbox 1256 5334 1343 5371; x_wconf 89' lang='lat' dir='ltr'><strong>an.</strong></span> <span class='ocrx_word' id='word_1_791' title='bbox 1372 5334 1444 5382; x_wconf 85' lang='lat' dir='ltr'><strong>IV,</strong></span> <span class='ocrx_word' id='word_1_792' title='bbox 1468 5317 1562 5372; x_wconf 77' lang='grc'><strong>24.</strong></span> <span class='ocrx_word' id='word_1_793' title='bbox 1642 5316 1688 5348; x_wconf 73' lang='grc'>⁸⁸</span> <span class='ocrx_word' id='word_1_794' title='bbox 1724 5319 1890 5373; x_wconf 88' lang='lat' dir='ltr'><strong>Amos</strong></span> <span class='ocrx_word' id='word_1_795' title='bbox 1914 5332 1983 5382; x_wconf 89' lang='lat' dir='ltr'><strong>tv,</strong></span> <span class='ocrx_word' id='word_1_796' title='bbox 2012 5317 2095 5370; x_wconf 90' lang='grc'><strong>12.</strong></span> 
     </span>
    </p>
   </div>
   <div class='ocr_carea' id='block_1_107' title="bbox 1748 4544 3322 4616">
    <p class='ocr_par' dir='ltr' id='par_1_107' title="bbox 1748 4544 3322 4616">
     <span class='ocr_line' id='line_1_108' title="bbox 1748 4544 3322 4616; baseline -0.004 -13"><span class='ocrx_word' id='word_1_797' title='bbox 1748 4551 1874 4604; x_wconf 89' lang='lat' dir='ltr'><strong>tiam</strong></span> <span class='ocrx_word' id='word_1_798' title='bbox 1910 4550 2144 4610; x_wconf 85' lang='lat' dir='ltr'><strong>solvens,</strong></span> <span class='ocrx_word' id='word_1_799' title='bbox 2178 4548 2323 4616; x_wconf 87' lang='lat' dir='ltr'><strong>quod</strong></span> <span class='ocrx_word' id='word_1_800' title='bbox 2356 4556 2539 4600; x_wconf 87' lang='lat' dir='ltr'><strong>creata</strong></span> <span class='ocrx_word' id='word_1_801' title='bbox 2570 4546 2901 4609; x_wconf 85' lang='lat' dir='ltr'><strong>substantia,</strong></span> <span class='ocrx_word' id='word_1_802' title='bbox 2929 4560 3048 4613; x_wconf 80' lang='lat' dir='ltr'><strong>quae</strong></span> <span class='ocrx_word' id='word_1_803' title='bbox 3093 4545 3144 4596; x_wconf 91' lang='lat' dir='ltr'><strong>in</strong></span> <span class='ocrx_word' id='word_1_804' title='bbox 3176 4544 3322 4597; x_wconf 92' lang='lat' dir='ltr'><strong>Scri-</strong></span> 
     </span>
    </p>
   </div>
   <div class='ocr_carea' id='block_1_108' title="bbox 1748 4634 3322 4710">
    <p class='ocr_par' dir='ltr' id='par_1_108' title="bbox 1748 4634 3322 4710">
     <span class='ocr_line' id='line_1_109' title="bbox 1748 4634 3322 4710; baseline -0.006 -16"><span class='ocrx_word' id='word_1_805' title='bbox 1748 4639 1923 4710; x_wconf 78' lang='lat' dir='ltr'><strong>pturis</strong></span> <span class='ocrx_word' id='word_1_806' title='bbox 1954 4640 2189 4693; x_wconf 88' lang='lat' dir='ltr'><strong>Satanas</strong></span> <span class='ocrx_word' id='word_1_807' title='bbox 2242 4636 2563 4707; x_wconf 88' lang='lat' dir='ltr'><strong>appellatur,</strong></span> <span class='ocrx_word' id='word_1_808' title='bbox 2616 4637 2955 4704; x_wconf 83' lang='lat' dir='ltr'><strong>ingrediatur</strong></span> <span class='ocrx_word' id='word_1_809' title='bbox 2984 4635 3038 4688; x_wconf 88' lang='lat' dir='ltr'><strong>in</strong></span> <span class='ocrx_word' id='word_1_810' title='bbox 3088 4634 3322 4701; x_wconf 89' lang='lat' dir='ltr'><strong>aliquos,</strong></span> 
     </span>
    </p>
   </div>
   <div class='ocr_carea' id='block_1_109' title="bbox 1751 4722 3323 4800">
    <p class='ocr_par' dir='ltr' id='par_1_109' title="bbox 1751 4722 3323 4800">
     <span class='ocr_line' id='line_1_110' title="bbox 1751 4722 3323 4800; baseline -0.006 -14"><span class='ocrx_word' id='word_1_811' title='bbox 1751 4742 1806 4786; x_wconf 92' lang='lat' dir='ltr'><strong>et</strong></span> <span class='ocrx_word' id='word_1_812' title='bbox 1840 4747 1936 4788; x_wconf 90' lang='lat' dir='ltr'><strong>cor</strong></span> <span class='ocrx_word' id='word_1_813' title='bbox 1965 4730 2324 4800; x_wconf 86' lang='lat' dir='ltr'><strong>quorumdam</strong></span> <span class='ocrx_word' id='word_1_814' title='bbox 2378 4727 2602 4796; x_wconf 91' lang='lat' dir='ltr'><strong>implere</strong></span> <span class='ocrx_word' id='word_1_815' title='bbox 2660 4726 2889 4779; x_wconf 91' lang='lat' dir='ltr'><strong>dicatur.</strong></span> <span class='ocrx_word' id='word_1_816' title='bbox 2926 4722 3056 4777; x_wconf 86' lang='lat' dir='ltr'><strong>Nam</strong></span> <span class='ocrx_word' id='word_1_817' title='bbox 3092 4724 3156 4778; x_wconf 91' lang='lat' dir='ltr'><strong>ad</strong></span> <span class='ocrx_word' id='word_1_818' title='bbox 3196 4738 3323 4777; x_wconf 89' lang='lat' dir='ltr'><strong>eum</strong></span> 
     </span>
    </p>
   </div>
   <div class='ocr_carea' id='block_1_110' title="bbox 1748 4812 3321 4892">
    <p class='ocr_par' dir='ltr' id='par_1_110' title="bbox 1748 4812 3321 4892">
     <span class='ocr_line' id='line_1_111' title="bbox 1748 4812 3321 4892; baseline -0.008 -15"><span class='ocrx_word' id='word_1_819' title='bbox 1748 4825 1840 4892; x_wconf 79' lang='lat' dir='ltr'><strong>qui</strong></span> <span class='ocrx_word' id='word_1_820' title='bbox 1876 4823 2219 4877; x_wconf 88' lang='lat' dir='ltr'><strong>medietatem</strong></span> <span class='ocrx_word' id='word_1_821' title='bbox 2255 4820 2409 4887; x_wconf 89' lang='lat' dir='ltr'><strong>pretii</strong></span> <span class='ocrx_word' id='word_1_822' title='bbox 2466 4820 2530 4873; x_wconf 89' lang='lat' dir='ltr'><strong>de</strong></span> <span class='ocrx_word' id='word_1_823' title='bbox 2581 4831 2713 4887; x_wconf 85' lang='lat' dir='ltr'><strong>agro</strong></span> <span class='ocrx_word' id='word_1_824' title='bbox 2752 4815 2972 4869; x_wconf 89' lang='lat' dir='ltr'><strong>vendito</strong></span> <span class='ocrx_word' id='word_1_825' title='bbox 3019 4813 3144 4875; x_wconf 88' lang='lat' dir='ltr'><strong>sibi,</strong></span> <span class='ocrx_word' id='word_1_826' title='bbox 3181 4812 3321 4865; x_wconf 88' lang='lat' dir='ltr'><strong>aliud</strong></span> 
     </span>
    </p>
   </div>
   <div class='ocr_carea' id='block_1_111' title="bbox 1749 4905 3319 4980">
    <p class='ocr_par' dir='ltr' id='par_1_111' title="bbox 1749 4905 3319 4980">
     <span class='ocr_line' id='line_1_112' title="bbox 1749 4905 3319 4980; baseline -0.006 -17"><span class='ocrx_word' id='word_1_827' title='bbox 1749 4914 2031 4980; x_wconf 88' lang='lat' dir='ltr'><strong>proﬁtens,</strong></span> <span class='ocrx_word' id='word_1_828' title='bbox 2059 4918 2387 4972; x_wconf 90' lang='lat' dir='ltr'><strong>reservaret,</strong></span> <span class='ocrx_word' id='word_1_829' title='bbox 2426 4923 2453 4961; x_wconf 91' lang='lat' dir='ltr'><strong>a</strong></span> <span class='ocrx_word' id='word_1_830' title='bbox 2494 4907 2653 4961; x_wconf 89' lang='lat' dir='ltr'><strong>Petro</strong></span> <span class='ocrx_word' id='word_1_831' title='bbox 2700 4906 2947 4975; x_wconf 89' lang='lat' dir='ltr'><strong>apostolo</strong></span> <span class='ocrx_word' id='word_1_832' title='bbox 2980 4905 3182 4959; x_wconf 88' lang='lat' dir='ltr'><strong>dictum</strong></span> <span class='ocrx_word' id='word_1_833' title='bbox 3209 4913 3319 4955; x_wconf 80' lang='lat' dir='ltr'><strong>ost:</strong></span> 
     </span>
    </p>
   </div>
   <div class='ocr_carea' id='block_1_112' title="bbox 1754 4995 3319 5070">
    <p class='ocr_par' dir='ltr' id='par_1_112' title="bbox 1754 4995 3319 5070">
     <span class='ocr_line' id='line_1_113' title="bbox 1754 4995 3319 5070; baseline -0.004 -17"><span class='ocrx_word' id='word_1_834' title='bbox 1754 5021 1772 5053; x_wconf 74' lang='grc' dir='ltr'><strong>ι</strong></span> <span class='ocrx_word' id='word_1_835' title='bbox 1810 5005 2015 5058; x_wconf 84' lang='lat' dir='ltr'><strong>Anania</strong></span> <span class='ocrx_word' id='word_1_836' title='bbox 2046 5044 2060 5068; x_wconf 92' lang='lat'><strong>,</strong></span> <span class='ocrx_word' id='word_1_837' title='bbox 2106 5017 2276 5070; x_wconf 87' lang='lat' dir='ltr'><strong>quare</strong></span> <span class='ocrx_word' id='word_1_838' title='bbox 2322 5002 2559 5068; x_wconf 89' lang='lat' dir='ltr'><strong>implevit</strong></span> <span class='ocrx_word' id='word_1_839' title='bbox 2622 5001 2853 5051; x_wconf 68' lang='lat' dir='ltr'><strong>Satanas</strong></span> <span class='ocrx_word' id='word_1_840' title='bbox 2883 5013 2976 5051; x_wconf 89' lang='lat' dir='ltr'><strong>cor</strong></span> <span class='ocrx_word' id='word_1_841' title='bbox 3034 5007 3180 5049; x_wconf 92' lang='lat' dir='ltr'><strong>tuum</strong></span> <span class='ocrx_word' id='word_1_842' title='bbox 3205 4995 3319 5047; x_wconf 64' lang='lat'><strong>‘9?»</strong></span> 
     </span>
    </p>
   </div>
   <div class='ocr_carea' id='block_1_113' title="bbox 1750 5086 3324 5158">
    <p class='ocr_par' dir='ltr' id='par_1_113' title="bbox 1750 5086 3324 5158">
     <span class='ocr_line' id='line_1_114' title="bbox 1750 5086 3324 5158; baseline -0.007 -11"><span class='ocrx_word' id='word_1_843' title='bbox 1750 5093 1815 5147; x_wconf 84' lang='lat' dir='ltr'><strong>Et</strong></span> <span class='ocrx_word' id='word_1_844' title='bbox 1846 5090 2077 5147; x_wconf 76' lang='lat' dir='ltr'><strong>deJuda</strong></span> <span class='ocrx_word' id='word_1_845' title='bbox 2127 5091 2370 5158; x_wconf 88' lang='lat' dir='ltr'><strong>loquitur</strong></span> <span class='ocrx_word' id='word_1_846' title='bbox 2405 5091 2519 5158; x_wconf 90' lang='lat' dir='ltr'><strong>ipse</strong></span> <span class='ocrx_word' id='word_1_847' title='bbox 2556 5088 2828 5153; x_wconf 89' lang='lat' dir='ltr'><strong>Salvator,</strong></span> <span class='ocrx_word' id='word_1_848' title='bbox 2878 5088 3014 5157; x_wconf 84' lang='lat' dir='ltr'><strong>quod</strong></span> <span class='ocrx_word' id='word_1_849' title='bbox 3042 5086 3324 5142; x_wconf 84' lang='lat' dir='ltr'><strong>intraverit</strong></span> 
     </span>
    </p>
   </div>
   <div class='ocr_carea' id='block_1_114' title="bbox 2573 5242 3319 5310">
    <p class='ocr_par' dir='ltr' id='par_1_114' title="bbox 2573 5242 3319 5310">
     <span class='ocr_line' id='line_1_115' title="bbox 2573 5242 3319 5310; baseline -0.004 -13"><span class='ocrx_word' id='word_1_850' title='bbox 2573 5283 2586 5296; x_wconf 95' lang='lat'><strong>.</strong></span> <span class='ocrx_word' id='word_1_851' title='bbox 2624 5259 2704 5310; x_wconf 93' lang='grc' dir='ltr'>ιιι,</span> <span class='ocrx_word' id='word_1_852' title='bbox 2742 5244 2797 5297; x_wconf 83' lang='grc'>5.</span> <span class='ocrx_word' id='word_1_853' title='bbox 2870 5246 2916 5276; x_wconf 70' lang='grc' dir='ltr'><strong>δ’</strong></span> <span class='ocrx_word' id='word_1_854' title='bbox 2949 5242 3105 5303; x_wconf 87' lang='lat' dir='ltr'><strong>Joan.</strong></span> <span class='ocrx_word' id='word_1_855' title='bbox 3130 5258 3203 5308; x_wconf 84' lang='lat' dir='ltr'><strong>tv,</strong></span> <span class='ocrx_word' id='word_1_856' title='bbox 3231 5244 3319 5297; x_wconf 74' lang='lat' dir='ltr'><strong>2t.</strong></span> 
     </span>
    </p>
   </div>
   <div class='ocr_carea' id='block_1_115' title="bbox 1738 5243 3057 5369">
    <p class='ocr_par' dir='ltr' id='par_1_115' title="bbox 1738 5243 3057 5369">
     <span class='ocr_line' id='line_1_116' title="bbox 1738 5243 3057 5313; baseline -0.005 -12"><span class='ocrx_word' id='word_1_857' title='bbox 1738 5249 1785 5278; x_wconf 75' lang='grc' dir='ltr'><strong>⁸ο</strong></span> <span class='ocrx_word' id='word_1_858' title='bbox 1817 5247 2003 5301; x_wconf 91' lang='lat' dir='ltr'><strong>IlCor.</strong></span> <span class='ocrx_word' id='word_1_859' title='bbox 2039 5262 2117 5311; x_wconf 89' lang='grc' dir='ltr'>ιιι,</span> <span class='ocrx_word' id='word_1_860' title='bbox 2143 5243 2195 5299; x_wconf 91' lang='grc'>6.</span> <span class='ocrx_word' id='word_1_861' title='bbox 2273 5245 2316 5275; x_wconf 68' lang='grc' dir='ltr'><strong>δι</strong></span> <span class='ocrx_word' id='word_1_862' title='bbox 2357 5243 2586 5313; x_wconf 86' lang='lat' dir='ltr'><strong>Philipp.</strong></span> <span class='ocrx_word' id='word_1_863' title='bbox 2624 5259 2704 5310; x_wconf 91' lang='grc' dir='ltr'>ιιι,</span> <span class='ocrx_word' id='word_1_864' title='bbox 2742 5244 2797 5297; x_wconf 84' lang='grc'>5.</span> <span class='ocrx_word' id='word_1_865' title='bbox 2870 5246 2916 5276; x_wconf 70' lang='grc' dir='ltr'><strong>δ’</strong></span> <span class='ocrx_word' id='word_1_866' title='bbox 2949 5243 3057 5297; x_wconf 88' lang='lat' dir='ltr'><strong>Joat</strong></span> 
     </span>
     <span class='ocr_line' id='line_1_117' title="bbox 1738 5314 3057 5369; baseline 0 0"><span class='ocrx_word' id='word_1_867' title='bbox 1738 5319 1890 5369; x_wconf 66' lang='lat' dir='ltr'><strong>Amos</strong></span> <span class='ocrx_word' id='word_1_868' title='bbox 1914 5332 1983 5369; x_wconf 87' lang='lat' dir='ltr'><strong>tv.</strong></span> <span class='ocrx_word' id='word_1_869' title='bbox 2012 5317 2095 5369; x_wconf 90' lang='grc'><strong>12.</strong></span> <span class='ocrx_word' id='word_1_870' title='bbox 2173 5316 2217 5347; x_wconf 68' lang='grc'><strong>⁸⁷</strong></span> <span class='ocrx_word' id='word_1_871' title='bbox 2249 5314 2412 5369; x_wconf 86' lang='lat' dir='ltr'><strong>Zach.</strong></span> <span class='ocrx_word' id='word_1_872' title='bbox 2446 5331 2544 5369; x_wconf 80' lang='lat' dir='ltr'><strong>xu.</strong></span> <span class='ocrx_word' id='word_1_873' title='bbox 2580 5315 2630 5367; x_wconf 88' lang='grc'><strong>1.</strong></span> <span class='ocrx_word' id='word_1_874' title='bbox 2708 5314 2753 5346; x_wconf 71' lang='grc'><strong>⁸⁸</strong></span> <span class='ocrx_word' id='word_1_875' title='bbox 2784 5315 2906 5369; x_wconf 83' lang='lat' dir='ltr'><strong>Act.</strong></span> <span class='ocrx_word' id='word_1_876' title='bbox 2942 5331 2994 5369; x_wconf 94' lang='lat' dir='ltr'><strong>v.</strong></span> <span class='ocrx_word' id='word_1_877' title='bbox 3023 5315 3057 5369; x_wconf 85' lang='lat'><strong>5</strong></span> 
     </span>
    </p>
   </div>
   <div class='ocr_carea' id='block_1_116' title="bbox 2893 5352 3077 5381">
    <p class='ocr_par' dir='ltr' id='par_1_116' title="bbox 2893 5352 3077 5381">
     <span class='ocr_line' id='line_1_118' title="bbox 2893 5352 3077 5381; baseline 0.011 -13"><span class='ocrx_word' id='word_1_878' title='bbox 2893 5352 2906 5368; x_wconf 73' lang='lat' dir='ltr'><strong>I</strong></span> <span class='ocrx_word' id='word_1_879' title='bbox 2950 5352 3077 5381; x_wconf 66' lang='grc' dir='ltr'><strong>’,νο</strong></span> 
     </span>
    </p>
   </div>
   <div class='ocr_carea' id='block_1_117' title="bbox 2173 5314 2630 5379">
    <p class='ocr_par' dir='ltr' id='par_1_117' title="bbox 2173 5314 2630 5379">
     <span class='ocr_line' id='line_1_119' title="bbox 2173 5314 2630 5379; baseline -0.002 -12"><span class='ocrx_word' id='word_1_880' title='bbox 2173 5316 2217 5347; x_wconf 68' lang='grc'><strong>⁸⁷</strong></span> <span class='ocrx_word' id='word_1_881' title='bbox 2249 5314 2412 5369; x_wconf 85' lang='lat' dir='ltr'><strong>Zach.</strong></span> <span class='ocrx_word' id='word_1_882' title='bbox 2446 5331 2544 5379; x_wconf 80' lang='lat' dir='ltr'><strong>xu,</strong></span> <span class='ocrx_word' id='word_1_883' title='bbox 2580 5315 2630 5367; x_wconf 88' lang='grc'><strong>1.</strong></span> 
     </span>
    </p>
   </div>
   <div class='ocr_carea' id='block_1_118' title="bbox 1825 5480 3319 5551">
    <p class='ocr_par' dir='ltr' id='par_1_118' title="bbox 1825 5480 3319 5551">
     <span class='ocr_line' id='line_1_120' title="bbox 1825 5480 3319 5551; baseline -0.007 -16"><span class='ocrx_word' id='word_1_884' title='bbox 1825 5481 1939 5551; x_wconf 84' lang='lat'><strong>(56)</strong></span> <span class='ocrx_word' id='word_1_885' title='bbox 1981 5481 2223 5536; x_wconf 88' lang='lat' dir='ltr'><strong>Emendo</strong></span> <span class='ocrx_word' id='word_1_886' title='bbox 2249 5496 2313 5535; x_wconf 78' lang='lat' dir='ltr'><strong>ex</strong></span> <span class='ocrx_word' id='word_1_887' title='bbox 2330 5483 2497 5535; x_wconf 89' lang='lat' dir='ltr'><strong>veteri</strong></span> <span class='ocrx_word' id='word_1_888' title='bbox 2520 5481 2776 5545; x_wconf 88' lang='lat' dir='ltr'><strong>editione,</strong></span> <span class='ocrx_word' id='word_1_889' title='bbox 2796 5498 2815 5531; x_wconf 81' lang='grc' dir='ltr'><strong>ι</strong></span> <span class='ocrx_word' id='word_1_890' title='bbox 2849 5480 3079 5551; x_wconf 85' lang='lat' dir='ltr'><strong>Sanctus</strong></span> <span class='ocrx_word' id='word_1_891' title='bbox 3098 5483 3285 5551; x_wconf 86' lang='lat' dir='ltr'><strong>bonus.</strong></span> <span class='ocrx_word' id='word_1_892' title='bbox 3302 5495 3319 5525; x_wconf 74' lang='grc' dir='ltr'><strong>ι</strong></span> 
     </span>
    </p>
   </div>
   <div class='ocr_carea' id='block_1_119' title="bbox 1753 5549 3324 5618">
    <p class='ocr_par' dir='ltr' id='par_1_119' title="bbox 1753 5549 3324 5618">
     <span class='ocr_line' id='line_1_121' title="bbox 1753 5549 3324 5618; baseline -0.006 -12"><span class='ocrx_word' id='word_1_893' title='bbox 1753 5567 1878 5606; x_wconf 89' lang='lat' dir='ltr'><strong>cum</strong></span> <span class='ocrx_word' id='word_1_894' title='bbox 1920 5549 2079 5606; x_wconf 84' lang='lat' dir='ltr'><strong>esset</strong></span> <span class='ocrx_word' id='word_1_895' title='bbox 2105 5562 2293 5605; x_wconf 87' lang='lat' dir='ltr'><strong>contra</strong></span> <span class='ocrx_word' id='word_1_896' title='bbox 2327 5552 2580 5605; x_wconf 84' lang='lat' dir='ltr'><strong>Auctoris</strong></span> <span class='ocrx_word' id='word_1_897' title='bbox 2618 5561 2875 5615; x_wconf 88' lang='lat' dir='ltr'><strong>mentem,</strong></span> <span class='ocrx_word' id='word_1_898' title='bbox 2934 5568 2953 5600; x_wconf 80' lang='grc' dir='ltr'><strong>ι</strong></span> <span class='ocrx_word' id='word_1_899' title='bbox 2976 5549 3207 5618; x_wconf 85' lang='lat' dir='ltr'><strong>Spiritus</strong></span> <span class='ocrx_word' id='word_1_900' title='bbox 3230 5550 3324 5599; x_wconf 87' lang='lat' dir='ltr'><strong>bo-</strong></span> 
     </span>
    </p>
   </div>
   <div class='ocr_carea' id='block_1_120' title="bbox 1752 5638 1917 5675">
    <p class='ocr_par' dir='ltr' id='par_1_120' title="bbox 1752 5638 1917 5675">
     <span class='ocr_line' id='line_1_122' title="bbox 1752 5638 1917 5675; baseline -0.006 -1"><span class='ocrx_word' id='word_1_901' title='bbox 1752 5638 1872 5675; x_wconf 87' lang='lat' dir='ltr'><strong>nus.</strong></span> <span class='ocrx_word' id='word_1_902' title='bbox 1900 5640 1917 5667; x_wconf 82' lang='lat'><strong>|</strong></span> 
     </span>
    </p>
   </div>
   <div class='ocr_carea' id='block_1_121' title="bbox 1824 5686 3329 5756">
    <p class='ocr_par' dir='ltr' id='par_1_121' title="bbox 1824 5686 3329 5756">
     <span class='ocr_line' id='line_1_123' title="bbox 1824 5686 3329 5756; baseline -0.005 -11"><span class='ocrx_word' id='word_1_903' title='bbox 1824 5691 1938 5755; x_wconf 87' lang='lat'><strong>(57)</strong></span> <span class='ocrx_word' id='word_1_904' title='bbox 1978 5689 2083 5743; x_wconf 89' lang='lat' dir='ltr'><strong>Pro</strong></span> <span class='ocrx_word' id='word_1_905' title='bbox 2121 5706 2283 5745; x_wconf 72' lang='lat' dir='ltr'><strong>«sum</strong></span> <span class='ocrx_word' id='word_1_906' title='bbox 2328 5691 2569 5753; x_wconf 90' lang='lat' dir='ltr'><strong>ﬁrmans,</strong></span> <span class='ocrx_word' id='word_1_907' title='bbox 2633 5689 2844 5745; x_wconf 71' lang='grc' dir='ltr'><strong>»αι-ωε.</strong></span> <span class='ocrx_word' id='word_1_908' title='bbox 2901 5686 3153 5756; x_wconf 78' lang='grc' dir='ltr'><strong>στερεῶν,</strong></span> <span class='ocrx_word' id='word_1_909' title='bbox 3207 5693 3329 5738; x_wconf 71' lang='lat' dir='ltr'><strong>erat</strong></span> 
     </span>
    </p>
   </div>
   <div class='ocr_carea' id='block_1_122' title="bbox 1757 5761 3248 5830">
    <p class='ocr_par' dir='ltr' id='par_1_122' title="bbox 1757 5761 3248 5830">
     <span class='ocr_line' id='line_1_124' title="bbox 1757 5761 3248 5830; baseline -0.003 -18"><span class='ocrx_word' id='word_1_910' title='bbox 1757 5779 1774 5812; x_wconf 80' lang='grc' dir='ltr'><strong>ι</strong></span> <span class='ocrx_word' id='word_1_911' title='bbox 1810 5763 2145 5818; x_wconf 86' lang='lat' dir='ltr'><strong>conﬁrmavi.</strong></span> <span class='ocrx_word' id='word_1_912' title='bbox 2176 5781 2192 5813; x_wconf 81' lang='grc' dir='ltr'><strong>ι</strong></span> <span class='ocrx_word' id='word_1_913' title='bbox 2229 5763 2281 5817; x_wconf 94' lang='lat' dir='ltr'><strong>In</strong></span> <span class='ocrx_word' id='word_1_914' title='bbox 2307 5761 2507 5830; x_wconf 78' lang='lat' dir='ltr'><strong>aliqum</strong></span> <span class='ocrx_word' id='word_1_915' title='bbox 2542 5778 2697 5827; x_wconf 86' lang='lat' dir='ltr'><strong>tuss.,</strong></span> <span class='ocrx_word' id='word_1_916' title='bbox 2746 5779 2763 5811; x_wconf 75' lang='grc' dir='ltr'><strong>ι</strong></span> <span class='ocrx_word' id='word_1_917' title='bbox 2795 5776 2913 5816; x_wconf 91' lang='lat' dir='ltr'><strong>sum</strong></span> <span class='ocrx_word' id='word_1_918' title='bbox 2944 5762 3199 5814; x_wconf 72' lang='grc' dir='ltr'>[υιίιιιιιιδ.</span> <span class='ocrx_word' id='word_1_919' title='bbox 3229 5774 3248 5806; x_wconf 72' lang='grc' dir='ltr'><strong>ι</strong></span> 
     </span>
    </p>
   </div>
  </div>
