3758 6310
392 291 530 350 1083

1631 283 1875 343 ΒΙΒΥΜΙ
1907 274 2372 338 ALEXANDRINI

3502 262 3636 317 9684

390 406 444 461 in
474 422 597 461 eum
634 404 881 463 Satanas,
909 402 986 455 Ad
1021 402 1162 470 quod
1193 408 1375 468 postea
1402 399 1828 467 respondendum
1855 404 1956 449 est.
1990 397 2034 451 A
2063 392 2261 446 factum
2300 402 2423 444 esse
2453 393 2507 440 et
2528 380 2730 437 habere
2759 378 3109 450 principium.
3155 372 3328 431 Porro
3370 373 3526 442 quod
3555 374 3636 425 in-

391 496 607 550 lnterim
628 511 768 550 nunc
788 496 1125 562 disputemus
1144 491 1257 560 (58)
1275 493 1557 545 adversum
1582 491 1631 544 id
1652 491 1792 560 quod
1817 488 1954 542 scri-

389 596 539 654 ptum
566 598 668 650 est,
713 605 732 637 ‹
763 600 930 655 quare
970 584 1208 652 implevit
1259 582 1488 637 Satanas
1514 597 1609 635 cor
1661 592 1807 634 tuum
1833 579 1950 631 ιη»

307 754 313 760 .
390 675 660 744 quomodo
680 673 910 728 Satanas
930 685 1162 727 mentem
1188 673 1416 739 alicujus
1444 681 1497 724 et
1529 670 1818 739 principale
1842 668 1953 739 (59)

309 780 317 809 .‘
390 766 571 820 cordis
604 766 838 835 impleat,
874 780 979 819 non
1011 765 1313 834 ingrediens
1344 764 1393 815 in
1423 778 1544 815 eum
1570 772 1623 815 et
1660 763 1710 815 in
1735 776 1953 814 sensum

390 858 529 925 ejus,
566 866 745 923 atque,
782 866 841 908 ut
870 856 941 908 ita
970 855 1165 917 dicam,
1196 852 1397 905 aditum
1452 851 1633 904 cordis
1670 850 1953 911 introiens,

391 947 657 1014 siquidem
693 947 806 1000 hazc
853 956 1091 1014 potestas
1138 945 1303 998 solius
1369 952 1451 996 est
1511 942 1821 1007 Trinitatis;
1863 940 1954 994 sed

390 1040 543 1107 quasi
575 1039 796 1092 callidus
830 1038 1045 1106 quidam
1081 1047 1135 1090 et
1168 1050 1400 1104 nequam
1437 1050 1500 1087 ac
1546 1034 1703 1087 fallax
1736 1032 1958 1086 fraudu-

392 1131 678 1196 lentusque
711 1130 984 1195 deceptor,
1014 1127 1065 1179 in
1107 1141 1200 1179 eos
1244 1125 1474 1177 animam
1506 1123 1796 1176 humanam
1840 1136 1955 1173 ma-

390 1219 517 1273 litiae
564 1218 787 1273 affectus
838 1218 1019 1279 trahit,
1063 1230 1157 1285 per
1196 1215 1546 1284 cogitationes
1604 1223 1657 1266 et
1686 1212 1954 1265 incentiva

391 1313 667 1373 vitiorum,
700 1311 894 1379 quibus
940 1310 1051 1377 ipse
1103 1308 1293 1373 plenus
1333 1317 1433 1359 est.
1485 1304 1720 1371 Denique
1768 1311 1821 1355 et
1844 1301 1956 1368 ipse

392 1402 609 1471 Elynias
648 1415 832 1469 magus
867 1400 1004 1452 ﬁlius
1034 1397 1256 1462 diaboli,
1292 1396 1446 1464 juxta
1474 1394 1729 1446 malitiam
1764 1390 1955 1458 nequi-

393 1493 632 1560 tiamque
656 1493 978 1553 subsistens,
1032 1488 1224 1555 plenus
1273 1487 1417 1540 omni
1459 1484 1579 1538 dolo
1632 1491 1687 1537 et
1728 1482 1953 1545 malitia,

391 1583 648 1636 scribitur
674 1601 691 1632 ‹
727 1581 923 1634 Satana
959 1590 1111 1649 patre
1132 1579 1273 1648 ejus,
1296 1597 1314 1628 ι
1352 1579 1491 1630 hanc
1521 1576 1569 1630 ei
1601 1575 1955 1638 voluntatem,

390 1674 544 1741 quasi
580 1689 647 1726 ex
706 1674 1098 1727 consuetudine
1152 1671 1405 1724 vitiorum
1441 1669 1493 1721 in
1538 1677 1786 1720 naturam
1834 1680 1956 1719 ver-

2061 478 2410 550 corruptibile
2443 476 2537 541 sit,
2559 489 2685 530 esse
2710 482 2764 527 et
2804 480 2948 525 retro
2971 480 3027 525 et
3051 469 3307 536 deinceps
3340 464 3606 531 serapiter

2062 590 2210 629 num.
2245 572 2359 626 Non
2393 583 2543 637 ergo,
2579 575 2636 618 tit
2676 564 2893 632 quidam
2939 569 3151 630 putant,
3212 554 3635 627 participatione

2061 675 2283 724 natum,
2313 662 2425 714 sive
2461 656 2782 714 substantia:
2812 653 2996 723 implet
3025 650 3336 720 quempiam
3366 645 3633 706 diabolus,

2063 768 2157 811 aut
2186 754 2303 825 ejus
2342 753 2609 807 habitator
2635 746 2882 809 efﬁcitur,
2914 745 3007 800 sed
3054 758 3151 811 per
3186 739 3633 803 fraudulentiam,

2061 858 2113 903 et
2135 843 2531 913 deceptionem.
2565 848 2618 894 et
2640 838 2919 898 malitiam,
2950 834 3193 888 habitare
3218 832 3270 884 in
3298 844 3368 883 eo
3396 827 3636 882 creditur

2061 954 2219 1009 quem
2244 934 2482 1004 replevit.
2504 932 2612 985 Hac
2641 940 2819 983 autem
2848 924 3231 979 fallaciaetiam
3261 919 3635 991 presbyteros,

2059 1030 2149 1099 qui
2194 1027 2456 1080 adversus
2493 1021 2799 1075 Snsannam
2853 1017 2906 1070 in
2940 1012 3319 1069 crudelitatem
3374 1024 3437 1064 se
3465 1018 3639 1062 verte-

2060 1116 2346 1187 rant(42),
2380 1111 2625 1175 intravit,
2651 1109 2879 1177 implens
2909 1107 3115 1160 animas
3161 1117 3354 1158 eorum
3390 1100 3637 1154 incendio

2062 1208 2316 1272 libidinis,
2339 1214 2393 1260 et
2414 1219 2535 1259 sera
2566 1200 2699 1257 senii
2734 1200 3022 1266 voluptate.
3052 1194 3325 1262 Scriptum
3361 1201 3447 1244 est
3471 1189 3635 1242 enim:

2068 1319 2086 1351 ι
2115 1300 2394 1354 Venerunt
2426 1305 2606 1349 autem
2642 1301 2697 1347 et
2729 1291 2833 1344 duo
2884 1285 3209 1357 presbyteri,
3264 1282 3413 1351 pleni
3459 1280 3637 1346 iniqua

2062 1390 2386 1461 cogitatione
2408 1388 2473 1440 δι.
2490 1405 2507 1438 ι
2527 1384 2619 1439 His
2643 1381 2852 1437 insidiis
2874 1376 3109 1448 implevit
3128 1385 3182 1429 et
3208 1373 3527 1426 universum
3547 1382 3641 1435 po.

2062 1456 2241 1546 pulum
2275 1475 2601 1538 Judaaorum,
2658 1471 2867 1525 dicente
2905 1464 3161 1535 propheta
3213 1463 3278 1516 de
3329 1475 3431 1514 eo:
3477 1478 3495 1510 ι
3532 1456 3643 1517 Vae,

2061 1584 2190 1641 gens
2210 1566 2505 1637 peccatrix,
2537 1562 2763 1633 populus
2791 1559 2979 1629 plenus
3021 1553 3276 1626 peccatis,
3312 1566 3503 1606 semen
3523 1564 3635 1618 pes-

2062 1663 2277 1723 simum,
2308 1660 2400 1713 ﬁlii
2431 1655 2678 1725 iniqui“.
2716 1673 2733 1704 ι
2768 1652 2958 1706 Semen
2983 1649 3173 1717 quippe
3192 1659 3427 1715 nequam
3455 1643 3637 1696 diabo-

393 1733 538 1819 teate
566 1763 701 1832 (40).
749 1764 996 1830 Argucns
1049 1762 1232 1828 itaque
1280 1774 1402 1812 eum
1443 1754 1715 1825 apostolus
1770 1753 1965 1809 Paulus
1994 1746 2036 1801 Β
2067 1752 2305 1821 Ιυε(45),
2345 1761 2398 1805 et
2422 1749 2517 1803 ﬁlii
2545 1748 2682 1818 ejus,
2706 1754 2924 1814 propter
2950 1740 3287 1807 iniquitatem
3322 1746 3380 1788 et
3403 1733 3633 1801 plenitu-

393 1867 555 1925 atque
589 1856 889 1923 corripiens
922 1855 998 1906 ait
1030 1869 1044 1905 :
1077 1870 1095 1903 ‹
1129 1851 1173 1905 Ο
1204 1850 1357 1918 plene
1406 1847 1552 1901 omni
1596 1845 1879 1914 iniquitate
1911 1856 1963 1901 et

392 1945 540 1999 omni
578 1945 721 2010 dolo,
760 1944 834 1997 ﬁli
882 1943 1103 2005 diaboli,
1154 1940 1371 1994 inimice
1417 1938 1642 2007 justitia:
1692 1936 1785 1990 Dei
1827 1936 1905 1989 5°!
1940 1956 1958 1987 ι

398 2034 536 2099 Quia
574 2034 717 2088 enim
749 2032 1051 2100 versipellis
1078 2040 1130 2084 et
1159 2029 1403 2095 callidus,
1452 2040 1663 2079 omnem
1703 2026 1756 2078 in
1782 2039 1839 2078 se
1873 2026 1968 2080 do-

392 2126 503 2181 lum
537 2124 910 2179 fraudulentia:
966 2129 1297 2191 susceperat,
1350 2118 1646 2189 appellatur
1672 2115 1820 2171 ﬁlius
1848 2116 1964 2170 dia-

396 2216 529 2272 boli.
593 2216 717 2283 quia
780 2213 1036 2283 implebat
1096 2213 1210 2281 ipse
1261 2224 1419 2265 omne
1467 2206 1763 2277 principale
1826 2206 1968 2260 illius

395 2306 583 2359 fraude
618 2319 670 2361 et
694 2306 993 2374 iniquitate,
1027 2312 1080 2359 et
1107 2304 1253 2358 omni
1280 2302 1516 2367 malitia;
1541 2302 1591 2355 in
1626 2310 1832 2355 tantum
1861 2298 1967 2352 illi-

399 2399 548 2452 ciens
575 2413 697 2452 eum
726 2409 889 2465 atque
912 2396 1208 2464 decipiens,
1236 2403 1293 2449 ut
1320 2395 1434 2462 ipse
1464 2391 1689 2447 Satanas
1718 2391 1970 2459 implesse

398 2490 635 2542 animam
686 2489 875 2556 ipsius,
932 2495 989 2541 et
1039 2486 1285 2539 habitare
1338 2486 1389 2538 in
1450 2485 1634 2540 eodem
1666 2488 1968 2551 putaretur,

398 2596 557 2649 quem
591 2581 655 2634 ad
689 2595 877 2634 omnes
910 2594 1022 2634 sua:
1053 2576 1421 2647 pervcrsitatis
1452 2574 1624 2640 dolos,
1667 2574 1967 2629 ministrant

399 2672 499 2725 sibi
537 2687 600 2726 ac
630 2671 889 2725 famulum
919 2678 1316 2739 prmparaverat
1351 2668 1482 2740 (41).

471 2763 559 2816 (il.
602 2764 682 2816 Ad
716 2762 767 2816 id
791 2777 920 2816 vero
952 2762 1096 2830 quod
1130 2761 1426 2815 secundum
1445 2755 1972 2828 posueramus[Vat.

402 2853 882 2923 proposueramus]
897 2852 1371 2922 exemplum,quia
1394 2852 1445 2904 in
1479 2850 1669 2904 Judam
1702 2850 1976 2904 introisset

403 2941 657 3006 Satanas,
682 2944 782 2996 hoc
804 2944 1089 2996 dicendum
1114 2953 1215 2995 est.
1246 2941 1555 2995 Observans
1581 2940 1826 2994 diabolus
1853 2939 1975 3007 qui-

402 3034 630 3087 busdam
662 3036 896 3088 motibus
922 3043 976 3087 et
1007 3033 1381 3103 operationum
1416 3032 1605 3100 signis,
1646 3032 1711 3084 ad
1735 3046 1855 3099 qua:
1883 3046 1970 3099 pa-
2003 3073 2044 3130 Ο

404 3124 674 3177 tissimum
705 3124 857 3179 Juda:
883 3140 977 3178 cor
1006 3135 1151 3178 esset
1174 3125 1302 3177 vitia
1330 3122 1644 3193 proclivius,
1677 3123 1976 3192 deprehen-

405 3212 483 3267 dit
508 3227 630 3267 eum
665 3220 848 3282 patere
881 3214 1092 3268 insidiis
1123 3213 1363 3266 avaritia:
1385 3252 1399 3275 ,
1450 3220 1505 3265 et
1528 3222 1738 3281 reperta
1765 3212 1973 3281 cupidi-

407 3305 736 3371 tatisjanua,
765 3306 913 3359 misit
947 3306 999 3359 in
1042 3315 1276 3360 mentem
1305 3304 1423 3371 ejus
1468 3305 1736 3373 quomodo
1771 3305 1978 3359 deside-

407 3405 582 3450 ratam
611 3399 890 3467 pecuniam
928 3398 1216 3467 acciperet,
1250 3407 1304 3452 et
1336 3413 1430 3467 per
1460 3398 1799 3452 occasionem
1821 3396 1975 3461 lucri,

407 3486 656 3555 proditur
692 3488 935 3556 magistri
966 3497 1019 3541 et
1040 3487 1338 3542 Salvatoris
1364 3487 1443 3541 sui
1462 3487 1768 3549 exsisteret,
1791 3501 1977 3555 argen-

410 3583 524 3629 tum
566 3592 662 3645 pro
703 3578 902 3645 pietate
933 3586 1296 3641 commutatis,
1325 3587 1379 3631 et
1422 3577 1724 3647 suscipiens
1750 3577 1979 3645 pretium

410 3668 634 3722 sceleris
660 3684 691 3722 a
723 3667 1010 3723 Pharisaeis
1042 3679 1204 3736 atque
1228 3667 1449 3723 Judaeis.
1487 3669 1609 3723 llaec
1636 3683 1763 3737 ergo
1782 3669 1983 3736 cogita-

412 3759 577 3813 tionis
609 3761 821 3813 occasio
850 3761 1024 3815 locum
1057 3761 1243 3814 tribuit
1279 3761 1524 3822 Satanze,
1558 3770 1616 3813 ut
1650 3760 1705 3812 in
1747 3774 1841 3812 cor
1866 3757 1982 3825 ejus

414 3850 702 3918 introiens,
727 3853 1112 3921 iinplcreteum
1145 3854 1381 3922 pessima
1412 3856 1706 3907 voluntate.
1738 3850 1985 3906 introivit

416 3960 546 4015 ergo
585 3960 688 3998 non
758 3947 1479 4011 secundum.substantiam,
1532 3946 1626 4000 sed
1692 3944 1983 3998 secundum

415 4038 822 4102 operationem,
868 4040 993 4106 quia
1025 4037 1271 4098 .introire
1323 4037 1373 4089 in
1429 4036 1700 4105 aliquem,
1733 4035 1988 4088 increatze

417 4136 625 4180 natura:
648 4135 731 4181 est
756 4126 894 4195 ejus,
922 4143 1042 4196 quae
1067 4128 1466 4195 partieipetura
1495 4125 1754 4195 pluribus.
1784 4124 1989 4191 Impar-

417 4215 713 4283 tieipabilis
744 4230 873 4285 ergo
908 4216 1155 4270 diabolus
1190 4225 1292 4278 est,
1326 4230 1429 4268 non
1464 4223 1699 4276 creator,
1728 4212 1819 4266 sed
1838 4226 1989 4265 crea-

421 4314 539 4356 tura
581 4305 899 4359 subsistens.
928 4305 1079 4359 Unde
1102 4314 1155 4359 et
1177 4305 1543 4359 convertibilis
1565 4314 1729 4372 atque
1760 4300 1990 4355 mutabi-

2063 1845 2265 1908 dinem,
2300 1842 2426 1896 dicti
2457 1847 2583 1894 sunt
2633 1844 2965 1906 peccatores.
3022 1829 3078 1885 Si
3126 1839 3303 1882 autem
3338 1826 3409 1879 ab
3435 1825 3525 1878 his
3551 1822 3633 1891 qui

2064 1936 2179 2005 ejus
2213 1937 2264 1990 in
2302 1932 2598 2003 Scripturis
2621 1928 2712 1982 ﬁlii
2741 1925 3105 1987 nominantur,
3139 1920 3290 1988 juxta
3324 1917 3635 1972 substantia:

2066 2003 2530 2096 participationem
2561 2035 2667 2073 non
2710 2012 3042 2084 capitur[al.
3094 2003 3528 2077 nuncupantur],
3565 2004 3631 2056 si-

2068 2115 2289 2185 quidem
2318 2110 2652 2181 impossibile
2681 2110 2781 2162 lioc
2806 2119 2925 2160 esse
2958 2104 3011 2157 in
3045 2099 3311 2156 creaturis
3333 2097 3632 2164 frequenter

2068 2220 2344 2263 ostensum
2380 2212 2485 2268 est,
2525 2216 2698 2270 neque
2745 2198 2884 2252 alius
2934 2194 3054 2263 quis
3087 2202 3265 2262 potest
3288 2205 3414 2244 eum
3449 2202 3631 2255 capere

2068 2298 2478 2369 participatione
2510 2292 2845 2353 substantiae,
2887 2289 2981 2343 sed
3031 2283 3404 2340 tantummodo
3432 2295 3632 2335 assum-

2071 2392 2252 2461 ptione
2311 2385 2821 2441 fraudulentissima).
2898 2380 3205 2435 voluntatis.
3257 2375 3629 2444 Operationem

2071 2460 2267 2552 quippe
2301 2489 2356 2534 et
2385 2477 2560 2533 studia
2591 2490 2697 2529 non
2734 2473 2903 2529 solum
2971 2471 3231 2525 bonorum
3268 2481 3517 2536 operum,
3545 2460 3628 2517 sed

2072 2572 2233 2624 etiam
2272 2567 2530 2621 malorum
2573 2565 2627 2617 in
2651 2562 2914 2617 creaturis
2944 2559 3213 2620 diximus;
3244 2563 3495 2608 naturam
3518 2564 3629 2603 vero

2075 2672 2237 2730 atque
2268 2656 2623 2721 substantiam
2669 2653 2835 2709 solius
2886 2653 2939 2705 in
2984 2648 3115 2704 alios
3176 2661 3335 2716 posse
3361 2642 3637 2696 Trinitatis

2074 2754 2276 2808 intraro
2307 2748 2441 2818 (44).

2144 2852 2232 2906 62.
2275 2847 2518 2912 Abunde,
2585 2854 2643 2900 ut
2686 2857 2831 2905 reor,
2890 2850 3169 2895 occursum
3228 2842 3312 2888 est
3357 2829 3628 2901 propositae

2075 2940 2384 3014 quaestioni.
2417 2938 2551 3004 Quia
2588 2950 2719 2991 vero
2769 2934 3003 3001 ineptum
3058 2936 3111 2982 et
3144 2926 3367 2981 stultum
3408 2923 3629 2980 videtur,

2079 3040 2338 3091 adversus
2393 3031 2537 3083 fatua
2586 3024 2934 3097 respondere,
2969 3030 3023 3076 et
3076 3021 3119 3075 si
3148 3017 3279 3087 quid
3326 3016 3380 3069 in
3419 3015 3627 3067 buccam

2080 3126 2247 3181 ruerit
2272 3122 2369 3196 [αι.
2397 3118 2577 3191 irruit]
2627 3116 2934 3185 impiorum,
2992 3113 3095 3166 hoc
3144 3107 3281 3163 velle
3310 3104 3625 3165 dissolvere;

2076 3234 2180 3272 non
2216 3215 2358 3269 enim
2395 3222 2601 3266 tantum
2652 3209 2903 3277 impietas
2968 3212 3074 3266 est,
3130 3198 3396 3255 scelerata
3455 3209 3631 3265 propo-

2075 3324 2225 3373 nere,
2256 3315 2515 3377 quantum
2546 3310 2602 3357 et
2630 3302 2695 3356 de
2729 3297 3009 3353 sceleratis
3049 3308 3171 3348 cum
3207 3290 3492 3345 resistente
3532 3284 3631 3337 vel-

2078 3403 2125 3457 le
2159 3400 2271 3468 (45)
2320 3406 2594 3459 tractare;
2630 3392 2828 3446 idcirco
2868 3386 2995 3443 illud
3049 3383 3193 3455 quod
3217 3381 3387 3436 solent
3416 3380 3629 3447 jactare,

2078 3500 2341 3561 praetereo
2372 3485 2629 3554 sacrilega
2658 3484 2917 3535 adversus
2940 3492 3033 3531 nos
3050 3474 3273 3530 audacia
3305 3470 3627 3541 proclaman-

2083 3558 2269 3638 tes:Si
2295 3578 2532 3650 Spiritus
2578 3582 2795 3629 sanctus
2858 3577 3070 3624 creatus
3095 3580 3197 3620 non
3218 3572 3323 3624 est,
3357 3569 3454 3613 aut
3481 3558 3633 3611 frater

2082 3684 2168 3729 est
2201 3674 2289 3727 Dei
2310 3648 2507 3734 Patris,
2535 3676 2626 3719 aut
2646 3674 2867 3734 patruus
2888 3670 2973 3715 est
2991 3654 3250 3726 unigeniti
3275 3652 3403 3707 Jesu
3424 3648 3635 3711 Christi,

2083 3776 2175 3820 aut
2205 3764 2345 3818 ﬁlius
2399 3759 2600 3815 Christi
2644 3764 2746 3819 est,
2773 3762 2867 3808 aut
2893 3765 3059 3821 nepos
3082 3757 3161 3804 est
3199 3746 3291 3800 Dei
3321 3743 3521 3805 Patris,
3554 3749 3635 3794 aut

2084 3856 2197 3925 ipse
2217 3853 2385 3908 Filius
2405 3849 2498 3905 Dei
2516 3844 2798 3912 est,etjam
2821 3857 2925 3897 non
2947 3840 3049 3894 erit
3072 3837 3374 3907 unigenitus
3397 3832 3639 3886 Dominus

2085 3920 2240 4001 .l-esus
2270 3941 2541 4004 Christus,
2566 3953 2689 3992 cum
2720 3936 2947 3989 alterum
2978 3930 3198 3984 fratrem
3236 3925 3457 3979 habeat.
3478 3920 3637 3975 Miseri

2085 4048 2251 4105 atque
2284 4029 2638 4092 miserabiles,
2676 4042 2779 4081 non
2810 4022 3101 4079 sentientes
3133 4017 3199 4072 de
3241 4012 3571 4083 incorporeis
3596 4021 3640 4062 et

2090 4104 2467 4186 invisibilibus,
2490 4122 2644 4191 juxta
2674 4114 3032 4185 corporalium
3066 4118 3120 4165 et
3146 4106 3437 4161 visibilium
3470 4104 3635 4169 dispu-

2092 4219 2191 4273 tari
2220 4231 2323 4285 non
2360 4214 2525 4268 licere
2558 4218 2827 4263 naturam.
2859 4203 3097 4257 Fratrem
3126 4212 3245 4253 esse
3271 4193 3357 4249 vel
3376 4204 3634 4262 patruum,

2092 4282 2341 4374 nepotem
2376 4301 2457 4355 vel
2487 4298 2678 4360 ﬁlium,
2709 4306 2991 4363 corporum
3030 4287 3241 4342 nomina
3276 4294 3424 4348 sunt,
3468 4292 3522 4335 et
3552 4281 3640 4333 im-

422 4396 512 4463 lis,
547 4412 578 4451 e
598 4401 885 4451 sanctitate
908 4396 1288 4465 deciditatque
1309 4399 1528 4452 virtute.
1562 4396 1807 4450 Diximus
1829 4409 1989 4462 supra
2020 4407 2065 4463 1)
2095 4394 2399 4451 becillitatis
2428 4392 2674 4445 humana:
2725 4383 3004 4440 vocabula.
3051 4379 3286 4432 Trinitas
3316 4390 3443 4430 vero
3471 4384 3640 4427 omnes

425 4488 716 4557 μετοχικόν
747 4488 883 4560 [crat
911 4487 1259 4559 μετοχικῶς],
1292 4489 1341 4542 id
1379 4499 1480 4551 est,
1531 4489 1667 4555 quod
1704 4486 1990 4555 participa-

426 4579 570 4633 tione
598 4581 862 4649 capiatur,
894 4596 1013 4635 esse
1045 4580 1452 4648 incorruptibile
1477 4589 1530 4633 et
1559 4578 1911 4641 immutabile,
1937 4586 1994 4631 et

426 4680 821 4740 consequenter
856 4684 1138 4727 aeternum.
1174 4672 1324 4738 Quod
1353 4682 1531 4724 autem
1564 4669 1763 4724 mutari
1790 4676 1991 4737 potest,

497 4782 544 4814 "
585 4782 740 4836 Joan.
789 4798 909 4850 xui,
954 4784 1043 4838 27.
1119 4784 1289 4838 “Act.
1320 4783 1547 4847 xui,lO.

430 5101 746 5151 expressum
773 5096 873 5142 est.

506 5150 618 5227 ('59)
658 5156 845 5211 Graece
884 5155 1239 5227 ἡγεμονικόν.
1281 5153 1411 5209 Vide
1444 5155 1497 5208 in
1523 5150 1926 5209 commentariis
1950 5150 2003 5202 in

432 5222 766 5277 Matthmum.

506 5292 618 5372 (40)
661 5294 897 5372 γειίεη(
928 5294 1081 5364 quasi
1133 5308 1200 5349 ex
1265 5292 1657 5348 consuetudine
1704 5289 1997 5345 secundam

430 5376 568 5432 pene
602 5364 874 5428 injiciente
902 5377 1173 5417 naturam.
1205 5383 1223 5415 ι

506 5432 588 5502 (Al
603 5432 620 5500 )
636 5433 831 5502 idenm
846 5435 1151 5487 ministrum
1169 5433 1269 5487 sibi
1288 5447 1349 5485 ac
1366 5432 1529 5485 ﬁlium
1545 5437 1961 5500 prmparavcrat.
1977 5445 1995 5477 ι

440 5570 453 5583 ν
500 5500 619 5571 με)
634 5572 645 5583 _
663 5500 828 5583 \fetus
849 5505 1002 5565 edit.,
1022 5520 1039 5553 ‹
1064 5505 1151 5571 qui
1171 5504 1428 5583 adversus
1447 5502 1747 5583 Snsannain
1764 5512 2003 5583 amorem

438 5570 492 5624 in
517 5568 887 5626 crudelitatem
906 5568 1227 5626 verteranm
1254 5570 1446 5637 Vatic.,
1475 5573 1596 5639 «qui
1628 5570 1886 5623 adversus
1900 5568 2004 5619 Su-

443 5656 667 5694 sannam
692 5642 1006 5703 saeviebant,
1044 5641 1097 5697 in
1135 5642 1505 5698 crudelitatem
1526 5638 1787 5703 verterat,
1821 5646 1875 5691 et
1900 5638 2001 5691 im-

454 5710 615 5778 plevit
650 5713 877 5777 animas,
914 5734 929 5764 ›
953 5722 1057 5768 etc.

1626 4782 1667 4812 “
1705 4780 1840 4834 Dan.
1898 4796 2015 4844 xm,
2073 4778 2165 4834 9.8.

498 4875 611 4945 (58)
653 4876 969 4944 lmperfecto
993 4892 1151 4931 sensu
1184 4886 1299 4931 erat
1327 4893 1340 4927 :
1379 4894 1397 4925 ι
1434 4875 1649 4929 Interim
1681 4888 1824 4926 nunc
1856 4872 1923 4945 at_l
1947 4873 1999 4925 id

427 4941 570 5026 quod
593 4941 862 5026 scriptum
887 4959 1022 5002 est.»
1053 4946 1288 5026 Vierbutn
1332 4964 1350 4997 ι
1376 4946 1712 5026 disputemus
1736 4958 1855 5026 Le;
1893 4941 2000 4995 Re.

430 5010 566 5082 gina:
596 5032 695 5070 ms.
716 5010 957 5072 alterum
990 5035 1007 5068 ‹
1030 5020 1338 5079 adversum,
1365 5034 1383 5066 ι
1414 5010 1477 5069 ei
1510 5017 1623 5083 ipso
1657 5024 1705 5067 et
1736 5010 2000 5065 Vaticano

2098 4486 2201 4540 has
2226 4479 2661 4553 prietergreditur
2684 4471 3122 4537 nuncupationes.
3154 4467 3219 4521 Et
3237 4467 3639 4535 quotiescunque

2100 4579 2153 4631 in
2181 4575 2356 4643 aliqua
2382 4573 2446 4626 de
2478 4570 2561 4624 his
2589 4567 2731 4621 cadit
2758 4580 2774 4629 ς
2801 4563 3106 4618 nominibus
3146 4558 3363 4619 nostris,
3385 4564 3441 4609 et
3477 4556 3637 4606 incon-

2102 4667 2248 4737 gruis
2265 4660 2539 4718 vocabulis
2560 4674 2665 4713 non
2688 4670 2839 4711 suam
2859 4664 3101 4706 naturam
3122 4648 3232 4717 (46)
3253 4648 3503 4715 loquitur.
3522 4643 3636 4698 Cum

2239 4778 2285 4807 δ’
2316 4775 2417 4829 lsa.
2464 4788 2503 4834 ι,
2553 4770 2606 4823 4.

2192 4869 2281 4933 45)
2321 4866 2452 4920 Cod.
2482 4861 2719 4930 Regium,
2769 4876 2787 4909 ι
2813 4856 2902 4912 ﬁlii
2948 4853 3163 4933 diaboli.
3188 4870 3207 4903 ι
3231 4850 3297 4903 Et
3336 4864 3459 4903 mox
3485 4848 3636 4926 γεω.

2106 4960 2123 4991 ι
2153 4915 2280 4992 dicti
2309 4915 2449 4989 sunt
2473 4915 2837 5000 peccatorum,
2865 4946 2882 4977 ι
2913 4926 3082 4995 probo
3108 4933 3332 4988 uterque
3354 4935 3532 4982 sensu,
3552 4915 3634 4970 nisi

2096 5010 2257 5064 etiam
2280 5006 2506 5059 meliori.

2168 5058 2278 5147 (44)
2322 5070 2641 5147 Expressius
2687 5067 2824 5147 Deg.
2849 5079 2977 5126 ms.,
3010 5080 3055 5143 ἰ
3199 5060 3364 5139 etiam
3399 5058 3633 5147 malorum

2099 5130 2489 5216 participabilia
2524 5156 2643 5216 esse
2694 5138 2746 5189 in
2765 5130 3052 5216 O'creaturis
3112 5130 3382 5216 diximus,
3417 5138 3635 5216 naturam

2102 5197 2262 5270 {eis
2297 5197 2459 5279 atque
2512 5206 2868 5262 substantiam
2918 5204 3083 5257 solius
3132 5199 3419 5253 Trinitatis
3451 5199 3501 5250 in
3527 5197 3639 5248 alios

2104 5282 2261 5356 posse
2286 5291 2510 5356 tn_trare_.
2560 5296 2578 5328 ι

2172 5336 2283 5421 (iii)
2328 5353 2454 5404 Erat
2484 5346 2818 5401 incommodo
2842 5358 3025 5405 sensu,
3073 5359 3092 5391 ί
3117 5338 3303 5421 saltem
3330 5336 3636 5389 resistentem

2102 5408 2290 5485 velle,»
2316 5432 2420 5473 etc.
2446 5435 2460 5483 ;
2488 5430 2596 5469 tum
2617 5427 2764 5469 certo
2781 5428 2985 5473 errore,
3008 5431 3024 5461 ι
3048 5412 3186 5485 quod
3214 5408 3387 5485 solent
3416 5416 3636 5485 tractare:

2103 5470 2382 5564 praetereo,
2416 5470 2460 5538 ι’
2493 5502 2593 5564 pro
2645 5504 2662 5535 ι
2684 5486 2909 5564 jactare,
2939 5470 2981 5531 ι’
3012 5470 3105 5534 aut
3128 5478 3437 5544 (jactitare,
3468 5491 3484 5521 ι
3521 5470 3635 5539 quod

2107 5554 2304 5618 habent
2328 5554 2723 5613 etnendatiores
2751 5554 2892 5607 libri.

2178 5614 2287 5700 (46)
2332 5628 2465 5700 Male
2488 5626 2787 5700 obtinebat,
2829 5640 2847 5673 ι
2876 5639 2977 5700 non
3000 5635 3105 5700 sua
3133 5625 3345 5683 natura,
3374 5634 3393 5667 ο
3417 5614 3468 5668 in
3495 5619 3632 5665 recto.

2110 5692 2374 5759 Eniendat
2402 5696 2572 5751 Vatic.
2610 5706 2664 5750 ει
2694 5704 2847 5748 vetus
2884 5692 3067 5747 editio.
