3758 6308
107 297 237 351 {035

1348 299 1632 356 CONTRA
1671 302 2112 365 MANICHABOS.

3219 313 3360 371 {086

106 421 259 488 igitur
287 424 484 472 sancta
549 415 828 485 Scriptura
883 417 1113 486 amplius
1165 418 1233 473 de
1266 418 1534 475 Trinitate
1571 439 1674 475 non
1715 431 1756 485 Α
1793 443 1902 481 ram
1935 429 2262 496 hominibus,
2333 431 2618 503 negabitur
2654 433 2724 488 ab
2777 445 2841 487 eo
2869 446 3050 489 coram
3087 430 3267 498 Patre,
3301 442 3358 496 et

104 510 258 572 dicat,
285 508 392 562 nisi
429 508 608 561 Deum
636 507 847 560 Patrem
877 521 997 560 esse
1038 506 1361 576 Salvatoris,
1403 521 1456 564 et
1487 511 1682 567 Filium

103 611 416 669 generatum
453 613 585 654 esse
617 615 645 653 a
679 598 861 665 Patre,
904 601 1007 654 hoc
1041 605 1412 658 tantummodo
1431 605 1686 660 debemus

103 693 294 748 sentire
322 691 474 761 quod
503 692 773 761 scriptum
805 702 908 746 est.
945 693 1012 746 Et
1041 702 1259 747 ostenso
1284 696 1426 763 quod
1454 694 1686 764 Spiritus

103 794 312 839 sanctus
346 785 638 838 increatus
669 784 761 846 sit,
789 783 1518 852 consequenterintelligere,
1543 788 1684 854 quod

103 874 248 941 cujus
280 888 390 928 non
419 884 512 928 est
549 883 734 929 creata
755 874 1079 938 substantia,
1107 881 1252 926 reete
1279 869 1424 925 Patri
1443 871 1685 942 Filioque

102 968 350 1023 societur.

166 1058 252 1110 63.
293 1055 422 1110 Hcce
444 1055 610 1123 juxta
639 1053 837 1124 eloquii
872 1054 1040 1108 nostri
1069 1062 1436 1123 paupertatem
1481 1053 1534 1107 in
1555 1069 1685 1121 pra:-

103 1148 228 1203 seuti
279 1147 426 1202 dicta
484 1144 795 1211 subiciant,
863 1145 1114 1199 timorem
1174 1160 1376 1208 meum,
1440 1146 1580 1210 quod
1616 1145 1682 1198 de

104 1237 292 1303 Spiritu
324 1243 535 1288 sancto
568 1233 712 1302 loqui
741 1245 900 1286 ausus
929 1230 1052 1295 sim,
1082 1229 1372 1284 indicantia
1399 1229 1532 1299 (47).
1562 1228 1685 1294 Qui-

104 1343 302 1396 cunque
327 1327 476 1381 cnitn
507 1327 564 1380 in
601 1340 724 1379 eum
771 1323 1254 1392 blasphemaverit,
1286 1337 1389 1376 non
1419 1321 1591 1375 solum
1623 1321 1678 1373 in

106 1423 195 1475 hoc
224 1421 444 1482 saeculo,
469 1432 664 1471 verum
696 1417 858 1470 etiam
893 1415 949 1468 in
993 1413 1177 1468 futuro
1223 1429 1326 1468 non
1385 1413 1683 1468 dimittetur

107 1514 150 1567 ei
177 1512 241 1576 ⁵³.
272 1526 372 1565 nec.
399 1509 516 1564 ulla
553 1507 923 1562 misericordia
952 1518 1006 1560 et
1038 1507 1192 1558 venia
1227 1503 1588 1559 reservabitur
1606 1503 1679 1557 illi

107 1605 186 1672 qui
209 1601 621 1656 conculcaverit
659 1599 853 1653 Filium
901 1597 1015 1660 Dei,
1059 1604 1112 1648 et
1157 1595 1404 1664 iniuriam
1435 1593 1527 1666 [αι.
1553 1610 1683 1650 con-

107 1690 394 1762 tumeliam]
428 1690 627 1745 fecerit
653 1687 874 1756 Spiritui
899 1687 1084 1758 gratiae
1111 1685 1250 1754 ejus,
1278 1687 1330 1739 in
1355 1702 1458 1753 quo
1483 1685 1682 1739 sancti-

1792 519 1998 588 angelis
2031 520 2148 589 ejus
2179 522 2246 576 ⁸⁸.
2274 521 2414 593 Ergo
2442 524 2564 593 quia
2600 524 2741 578 nulla
2783 525 2933 579 venia
2960 523 3014 578 in
3039 522 3355 579 Trinitatem

1796 613 2114 666 conceditur
2152 613 2669 682 blasphemantibus,
2690 617 2840 670 omni
2877 617 3054 672 studio
3072 625 3128 670 et
3149 616 3353 672 cautela

1789 711 1871 757 est
1888 703 2291 770 providendum,
2313 713 2367 758 ut
2392 719 2457 760 ne
2475 707 2525 759 in
2556 706 2704 761 brevi
2720 707 2932 775 quidem
2954 721 3224 776 parvoque
3241 721 3357 761 ser-

1794 808 1951 846 mone
1984 795 2051 848 de
2100 809 2161 848 ea
2219 794 2576 864 disputantes,
2619 797 2879 852 labantur.
2937 797 3074 863 Quin
3107 798 3280 867 potius
3309 797 3354 852 si

1795 887 1915 953 quis
1951 888 2052 942 hoc
2100 887 2347 942 volumen
2406 889 2582 959 legere
2631 890 2877 955 voluerit,
2927 905 3259 959 qutesumus,
3298 900 3356 944 ut

1790 979 2009 1031 inundet
2041 993 2100 1032 se
2131 980 2198 1032 ab
2225 980 2370 1033 omni
2401 993 2565 1048 opere
2621 981 2760 1035 malo
2781 1019 2802 1045 ,.
2835 989 2886 1035 et
2941 981 3354 1050 cogitationibus

1791 1071 2076 1137 pessimis:
2102 1084 2208 1138 quo
2240 1071 2408 1139 possit
2441 1070 2743 1124 illumina-to
2771 1074 2936 1130 corde
2958 1087 3018 1127 ea
3061 1073 3355 1143 intelligere

1792 1174 1912 1228 quae
1943 1160 2218 1223 dicuntur,
2254 1168 2306 1212 et
2337 1159 2527 1228 plenus
2554 1160 2841 1215 sanctitate
2882 1170 3042 1230 atque
3063 1161 3348 1230 sapientia,

1788 1251 2066 1319 ignoscere
2093 1251 2270 1314 nobis,
2297 1250 2468 1304 sicubi
2508 1251 2838 1306 voluntatem
2864 1262 3100 1306 nostram
3127 1267 3230 1305 non
3249 1254 3351 1306 im-

1787 1343 1947 1410 plevit
1981 1343 2221 1408 ell'ectus,
2258 1353 2309 1396 et
2337 1345 2706 1398 tantummodo
2730 1345 3035 1399 consideret
3050 1360 3153 1413 qua
3173 1354 3350 1398 mente

1785 1436 1912 1504 quid
1942 1436 2142 1489 dictum
2177 1435 2266 1498 sit,
2299 1450 2400 1487 non
2426 1436 2618 1502 quibus
2647 1450 2960 1503 espressunt
2988 1436 3347 1489 sermonibus.

1789 1526 1941 1581 Sicut
1971 1527 2112 1580 enim
2172 1527 2388 1595 pietatis
2427 1541 2642 1580 sensum
2689 1529 2845 1581 nobis
2896 1528 3173 1581 audaciter
3196 1528 3348 1596 juxta

1788 1628 2028 1674 nostram
2063 1619 2448 1673 conscientiam
2499 1618 2852 1684 vindicamus,
2888 1619 2955 1672 ita
2995 1629 3252 1687 quantum
3281 1619 3349 1674 de

1784 1724 1848 1764 eo
1873 1709 2015 1778 loqui
2043 1710 2293 1777 pertinet,
2315 1719 2650 1762 venustatem
2672 1708 2998 1762 rhetoricam
3020 1709 3352 1763 facundiam-

110 1786 284 1838 licatus
312 1792 400 1838 est
428 1783 499 1836 “.
551 1782 702 1848 Quod
746 1781 962 1849 quidem
994 1786 1047 1832 et
1078 1778 1130 1831 in
1170 1778 1279 1830 Deo
1311 1776 1469 1830 Patre
1489 1784 1572 1830 est
1596 1776 1679 1828 in-
1709 1781 1753 1838 Β

1791 1776 2077 1870 que,juxta
2104 1799 2544 1867 consequentiam
2574 1797 2684 1867 (49)
2720 1808 3030 1868 textumque
3058 1798 3346 1865 sermonis,

111 1875 469 1944 telligendum.
522 1874 659 1926 Nam
714 1871 806 1940 qui
867 1869 1316 1938 blasphemaverit
1367 1868 1417 1920 in
1451 1882 1593 1932 eum,
1621 1876 1676 1920 et

111 1968 259 2036 impie
292 1966 495 2036 egerit,
556 1965 674 2018 sine
733 1963 888 2016 venia
940 1960 1271 2016 cruciabitur
1294 1998 1308 2021 ,
1334 1959 1477 2012 nullo
1498 1973 1594 2027 pro
1621 1973 1686 2011 eo

113 2059 380 2112 Dominum
413 2058 749 2125 deprecante
772 2052 908 2125 (48),
939 2052 1080 2107 sicut
1103 2050 1362 2119 scriptum
1391 2056 1494 2112 est,
1534 2067 1552 2098 (
1583 2046 1684 2114 Qui

115 2160 277 2202 autem
308 2149 363 2203 in
403 2149 696 2203 Dominum
745 2145 911 2200 Deum
967 2143 1309 2214 peccaverit,
1363 2141 1481 2210 quis
1507 2140 1686 2194 orabit

117 2257 202 2309 pro
240 2257 303 2294 eo
342 2240 430 2293 ⁸⁵2
471 2259 490 2292 ι
528 2239 748 2294 Necnon
795 2246 848 2291 et
878 2236 970 2305 qui
1010 2235 1203 2290 Filium
1249 2233 1523 2302 negaverit
1579 2245 1674 2285 co-

173 2380 214 2410 "
251 2378 444 2434 Matth.
489 2395 592 2444 xu,
619 2378 710 2434 52.
782 2373 1189 2438 “Hebr.x,99.

179 2515 283 2584 (47)
326 2518 553 2586 Regium
601 2518 736 2571 liber
791 2526 843 2570 et
905 2517 1103 2582 Yatic.,
1138 2515 1437 2568 «timorem
1473 2521 1678 2586 tantum

121 2603 279 2706 nntium
300 2589 350 2667 in
382 2583 472 2654 eo,
495 2589 642 2658 quod
667 2590 732 2642 de
756 2585 958 2657 Spiritu
990 2596 1178 2640 sancto
1203 2587 1344 2655 loqui
1371 2601 1532 2638 ausus
1551 2583 1678 2644 sim,

121 2672 181 2706 nu
203 2673 350 2706 tcau.
395 2678 415 2706 ι

120 2672 472 2794 ημξῗὲἶιίὰἔηι
508 2729 643 2798 Reg.
669 2742 799 2796 ms.,
837 2747 855 2780 ε
892 2725 1036 2782 nullo
1067 2725 1227 2780 modo
1246 2741 1343 2794 pro
1358 2741 1423 2780 eo
1455 2725 1678 2779 Domino

123 2797 443 2863 deprecante.
457 2817 478 2850 ι

1774 1890 1960 1960 procul
1995 1890 2184 1944 abesse
2217 1888 2534 1957 simpliciter
2567 1889 2908 1942 confitemur.
2959 1890 3130 1942 Studii
3155 1889 3348 1958 quippe

1779 1979 1946 2033 nostri
1978 1978 2101 2042 fuit,
2128 1979 2193 2032 de
2244 1977 2545 2046 Scripturis
2588 1977 2793 2030 sanctis
2821 1977 3229 2041 disserentibus,
3265 1980 3350 2047 pie

1777 2071 2076 2141 intelligere
2108 2085 2228 2139 quae
2262 2070 2463 2138 scripta
2509 2079 2656 2134 sunt,
2693 2078 2745 2123 et
2786 2070 3109 2140 imperitiam
3136 2087 3348 2126 mensu-

1781 2178 2005 2232 ramque
2036 2161 2201 2216 nostri
2239 2176 2342 2214 non
2380 2161 2630 2230 ignorare
2669 2162 2956 2216 sermonis.

1268 2373 1311 2404 ⁸⁵
1349 2372 1368 2424 ι
1398 2372 1522 2441 Reg.
1554 2385 1615 2434 tt,
1644 2370 1734 2424 25.
1806 2370 1854 2400 ⁸⁸
1893 2367 2082 2422 Matth.
2113 2381 2168 2430 κ,
2199 2364 2288 2418 '55.

1777 2513 1780 2518 ’
1859 2512 1986 2580 (49)
2013 2511 2218 2564 lntrusa
2248 2507 2336 2561 hic
2364 2519 2656 2580 perperam
2695 2522 2726 2580 _c
2758 2518 2853 2580 llos
2877 2521 2897 2580 ι
2924 2504 3130 2580 vocula,
3158 2519 3346 2580 sensus

1789 2571 2089 2634 laborabat.
2133 2571 2389 2646 Expunxi
2408 2571 2508 2644 ope
2537 2575 2739 2628 codicis
2765 2571 3000 2646 Regina},
3043 2575 3132 2646 qui
3162 2576 3344 2646 itidem

1787 2661 2054 2718 expuncta
2092 2644 2224 2702 voce
2255 2667 2273 2698 ι
2296 2648 2469 2718 juxta,
2495 2663 2515 2695 ι
2576 2646 2686 2700 lere
2727 2644 3044 2698 concinnius
3077 2644 3202 2715 legit
3233 2662 3250 2694 ε
3276 2645 3347 2697 fa-

1787 2717 1980 2775 cundia
2008 2717 2469 2787 consequentiam.
2485 2732 2502 2765 ι

150 2931 3341 2974 W

945 3105 1448 3195 ΔΙΔΥΜΟΥ
1521 3101 1818 3190 ΚΑΤΑ
1871 3099 2525 3194 ΜΑΝΙΧΑΙΩΝ.

1465 3442 1931 3557 DIDYM
1943 3445 1988 3558 Ι

703 3683 1270 3782 CONTRA
1355 3675 2242 3772 MANICHIEOS
2331 3675 2759 3764 LIBER

1011 3872 1500 3943 INTERPRETE
1541 3877 1952 3939 FRANCISCO
1994 3871 2454 3935 COMBEFISIO.

681 3953 708 3961 κ

923 4058 1210 4120 (Caussa,
1268 4054 1498 4103 Veterum
1553 4052 1755 4099 Patrum
1803 4046 2048 4105 Biblioth.,
2097 4052 2130 4094 t.
2176 4045 2261 4105 VI,
2305 4059 2353 4107 p.
2395 4040 2528 4099 509.)

975 4334 1106 4390 Car.
1146 4332 1185 4385 l.
1229 4330 1631 4387 Contrariorum
1671 4348 1736 4386 ea:
1767 4333 1972 4400 integro
2012 4329 2160 4383 nulla
2201 4330 2473 4398 oppositia.

194 4449 407 4524 Οὐδεμία
436 4455 706 4520 ἀντίθεσις
735 4454 987 4508 ἐναντίων
1009 4452 1068 4519 ἐξ
1093 4453 1228 4506 ὅλων
1251 4453 1570 4516 ἀντίκειται,
1598 4452 1674 4524 τῷ
1702 4459 1745 4516 C

1850 4451 1997 4505 Nulla
2024 4451 2416 4504 contrariorum
2433 4465 2500 4503 ex
2519 4449 2724 4517 integro
2744 4445 3011 4517 Oppositio
3033 4452 3134 4509 est,
3152 4457 3215 4500 ea
3251 4444 3352 4498 sci-

144 4541 220 4593 καὶ
242 4549 384 4600 κοινά
406 4568 528 4604 τινα
558 4550 820 4620 ὑπάρχειν
844 4550 954 4611 τοῖς
983 4547 1261 4610 ἐναντίοις.
1298 4541 1422 4599 Οἷον
1452 4546 1512 4598 τὸ
1547 4545 1670 4597 λευ-

141 4631 236 4695 κδνς
256 4637 484 4696 ἐναντίον
520 4642 578 4695 ὃν
600 4641 678 4711 τῷ
709 4640 932 4710 μέλανι,
969 4639 1112 4692 κατὰ
1149 4640 1314 4709 μόνας
1361 4638 1456 4700 τὰς
1493 4637 1678 4704 διαφο-

145 4721 226 4790 ράς
247 4727 347 4798 ἔχει
371 4735 467 4805 τὴν
508 4731 816 4785 ἐναντίωσιν
843 4771 856 4793 ,
897 4731 1063 4783 ὄντων
1094 4730 1274 4791 αὐτοῖς
1309 4727 1500 4780 κοινῶν
1530 4724 1676 4797 χρώ-

146 4830 286 4882 ματος
325 4826 414 4877 καὶ
461 4826 770 4894 ποιότητος-⁸
809 4823 960 4876 οὐδὲν
1002 4823 1058 4874 δὲ
1104 4821 1210 4874 τῶν
1257 4819 1546 4883 τοιούτων,
1579 4817 1677 4887 τὴν

147 4909 251 4976 περὶ
287 4915 414 4970 αὐτὰ
464 4916 815 4986 ἐναντιότητα
864 4913 1134 4985 προτέραν
1181 4912 1312 4981 ἔχει·
1345 4911 1521 4963 πάντα
1569 4907 1678 4978 γὰρ

147 4998 262 5059 μετά
288 5003 349 5056 τὰ
372 5007 543 5059 κοινά’
579 5008 637 5058 ἐν
669 5005 725 5059 δὲ
764 5008 876 5068 τοῖς
907 5006 1101 5064 κοινοῖς
1127 5002 1226 5053 οὐκ
1268 5000 1412 5052 ἔστιν
1442 4997 1678 5050 ἐναντιό-

147 5098 244 5153 της.
285 5095 368 5147 Δεῖ
394 5099 500 5169 γὰρ
538 5096 716 5150 κοινὸν
745 5095 942 5166 χρῶμα
968 5093 1061 5146 καὶ
1088 5091 1348 5160 ποιότητα
1375 5086 1515 5140 εἶναι
1536 5129 1548 5151 ,
1591 5087 1677 5141 ἵνα

146 5170 263 5230 οὓτω
303 5183 358 5234 τὸ
399 5186 588 5240 λευκὸν
624 5185 714 5238 καὶ
745 5185 804 5238 τὺ
837 5183 1003 5253 μέλαν
1032 5178 1087 5255 ᾗ,
1125 5179 1383 5242 ὡσαύτως
1432 5177 1570 5248 μετὰ
1617 5176 1678 5228 τὸ

149 5266 274 5318 ποιὸν
319 5276 404 5327 καὶ
443 5277 681 5330 διάθεσιν
724 5278 757 5345 ἡ
799 5275 967 5345 ἀρετὴ
1005 5273 1098 5326 καὶ
1124 5275 1155 5342 ἡ
1184 5272 1370 5325 κακία.
1409 5273 1472 5324 El
1500 5271 1678 5324 τοίνυν

151 5353 365 5430 ἦῖένητοι
388 5369 477 5422 δύο
498 5370 664 5440 ἀρχαὶ
696 5367 787 5420 καὶ
811 5368 972 5419 αὐταὶ
995 5365 1243 5422 ἐναντίοι.
1276 5365 1308 5434 ἢ
1337 5363 1394 5427 ἐξ
1421 5363 1557 5416 ὅλων
1606 5363 1679 5413 εἰ·

156 5448 220 5499 ενδ-’δ
243 5454 327 5524 τὴν
357 5462 698 5532 ἐναντιότητα
725 5460 965 5530 ἔχουσαι,
1001 5459 1033 5528 ἢ
1061 5457 1294 5528 ὑπάρχει
1344 5456 1466 5508 τινὰ
1488 5457 1682 5518 αὑταῖς

156 5543 294 5595 κοινά.
318 5547 444 5604 Ἀλλ’
477 5552 626 5604 οὐδὲν
649 5551 706 5617 ἐξ
733 5551 870 5603 ὅλων
897 5549 1109 5619 δέχεται
1137 5547 1499 5616 ἐναντιότητα·
1526 5546 1679 5615 ἔχου-

158 5641 201 5675 σι
237 5633 329 5703 ἄρα
364 5645 450 5695 καὶ
475 5642 636 5696 αὑταὶ⁵
670 5642 850 5704 κοινὰ,
888 5642 948 5693 τὸ
993 5637 1165 5703 εἶναι,
1205 5638 1265 5691 τὸ
1307 5639 1485 5691 οὐσίαι
1514 5632 1674 5701 εἶναι,

162 5717 236 5770 καὶ
259 5727 303 5780 εἰ
319 5733 560 5803 τιὲτερον
584 5732 889 5802 εὑρίσκεταν
929 5749 995 5784 πε
1006 5731 1054 5800 ρὶ
1077 5718 1246 5792 αὑτὰς
1274 5729 1466 5783 κοινόν.
1490 5729 1676 5785 Ἑναν-
1711 5779 1714 5784 .

1779 4545 1904 4598 licet
1938 4544 2164 4606 ratione,
2191 4544 2333 4610 quod
2369 4553 2421 4596 ct
2461 4540 2744 4594 contrariis
2768 4548 2894 4593 sunt
2930 4537 3168 4606 quaedam
3196 4551 3348 4589 com-

1778 4636 1984 4690 munia.
1998 4633 2157 4687 Verbi
2176 4635 2368 4704 gratia,
2385 4633 2558 4684 album
2577 4632 2716 4698 quod
2730 4639 2811 4684 est
2829 4629 3152 4683 contrarium
3171 4628 3353 4695 nigro,

1779 4727 1971 4795 quibus
1994 4725 2163 4778 solum
2199 4723 2492 4776 rationibus
2516 4720 2709 4784 dilfert,
2741 4720 2898 4772 habet
2921 4727 2978 4771 ιιι
3015 4716 3349 4772 contrarium

1779 4819 1872 4883 sit;
1900 4833 2018 4872 cum
2073 4815 2267 4882 alioqui
2311 4813 2542 4868 colorem
2571 4821 2625 4866 et
2665 4811 2972 4880 qualitatem
3011 4821 3346 4862 communem

1779 4909 1936 4962 ambo
1956 4907 2254 4960 obtineant.
2280 4901 2420 4955 Nihil
2443 4911 2619 4954 autem
2645 4916 2830 4955 eorum
2857 4914 2974 4967 qua:
2999 4897 3113 4963 ejus
3136 4895 3348 4963 generis

1778 5008 1922 5058 sunt,
1944 4997 2084 5049 circa
2109 5010 2164 5047 se
2196 4995 2339 5060 prius
2361 4993 2540 5056 habet,
2571 4992 2710 5060 quod
2739 4988 3068 5042 contrarimn
3085 4994 3188 5040 est.
3219 4984 3348 5038 Hice

1777 5088 1919 5142 enim
1936 5094 2124 5139 cuncta
2157 5090 2452 5150 sequuntur
2474 5097 2537 5134 ea
2565 5096 2683 5148 quae
2712 5078 3014 5132 communia
3032 5085 3183 5141 sunt;
3211 5075 3347 5128 iniis

1779 5189 1954 5232 autem
1990 5172 2714 5246 qnazsuutcommunia,non
2751 5181 2827 5224 est
2869 5169 3216 5224 contrarium.
3248 5168 3348 5221 Ne-

1779 5284 1927 5324 cesse
1944 5268 2083 5321 enim
2104 5276 2186 5319 est
2204 5265 2436 5319 colorem
2455 5279 2572 5318 esse
2590 5273 2641 5317 et
2659 5261 2990 5331 qualitatem,
3010 5271 3066 5314 ut
3085 5261 3155 5315 sit
3170 5260 3346 5313 album

1777 5373 1830 5416 et
1852 5361 2080 5428 nigrum.
2113 5358 2285 5410 Simili
2307 5370 2519 5425 quoque
2541 5355 2746 5407 ratione
2771 5361 3067 5421 sequuntur
3095 5351 3262 5402 virtus
3293 5357 3347 5401 ct

1781 5450 1997 5511 vitium,
2031 5447 2120 5500 ubi
2158 5447 2395 5515 qualitas
2427 5456 2480 5500 et
2516 5445 2797 5514 dispositio
2820 5461 2882 5496 ac
2931 5441 3141 5496 aﬂectio
3173 5439 3344 5507 praeit.

1779 5542 1834 5596 Si
1869 5541 2033 5608 igitur
2065 5542 2168 5591 duo
2201 5537 2462 5606 principia
2498 5537 2736 5604 ingenita
2766 5544 2911 5598 sunt,
2967 5544 3019 5586 et
3063 5533 3176 5584 hac
3223 5535 3348 5581 sunt

1779 5634 2047 5690 contraria
2077 5649 2090 5696 ;
2126 5631 2208 5685 vel
2232 5645 2296 5684 ex
2327 5639 2438 5684 toto
2465 5640 2591 5682 sunt
2618 5628 2911 5688 contraria,
2939 5623 3020 5677 vel
3051 5630 3173 5677 sunt
3202 5632 3349 5688 quaso

1779 5726 1901 5782 dam
1934 5724 2038 5779 illis
2077 5722 2399 5778 communia.
2433 5723 2499 5775 At
2530 5719 2660 5774 nihil
2696 5733 2758 5774 cx
2808 5717 3013 5784 integro
3049 5708 3353 5768 contrarias
