3758 6306
387 299 528 360 1087

1618 303 1860 359 DlDY!"
1900 301 2367 359 ALEXANDRINI

3488 302 3614 356 ιοθις

392 412 581 482 recipit
608 412 863 467 rationes.
900 411 1108 467 [labent
1139 413 1299 483 igitur
1326 414 1441 469 haec
1471 430 1682 485 quoque
1714 431 1949 469 comnm-

2114 432 2170 478 ας
2203 415 2258 467 δὲ
2292 415 2435 466 ποιεῖ
2465 413 2653 477 αὑτὰς,
2687 413 2747 466 τὸ
2787 412 2884 482 τὴν
2926 414 3023 482 μὲν
3048 412 3273 479 ἀγαθὸν,
3307 412 3411 484 τὴν
3441 416 3498 467 δὲ
3531 435 3620 467 κα-

391 504 503 566 nia,
554 511 610 555 ut
660 502 790 565 sint,
843 510 899 558 et
954 504 1271 558 substantiae
1324 506 1454 571 sint,
1488 520 1552 559 ac
1579 506 1623 561 si
1655 507 1783 575 quid
1812 506 1953 559 aliud

386 597 533 646 circa
591 592 706 659 ipsa
756 601 811 647 et
869 593 921 647 in
976 595 1055 648 eis
1084 596 1341 660 occurrit,
1377 598 1518 666 quod
1550 611 1837 651 commune
1864 596 1955 650 sit.

387 682 667 739 Contraria
704 700 829 742 vero
859 702 921 741 ea
950 686 1101 750 facit,
1134 690 1276 757 quod
1330 689 1555 744 alterum
1600 690 1815 759 quidem
1858 690 1957 743 ho-

387 790 514 829 num
542 777 630 841 sit,
657 776 882 833 alterum
916 780 1146 845 malum;
1179 782 1427 849 quodque
1475 782 1601 835 item
1655 782 1796 835 aliud
1845 781 1956 845 lux,

387 866 532 922 aliud
568 870 803 925 tenebrae
837 870 963 924 sint.
1000 870 1154 926 Prius
1184 887 1314 942 ergo
1346 872 1659 943 intelligitur
1686 888 1807 928 esse
1845 875 1958 928 haec

387 960 739 1025 substantias,
795 978 955 1031 quam
1012 976 1133 1018 esse
1187 964 1385 1017 bonum
1430 975 1492 1018 et
1527 964 1762 1021 malum.~
1807 964 1957 1031 Quod

387 1067 516 1122 ergo
542 1055 814 1108 contraria
845 1064 991 1117 sunt,
1041 1071 1149 1110 non
1187 1069 1349 1124 penes
1381 1056 1686 1110 communia
1733 1065 1836 1119 est,
1864 1058 1958 1110 sed

389 1157 554 1211 penes
582 1146 985 1211 proprietatem.
1016 1144 1238 1199 Ponitur
1269 1155 1451 1198 autem
1508 1145 1622 1199 haec
1664 1158 1781 1198 esse
1812 1144 1959 1212 inge—

391 1234 501 1287 nita
528 1252 541 1299 ;
577 1235 706 1289 nihil
737 1250 865 1290 vero
886 1246 970 1290 est
995 1236 1137 1305 quod
1168 1238 1463 1306 ingenitum
1488 1237 1789 1291 antecedat.
1818 1236 1957 1290 Ante

2051 504 2162 556 κόν·
2189 504 2281 555 καὶ
2317 502 2415 573 τὴν
2454 502 2554 572 μὲν
2591 503 2726 572 φῶς,
2773 502 2873 573 τὴν
2896 502 2953 556 δὲ
2980 504 3170 565 σκότος
3201 499 3366 559 εἶναι.
3398 504 3618 574 “poem-

2051 596 2247 646 νοεῖται
2281 593 2338 647 δὲ
2378 594 2439 646 τὸ
2476 590 2615 646 εἶναι
2658 594 2829 656 αὑτὰς
2873 594 3093 657 οὐσίας,
3130 594 3163 664 ἢ
3193 593 3258 647 τὸ
3293 594 3501 662 ἀγαθὸν
3534 598 3614 649 γαί

2053 684 2219 736 κακὸν
2251 686 2535 755 ὑπάρχειν.
2577 684 2639 737 Ἡ
2670 684 2982 755 ἐναντιότης
3021 685 3127 757 ἄρα
3160 686 3221 738 οὑ
3254 686 3402 738 κατὰ
3425 687 3492 737 τὰ
3518 703 3617 738 κοι-

2054 777 2139 837 νὰ,
2175 776 2308 828 ἀλλὰ
2339 775 2481 828 κατὰ
2502 776 2601 846 τὴν
2632 776 2887 844 ίδιότητα.
2919 777 3170 829 Τίθενται
3194 777 3253 829 δὲ
3288 777 3463 839 αὑτὰς
3506 778 3620 844 ἀγεο

2054 872 2244 941 νήτους
2274 864 2429 922 εἶναι’
2470 869 2621 922 οὐδὲν
2645 869 2701 922 δὲ
2733 869 2839 941 πρδ
2876 872 3159 941 ἀγενήτου.
3190 871 3305 940 Πρὸ
3351 871 3556 922 τούτων

2053 963 2105 1015 τί
2134 966 2299 1028 ἐστιν,
2333 962 2463 1015 αὑτὸ
2496 962 2525 1015 ὃ
2560 958 2710 1015 εἷπον
2750 963 2945 1025 κοινῶς
2986 964 3179 1026 αὑταῖς
3214 963 3505 1034 ὑπάρχεινσ
3534 965 3626 1014 οὐκ

2055 1053 2160 1124 ἄρα
2191 1054 2440 1125 ἀγένητοι
2472 1057 2526 1106 αἱ
2556 1054 2739 1127 ἀρχαί.
2769 1050 2935 1118 Αὑται
2957 1054 3065 1125 γὰρ
3088 1055 3343 1125 ἀγένητοι
3381 1056 3437 1106 αἱ
3485 1057 3627 1106 ἐναν-

2054 1146 2191 1198 τίαι·
2215 1146 2274 1198 τὸ
2302 1145 2357 1200 δὲ
2385 1146 2580 1210 κοινῶς
2614 1148 2805 1209 αὑταῖς
2836 1146 3097 1216 ὑπάρχειν
3132 1146 3238 1213 πρὸ
3283 1144 3487 1197 αὐτῶν.
3523 1145 3628 1196 Οὐκ

2056 1236 2161 1307 ἄρα
2192 1237 2445 1307 ἀγένητοι
2475 1240 2529 1291 αί
2559 1237 2741 1311 ἀρχαί·
2773 1238 2925 1290 οὐδὲν
2960 1239 3067 1307 γὰρ
3100 1238 3203 1308 πρὸ
3242 1238 3534 1306 ἁγενὴτου.

391 1324 504 1379 haec
542 1340 669 1380 vero
705 1328 975 1394 quidpiam
1009 1338 1110 1392 est,
1155 1328 1323 1397 ipsum
1364 1327 1613 1380 nimirum
1643 1328 1786 1396 quod
1810 1327 2050 1381 dicebam
2103 1331 2459 1383 communiter
2541 1332 2593 1384 in
2642 1329 2721 1383 eis
2794 1330 3077 1383 exsistere.
3132 1328 3270 1397 Ergo
3346 1342 3455 1379 non
3517 1336 3630 1380 sunt

392 1421 648 1491 principia
712 1424 965 1491 ingenita.
1016 1422 1138 1475 llaec
1176 1424 1321 1476 enim
1377 1423 1638 1492 ingenita,
1681 1422 1951 1477 contraria
1992 1432 2145 1489 sunt;
2206 1424 2345 1492 quod
2430 1434 2607 1477 autem
2683 1424 2787 1478 illis
2877 1424 3235 1478 communiter
3279 1425 3443 1486 inest,
3511 1422 3628 1490 ipsis

392 1514 540 1584 prius
573 1525 675 1571 est.
707 1514 821 1571 Non
847 1531 975 1586 ergo
1007 1518 1236 1585 ingenita
1267 1518 1526 1587 principia
1556 1527 1699 1582 sunt,
1762 1518 1963 1572 idcirco
2003 1518 2254 1571 nimirum
2282 1520 2423 1587 quod
2447 1519 2684 1589 ingenito
2710 1519 2842 1573 nihil
2872 1529 2953 1573 cst
2982 1520 3240 1573 anterius.

988 1630 1117 1683 (ἷΑῐι.
1159 1628 1221 1682 ll.
1266 1628 1590 1697 Principium
1634 1630 1832 1682 malum
1876 1646 1979 1683 non
2024 1641 2096 1683 est
2142 1631 2463 1700 ingenitum,
2508 1633 2632 1701 quia
2677 1633 3033 1700 corruptibile.

465 1720 559 1774 Sin
590 1732 767 1777 autem
800 1724 1051 1788 dixerint,
1090 1741 1192 1777 nun
1224 1740 1284 1778 ca
1320 1726 1525 1778 ratione
1554 1741 1655 1794 qua
1701 1734 1824 1779 sunt
1876 1725 1955 1778 iu-

2132 1727 2194 1778 Ei
2233 1727 2288 1779 δὲ
2333 1726 2557 1795 λέγοιεν,
2604 1728 2677 1797 μὴ
2724 1727 2863 1780 κατὰ
2904 1728 2962 1781 τὸ
2987 1727 3247 1797 ἀγένητον
3295 1725 3443 1797 ἔχειν
3476 1728 3630 1789 αὐτας

392 1816 593 1883 genita,
627 1829 745 1869 esse
774 1815 863 1868 illa
911 1818 1214 1880 contraria;
1267 1817 1368 1871 hoc
1410 1831 1620 1885 quoque
1666 1817 1771 1871 illis
1822 1833 1968 1871 com-

395 1921 555 1965 mune
584 1908 903 1963 invenietur.
938 1908 1040 1962 Sed
1069 1924 1255 1963 rursus
1299 1908 1422 1978 quia
1476 1908 1674 1962 maium
1733 1909 1969 1979 ingenite

395 2007 477 2051 est
508 1998 731 2063 malum,
763 2009 814 2052 et
859 2001 1056 2054 bonum
1110 2001 1345 2070 ingenite
1405 2002 1619 2062 bonum,
1671 2002 1968 2071 reperietur

393 2088 687 2160 ingenitum
723 2089 916 2143 malum
943 2106 1225 2146 commune
1248 2092 1553 2158 amborum,
1586 2102 1640 2145 et
1673 2092 1964 2162 ingenitum

394 2182 592 2236 bonum
630 2198 911 2237 commune
956 2184 1083 2238 item
1139 2186 1440 2241 amborum.
1475 2185 1530 2238 Si
1567 2194 1743 2239 autem
1786 2195 1842 2240 ut
1870 2187 1968 2238 bo-

395 2287 523 2326 num
573 2274 691 2327 sine
743 2273 979 2341 ingenito
1044 2276 1364 2345 reperiatur,
1423 2276 1535 2329 lieri
1597 2292 1698 2330 non
1755 2287 1964 2345 potest;

394 2378 676 2419 commune
702 2379 880 2421 autem
910 2378 993 2422 est
1030 2368 1324 2436 ingenitum
1354 2386 1368 2434 ;
1407 2369 1591 2437 utique
1635 2370 1794 2423 etiam
1821 2384 1968 2423 com-

395 2471 555 2511 mune
585 2458 706 2525 erit,
735 2460 876 2529 quod
907 2461 1214 2515 necessario
1243 2476 1424 2515 comes
1455 2462 1692 2532 ingenito
1720 2473 1831 2517 est:
1868 2463 1970 2517 hoc

394 2559 572 2603 autem
591 2558 673 2605 est
705 2550 917 2608 bonum.

466 2640 561 2694 Sin
596 2650 772 2695 autent
828 2642 1029 2707 dicant,
1081 2657 1187 2697 non
1256 2656 1377 2696 esse
1421 2656 1705 2696 commune
1735 2641 1965 2705 illorum,

395 2747 516 2787 esse
549 2734 843 2801 ingenitum
871 2751 886 2800 ;
917 2744 1181 2802 quatenus
1213 2734 1464 2787 nimirum
1497 2734 1651 2788 alteri
1689 2734 1849 2797 inest,
1886 2748 1968 2787 re-

396 2824 542 2891 liquo
577 2840 681 2877 non
714 2824 851 2878 inest
883 2842 895 2878 :
938 2824 1041 2879 erit
1070 2824 1234 2893 igitur
1268 2826 1588 2895 ingenitum,
1632 2828 1713 2878 vel
1744 2826 1964 2889 bonum,

397 2912 481 2966 vel
515 2913 749 2978 malum;
789 2926 891 2966 non
926 2923 1105 2967 autem
1134 2915 1333 2967 bonum
1367 2924 1421 2967 et
1452 2914 1673 2967 malum.
1712 2914 1888 2979 Quare
1923 2914 1967 2966 si

398 3003 698 3072 reperietur
722 3004 918 3056 bonum
952 3004 1273 3069 ingenitum,
1304 3004 1500 3057 malum
1532 3006 1635 3059 erit
1661 3006 1916 3074 genitum.

468 3095 735 3149 Praeterea
766 3110 925 3149 omne
963 3095 1155 3148 malum
1177 3106 1259 3150 est
1281 3096 1644 3164 puniendum;
1676 3096 1806 3150 nihil
1842 3110 1969 3149 vero
1999 3067 2041 3124 ο

397 3185 541 3255 quod
602 3186 672 3240 sit
723 3186 1072 3255 puniendum,
1117 3195 1199 3240 est
1257 3187 1709 3256 iacorruptibile:
1766 3186 1970 3240 nullum

401 3282 563 3351 igitur
596 3279 793 3334 malum
827 3289 911 3333 est
934 3278 1361 3348 incorruptibile,
1394 3295 1459 3333 ne
1492 3278 1974 3351 incorruptibilitcr

398 3370 745 3440 corruptibile
779 3372 864 3426 sit.
1592 3350 1601 3369 ’

469 3462 610 3518 Nihil
625 3465 763 3533 quod
776 3463 1120 3532 corruptibile
1135 3464 1310 3528 sit,est
1328 3463 1653 3533 ingenitum:
1672 3460 1867 3515 malum
1881 3475 1977 3514 au-

401 3569 507 3612 tem
524 3566 607 3611 est
630 3557 979 3625 corruptibile
1003 3575 1017 3634 ξ
1046 3574 1149 3611 non
1179 3572 1307 3624 ergo
1331 3555 1526 3609 malum
1552 3554 1971 3623 estingenitum.

469 3648 613 3702 Nihil
648 3659 732 3703 est
763 3648 959 3701 malum
992 3649 1284 3703 secundum
1306 3647 1687 3710 substantiam,
1727 3654 1975 3715 propter-

398 3756 461 3795 ea
496 3741 620 3809 quia
675 3741 873 3793 malum
923 3741 1153 3807 qualitas
1183 3751 1265 3793 est
1293 3758 1305 3794 :
1338 3739 1482 3792 nulla
1530 3748 1705 3790 autem
1747 3736 1977 3805 qualitas

399 3833 700 3888 substantia
740 3843 853 3899 est;
889 3850 991 3886 non
1021 3848 1147 3901 ergo
1178 3834 1373 3886 malum
1406 3830 1706 3884 substantia
1734 3838 1837 3883 est.

471 3923 663 3978 Omnia
718 3926 985 3977 contraria
1042 3940 1100 3978 se
1160 3926 1394 3977 vicissim
1450 3924 1806 3985 interimunt;
1860 3934 1979 3988 qua:

402 4027 579 4071 autem
607 4026 732 4071 sunt
762 4019 1021 4085 ingenita,
1056 4018 1184 4070 nulli
1227 4018 1458 4071 obnoxia
1484 4026 1613 4070 eunt
1642 4014 1975 4079 interitioui;

404 4124 512 4163 non
552 4124 680 4178 ergo
725 4112 1037 4163 contraria:
1087 4124 1205 4179 quze
1258 4110 1400 4162 enim
1447 4110 1717 4163 contraria
1769 4116 1915 4170 sunt,
1947 4121 1979 4159 a

402 4200 750 4266 corruptione
781 4201 919 4253 haud
953 4200 1209 4252 immunia
1234 4208 1397 4256 .sunl.

473 4286 619 4350 Nihil
650 4289 947 4357 ingenitum
975 4299 1059 4343 est
1088 4290 1374 4344 mutationi
1402 4288 1696 4343 obnoxium
1726 4305 1741 4354 ;
1800 4298 1976 4344 muta-

406 4391 496 4436 tur
547 4390 727 4435 autem
778 4381 997 4447 bonum,
1059 4382 1200 4452 quod
1260 4396 1291 4435 a
1345 4382 1484 4436 malo
1518 4392 1840 4453 superetur;
1876 4398 1977 4437 non

402 4486 531 4541 ergo
558 4474 755 4524 bonum
791 4473 1085 4540 ingenitum
1118 4480 1220 4526 est.

474 4562 723 4633 Iugenito
755 4564 957 4618 nullius
990 4563 1359 4631 corruptionis
1403 4562 1588 4617 innata
1619 4564 1877 4632 appetitio
1908 4563 1984 4618 in-

403 4664 508 4719 est,
539 4653 793 4726 nullaque
825 4657 905 4710 vis
938 4656 1320 4724 corrumpendi
1355 4669 1418 4709 ac
1465 4656 1807 4710 interimendi
1837 4674 1850 4709 :
1898 4657 1981 4709 in-

410 4757 491 4801 est
520 4757 700 4801 autem
742 4748 884 4815 maio
915 4762 978 4802 ea
1010 4747 1305 4817 appetitio;
1334 4764 1438 4803 non
1470 4747 1633 4818 igitur
1670 4748 1869 4802 malum
1904 4748 1986 4801 in-

406 4839 646 4909 genitum
682 4848 783 4893 est.

477 4932 683 4985 Divina:
722 4932 1036 5001 Scriptum,
1080 4947 1184 4985 non
1233 4932 1404 4986 solum
1471 4932 1718 4987 homines
1750 4928 1985 5004 [ἀνθρώ-

406 5024 565 5097 πους]
594 5027 683 5095 qui
721 5027 848 5079 mali
888 5027 1015 5089 sint,
1040 5026 1332 5079 tradendos
1362 5026 1627 5093 supplicio
1654 5025 1859 5091 dicunt,
1892 5024 1988 5077 sed

407 5125 462 5169 et
492 5116 665 5184 ipsum
702 5117 977 5171 diabolum
995 5117 1063 5168 ⁵⁷.
1098 5115 1271 5172 Omne
1310 5126 1486 5171 autem
1530 5116 1673 5184 quod
1729 5114 1990 5185 supplicio

411 5207 660 5272 traditur,
692 5209 973 5262 mutationi
1022 5208 1312 5262 obnoxium
1345 5218 1427 5262 est
1458 5227 1469 5262 :
1504 5209 1635 5262 nihil
1669 5222 1793 5261 vero
1824 5214 1993 5260 muta-

412 5296 546 5351 tioni
596 5299 911 5365 obnoxium,
941 5309 1021 5353 est
1068 5298 1399 5367 ingenitum;
1456 5299 1588 5353 nihil
1645 5312 1775 5367 ergo
1826 5297 1878 5350 in
1924 5297 1991 5351 iis

410 5402 530 5457 qua:
564 5388 702 5441 mala
734 5396 879 5452 sunt,
910 5387 1209 5458 ingenitum
1244 5396 1348 5443 est.

481 5526 527 5558 ⁸⁷
566 5524 752 5581 Matth.
777 5540 903 5591 xxv,
945 5523 1034 5578 41.

486 5663 601 5737 (50)
646 5664 1029 5733 Ἀνθρώπους.
1063 5666 1315 5722 Tesmtur
1354 5663 1733 5726 Combeiisius,
1754 5662 1991 5717 codicem

417 5745 673 5814 pi‘aaferre
711 5764 894 5811 ανους,
926 5747 1157 5814 legitque
1181 5744 1523 5815 ἀνθρώπους.
1560 5743 1741 5815 ltecte.
1778 5740 1893 5815 Ipse
1922 5748 1992 5791 ta-

422 5830 542 5869 men
591 5817 644 5871 in
705 5828 850 5873 textu
907 5813 1145 5887 reposuit
1199 5813 1411 5877 ἄλλους.
1477 5813 1627 5879 Quod
1664 5826 1766 5865 non
1800 5813 1991 5881 placet.

2068 1817 2165 1888 τὴν
2202 1820 2572 1887 ἐναντιότητα’
2618 1820 2895 1872 καὶτοῦτο
2922 1820 3096 1872 κοινὸν
3133 1817 3313 1871 αὐτῶν
3350 1818 3629 1889 εὑρεθήεεο

2068 1926 2176 1963 ται.
2218 1910 2356 1961 Ἀλλ’
2405 1912 2528 1964 ἐπεὶ
2573 1912 2853 1981 ἀγενήτως
2896 1912 2955 1964 τὸ
2995 1911 3181 1973 κακὸν,
3212 1911 3409 1973 κακὸν,
3449 1912 3541 1962 καὶ
3579 1912 3631 1961 τὸ

2070 2001 2292 2069 ἀγαθὸν,
2320 2002 2541 2070 ἀγαθόν·
2580 2004 2755 2056 κοινὸν
2791 2003 3143 2073 εὑρεθήσεται
3167 2003 3226 2055 τὸ
3251 2002 3518 2073 ἀγένητον
3546 2020 3629 2053 uo

2071 2090 2162 2143 κὸν
2196 2092 2539 2163 ἀμφοτέρων,
2576 2093 2669 2145 καὶ
2700 2091 2759 2145 τὸ
2784 2092 3043 2163 ἀγένητον
3070 2091 3271 2160 ἀγαθὸν
3298 2092 3632 2163 ἀμφοτέρων.

2070 2180 2131 2232 Εἰ
2173 2180 2281 2251 γὰρ
2314 2179 2515 2249 ἀγαθὸν
2554 2181 2681 2235 ἄνευ
2721 2182 2812 2234 τοῦ
2843 2184 3109 2252 ἀγενήτου
3148 2183 3208 2235 οὑ
3239 2181 3466 2234 δύναται
3493 2184 3633 2251 εὑρε-

2070 2270 2250 2341 θῆναι,
2283 2272 2459 2324 κοινὸν
2491 2271 2547 2323 δὲ
2596 2272 2656 2325 τὸ
2692 2271 2975 2341 ἀγένητονσ
3011 2272 3186 2325 κοινὸν
3226 2273 3335 2342 ἄρα
3367 2274 3463 2325 καὶ
3500 2272 3558 2323 τὸ
3583 2272 3633 2336 ἐξ

2068 2363 2315 2433 ἀνάγκης
2368 2362 2630 2434 ἑπόμενον
2674 2363 2749 2434 τῷ
2799 2365 3080 2435 ἀγενήτῳ·
3125 2363 3287 2417 τοῦτο
3323 2364 3383 2417 δέ
3416 2367 3557 2416 ἐστιν
3584 2365 3633 2414 τὸ

2069 2454 2290 2523 ἀγαθόν.

2142 2643 2203 2695 Εἰ
2226 2642 2282 2694 δὲ
2307 2641 2533 2710 λέγοιεν,
2569 2639 2643 2711 μὴ
2674 2640 2849 2693 κοινὸν
2886 2640 3065 2693 αὐτῶν
3096 2641 3156 2692 τὸ
3182 2640 3450 2710 ἀγένητον
3486 2659 3631 2694 ε.ναι·

2070 2728 2104 2809 ᾖ
2139 2732 2353 2802 θατέρῳ
2386 2730 2618 2802 ὑπάρχει
2645 2772 2658 2796 ,
2710 2732 2786 2802 τῷ
2826 2732 2997 2803 λοιπῷ
3034 2734 3130 2803 οὐχ
3182 2734 3445 2803 ὑπάρχεισ
3496 2735 3633 2785 ἔστιι

2070 2822 2247 2875 τοίνυν
2276 2822 2559 2893 ἀγένητον,
2593 2822 2625 2892 ἢ
2657 2820 2718 2873 τὸ
2744 2821 2965 2889 ἀγαθὸν,
2998 2822 3030 2893 ἢ
3054 2822 3112 2874 τὸ
3138 2824 3327 2875 κακόν-
3357 2823 3419 2876 οὑ
3445 2823 3501 2874 τὸ
3524 2824 3636 2887 ἀγα-

2072 2914 2163 2967 θὸν
2188 2915 2281 2967 καὶ
2303 2914 2487 2967 κακόν.
2526 2914 2590 2967 El
2631 2910 2724 2967 οὖν
2764 2915 3012 2987 εὑρεθείη
3048 2915 3111 2967 τὸ
3129 2913 3337 2982 ἀγαθὸν
3365 2914 3635 2983 ἀγένητον,

2074 3006 2134 3059 τὸ
2160 3006 2325 3059 κακὸν
2354 3007 2597 3076 γενητόν.

2154 3098 2362 3161 ’Ἄλλως
2392 3115 2449 3150 τε
2490 3099 2596 3151 πᾶν
2623 3096 2793 3151 κακὸν
2821 3096 3108 3152 κολαστέον
3130 3115 3145 3129 ⁸
3176 3097 3332 3151 οὐδὲν
3363 3098 3638 3151 κολαστέον

2076 3188 2370 3258 ἀφθαρτοψ
2397 3188 2545 3240 οὐδὲν
2575 3189 2680 3259 ἄρα
2710 3188 2876 3241 κακὸν
2907 3186 3205 3258 ἄφθαρτον,
3238 3187 3317 3257 τῷ
3344 3189 3421 3258 μὴ
3449 3189 3637 3257 ἀφθαρ-

2077 3298 2184 3343 τως
2210 3280 2475 3351 ὑπάρχειν
2509 3278 2764 3351 φθαρτόν.

2148 3456 2313 3509 Οὐδὲν
2337 3454 2573 3526 φθαρτὸν
2594 3453 2872 3525 ἀγένητονσ
2908 3453 3022 3507 ἔστι
3043 3453 3096 3505 δὲ
3118 3452 3177 3505 τὸ
3198 3454 3368 3505 κακὸν
3393 3454 3633 3523 φθαρτόν

2078 3548 2137 3601 τὸ
2163 3550 2271 3619 ἄρα
2300 3548 2464 3602 κακὸν
2490 3549 2587 3600 οὑκ
2620 3548 2899 3617 ἀγένητον.

2149 3641 2315 3694 Οὐδὲν
2368 3642 2486 3693 κατ’
2533 3640 2721 3694 οὐσίαν
2769 3639 2976 3704 κακὸν,
3035 3637 3112 3708 τῷ
3166 3639 3226 3690 τὸ
3280 3638 3456 3690 κακὸν
3504 3640 3639 3690 ποιὸν

2080 3729 2246 3784 εἶναι·
2290 3729 2439 3783 οὐδὲν
2478 3729 2534 3782 δὲ
2576 3729 2725 3783 ποιὸν
2768 3730 2950 3783 οὑσὶαο
2992 3727 3053 3782 τὸ
3099 3727 3205 3798 ἄρα
3249 3729 3421 3781 κακὸν
3447 3729 3543 3781 οὐκ
3565 3730 3640 3779 οὐ·

2080 3823 2192 3875 σία.

2152 3914 2338 3967 Πάντα
2370 3912 2437 3965 τὰ
2466 3912 2707 3974 ἐναντία,
2742 3908 2986 3980 ἀλλήλων
3020 3908 3318 3979 φθαρτικίν
3356 3912 3426 3965 τὰ
3455 3912 3510 3964 δὲ
3532 3913 3642 3979 ἁγέ-

2081 4023 2218 4076 νητα
2246 4004 2516 4075 ἄφθαρτα⁹
2545 4004 2644 4055 οὑκ
2668 4002 2775 4055 ἄρα
2801 3998 3039 4053 ἐναντίω
3072 4000 3137 4051 τὰ
3165 4000 3272 4072 γὰρ
3308 4002 3527 4055 ἐναντία
3558 4002 3642 4053 οὐκ

2082 4096 2352 4167 ἄφθαρτα.

2154 4279 2317 4333 Οὐδὲν
2370 4280 2632 4349 ἀγένητον
2674 4279 2938 4349 τρεπτόνσ
2974 4279 3230 4350 τρέπεται
3259 4278 3316 4330 se
3355 4278 3417 4329 τὸ
3460 4276 3643 4343 ἀγαθὸν

2085 4371 2352 4443 κρατηθὲν
2377 4372 2479 4423 ὑπὸ
2518 4370 2610 4423 τοῦ
2641 4371 2810 4425 κακοῦ
2832 4388 2845 4402 ο
2878 4371 2939 4423 τὸ
2970 4372 3074 4440 ἄρα
3105 4370 3307 4438 ἀγαθὸν
3336 4370 3436 4421 οὐκ
3468 4369 3641 4435 αγένη·

2084 4480 2194 4516 τον.

2154 4553 2226 4605 Τὸ
2247 4552 2511 4622 ἀγένητον
2532 4552 2631 4606 οὑκ
2657 4551 2802 4605 ἐστιν
2822 4550 3103 4622 ορεκτικὸν
3126 4550 3332 4621 φθορᾶς
3355 4566 3515 4610 τινος,
3537 4547 3641 4599 οὐδὲ

2082 4664 2145 4715 γε
2181 4644 2479 4716 φθαρτικόν
2502 4661 2515 4673 ·
2560 4647 2620 4698 τὸ
2656 4645 2712 4697 δέ
2738 4661 2800 4713 γε
2828 4645 2995 4697 κακὸν
3023 4644 3305 4715 ὀρεκτικὸν
3332 4642 3562 4711 φθορᾶςο
3592 4640 3641 4687 τλ

2082 4740 2188 4809 ἄρα
2217 4738 2384 4791 κακὸν
2413 4739 2513 4791 οὐκ
2538 4737 2821 4807 ἀγένητον.

2151 4921 2215 4971 Δί
2256 4919 2394 4971 θεῖαι
2434 4921 2650 4991 Γραφαὶ
2698 4918 2918 4972 κολάσει
2963 4917 3388 4989 παραδίδοσθαι,
3432 4918 3491 4969 οὑ
3534 4931 3637 4974 τους

2084 5010 2403 5081 ἀνθρώπους
2437 5013 2550 5083 (50)
2587 5012 2789 5074 κακοὺς
2824 5012 3014 5080 μόνον,
3066 5010 3202 5063 ἀλλὰ
3242 5011 3337 5062 καὶ
3369 5010 3525 5061 αὑτὸν
3566 5007 3636 5056 τω

2084 5102 2349 5166 διάϐολον,
2398 5104 2667 5172 λέγουσιν.
2706 5105 2821 5156 Πᾶν
2866 5083 2921 5155 δὲ
2970 5103 3028 5155 τὸ
3060 5103 3279 5155 κολάσει
3310 5100 3639 5169 παραδιῶμε-

2087 5212 2175 5247 νον
2205 5194 2434 5265 τρεπτόν
2454 5212 2465 5225 ·
2504 5195 2656 5247 οὐδὲν
2701 5194 2756 5247 δὲ
2788 5194 3017 5263 τρεπτὺν
3046 5193 3307 5263 ἀγένητον
3325 5211 3338 5223 ·
3382 5192 3525 5243 οὐδὲν
3550 5190 3636 5255 ἄρα

2089 5288 2195 5340 τῶν
2218 5288 2403 5340 κακῶν
2429 5286 2712 5357 ἀγένητον.

2103 5653 2355 5725 Ejusdem
2384 5648 2540 5725 vocis
2564 5646 2939 5725 compendium
2973 5646 3161 5725 legerit
3198 5658 3415 5724 quoque
3470 5644 3516 5696 in
3555 5654 3637 5725 suo

2101 5716 2395 5790 eiemplari
2420 5716 2857 5790 Turrianuswed
2887 5732 3005 5790 eam
3039 5720 3087 5770 iu
3123 5719 3364 5790 versione
3389 5716 3632 5790 prmteritl.

2102 5783 2386 5867 propterea
2420 5792 2556 5845 forte
2591 5787 2729 5857 quod
2756 5787 2869 5855 ejus
2913 5789 3019 5840 vim
3063 5789 3275 5855 assequi
3307 5787 3446 5839 haud
3482 5783 3634 5835 valuit.
