3758 6318
104 304 227 360 ωηο

1316 298 1591 356 CONTRA
1630 298 2071 356 MANICHAZOS.

3175 314 3315 373 1090

160 422 274 473 Tun
309 418 376 471 δι’
409 417 542 471 ὅλων
584 416 1011 487 ἐναντιουμενων
1051 417 1203 470 οὐδὲν
1253 417 1451 472 κοινόν.
1483 418 1642 468 Ὥστε

1827 415 2027 470 Eorum
2056 432 2176 487 qua:
2201 431 2269 474 ex
2298 419 2509 492 integro
2534 425 2806 480 contraria
2842 436 2987 491 sunt,
3019 428 3150 483 nihil
3175 445 3317 485 com-

108 516 233 565 niaa
253 513 462 581 ἀνάγκη
487 511 545 563 τὸ
566 510 774 583 θατέρῳ
797 512 1059 580 ὑπάρχον,
1085 512 1163 582 τῷ
1179 512 1347 582 λοιπῷ
1376 514 1448 584 μὴ
1472 514 1646 584 ὑπάρ-

102 618 217 672 χειν·
250 602 478 673 ὑπάρχει
523 601 578 655 δὲ
619 600 697 671 τῷ
724 602 913 672 ἁγαθῷ
959 602 1021 655 τὸ
1058 598 1196 656 εἶναι
1243 604 1524 673 ἀγένητον·
1570 604 1647 675 τῷ

101 698 193 763 ἀρα
218 693 366 763 κακῷ
400 691 680 765 οὐδέτερον
715 692 921 748 τούτων
948 695 1199 765 ὑπάρχει.
1232 697 1322 766 Μὴ
1359 696 1419 749 ὃν
1448 697 1554 767 ἄρα
1586 698 1647 750 τὸ

103 802 269 839 κακον.

162 877 264 938 Πᾶς
284 877 309 929 ό
334 875 568 945 εὐλόγως
602 876 927 948 όρεγόμενός
964 895 1108 941 τινος
1130 918 1145 940 ,
1187 880 1650 952 ὲπιτετευγμένην

102 970 198 1039 ἔχει
231 968 324 1039 τὴν
366 969 567 1039 ὄρεξιν,
602 972 651 1023 εἰ
699 971 933 1040 εὐλόγως
962 972 1233 1043 ὀρέγεται.
1282 974 1411 1038 Θεὸς
1454 975 1510 1028 δὲ
1554 975 1646 1028 τοῦ

104 1063 296 1131 φθεῖραι
320 1062 415 1133 τὴν
446 1064 646 1117 κακίαν
682 1062 953 1134 ὀρέγεται’
982 1066 1089 1118 τῶν
1111 1066 1363 1138 φθαρτῶν
1386 1069 1491 1139 ἄρα
1533 1068 1648 1122 ἐστὶ

102 1156 131 1222 ὴ
177 1154 349 1209 κακία.
408 1154 528 1207 Τῶν
562 1154 618 1208 δὲ
667 1156 921 1227 φθαρτῶν
973 1154 1135 1223 οὖσα,
1198 1160 1643 1233 ἀφανισθήσεται·

103 1245 443 1316 ἀφανιζομένη
469 1246 547 1311 δὲ,
575 1246 674 1299 οὐκ
708 1247 854 1301 ἐστιν
889 1250 1171 1321 ἀγένητος.

165 1426 221 1478 Ei
252 1426 510 1497 ἀγένητον
538 1426 598 1479 τὸ
632 1428 822 1491 κακὸν,
856 1429 999 1483 κατὰ
1038 1430 1198 1501 φύσιν
1235 1434 1384 1506 αὐτῷ
1413 1437 1645 1509 ὑπάρχει

102 1516 152 1569 τὸ
198 1518 354 1569 κακὸν
403 1513 567 1572 εἶναι.
617 1518 806 1582 Οὐδεὶς
853 1521 909 1573 δὲ
953 1523 1012 1575 τὸ
1044 1524 1186 1578 κατὰ
1216 1526 1377 1594 φύσιν
1410 1532 1646 1600 ἐνεργῶν

104 1611 395 1680 ἁμαρτάνει.
438 1610 515 1664 Τὸ
552 1612 658 1683 ἄρα
700 1613 868 1666 κακὸν
910 1616 1007 1685 οὐχ
1043 1618 1365 1687 ἁμαρτάνει’
1400 1622 1459 1675 τὸ
1484 1624 1541 1675 δὲ
1572 1624 1644 1695 μὴ

1753 524 1916 564 mune
1956 522 2060 565 est.
2104 510 2283 578 Quare
2338 515 2580 578 omnino,
2637 517 2779 586 quod
2828 520 2917 571 uni
2968 520 3131 585 inest,
3164 522 3315 577 alteri

1752 613 1855 651 non
1892 601 2066 655 inesse
2101 616 2321 657 necesse
2370 614 2475 658 est.
2532 605 2674 659 Inest
2714 617 2892 661 autem
2917 609 3057 663 bono
3089 624 3206 665 esse
3238 612 3313 665 in-

1749 690 2025 757 genitum;
2057 691 2197 746 malo
2218 693 2381 764 igitur
2415 706 2662 751 neutrum
2690 697 2881 753 borum
2913 700 3075 755 inest.
3110 701 3307 758 Malum

1749 783 1932 853 itaque
1966 784 2098 839 nihil
2126 796 2230 841 est.

1819 877 2136 945 Quicunque
2188 893 2301 932 rem
2353 879 2584 950 aliquam
2641 880 2744 936 rite
2796 884 3019 952 expetit,
3066 884 3193 939 dum
3245 886 3317 940 ita

1748 976 1986 1036 expetat,
2022 968 2151 1023 nihil
2181 969 2351 1037 ipsum
2392 980 2534 1025 vetat
2571 973 2808 1040 expetito
2854 975 3037 1043 potiri.
3101 977 3317 1047 Expetit

1748 1068 1924 1113 autem
1954 1059 2089 1113 Deus
2120 1061 2381 1115 malitiam
2412 1062 2706 1119 interitioni
2773 1067 2938 1120 dare:
2974 1067 3133 1136 igitur
3161 1068 3317 1122 mali-

1752 1154 1822 1207 tia
1862 1167 2046 1209 eorum
2075 1164 2178 1220 est,
2213 1170 2330 1223 quae
2358 1158 2653 1211 interitioni
2693 1158 2927 1213 obnoxia
2980 1170 3123 1215 sunt.
3183 1161 3312 1228 Quae

1749 1254 1926 1300 autem
1954 1261 2019 1299 ex
2052 1262 2236 1300 eorum
2266 1263 2465 1317 genere
2512 1250 2582 1304 sit
2618 1264 2738 1317 qua:
2778 1252 3068 1318 intereant,
3116 1253 3313 1308 delebi-

1750 1345 1864 1403 tur;
1895 1353 2014 1406 qua:
2043 1350 2220 1393 autem
2250 1341 2511 1405 deleatur,
2548 1342 2689 1395 haud
2720 1344 2951 1412 ingenita
2987 1352 3088 1398 est.

1819 1427 1875 1483 Si
1906 1430 2100 1483 malum
2140 1431 2437 1501 ingenitum
2466 1443 2567 1492 est,
2600 1432 2671 1485 illi
2712 1446 2774 1486 ex
2827 1442 3014 1486 natura
3068 1442 3151 1488 est
3196 1447 3316 1488 esse

1747 1522 1968 1575 malum.
2022 1521 2191 1576 Nemo
2242 1533 2421 1577 autem
2478 1536 2682 1591 peccat,
2741 1526 2868 1578 dum
2924 1525 2974 1578 id
3018 1534 3319 1593 prmstatct

1746 1625 2023 1684 operatur,
2076 1616 2217 1683 quod
2272 1624 2356 1670 est
2412 1630 2475 1670 ex
2529 1626 2739 1670 natura.
2777 1616 2969 1670 Malum
3004 1618 3168 1687 igitur
3209 1634 3311 1671 non

104 1700 404 1767 ἁμαρτάνον,
437 1702 536 1771 οὐχ
587 1703 856 1758 ὑπαίτιον.
909 1707 1185 1772 ’Υπαίτιος
1216 1710 1271 1763 δὲ
1303 1711 1332 1763 ό
1380 1713 1641 1778 Σατανᾶς·

1791 1718 1955 1760 eccat.
1984 1707 2135 1773 Quod
2166 1718 2343 1762 autem
2371 1724 2472 1762 non
2510 1718 2713 1775 peccat,
2762 1708 2813 1761 in
2853 1710 3007 1777 culpa
3053 1724 3156 1763 non
3209 1718 3311 1763 est.

101 1807 184 1842 ουκ
209 1791 309 1846 ἁοα
332 1792 614 1859 ἁγὲντιτος.

1751 1800 1850 1852 Est
1874 1813 2004 1853 vero
2030 1798 2261 1854 Satanas
2289 1800 2340 1854 in
2363 1800 2515 1870 culpa
2545 1813 2607 1855 ac
2645 1814 2769 1856 reus
2796 1809 2907 1867 est;
2941 1816 3045 1855 non
3074 1814 3203 1868 ergo
3234 1801 3318 1855 in-

1748 1892 1961 1964 genitus
1990 1900 2092 1946 est.

1255 2047 1383 2103 CAP.
1426 2050 1508 2105 111.
1556 2051 1835 2119 Homines,
1873 2055 1973 2122 ﬁlii
2013 2053 2126 2108 ira’.

168 2148 225 2200 ’11
249 2146 362 2201 θεία
393 2147 502 2239 γὰρ
531 2148 724 2219 Γραφὴ
758 2148 866 2202 τῶν
907 2151 1156 2221 πράξεων
1185 2158 1276 2209 κα1⁵
1308 2158 1414 2210 τῶν
1459 2163 1642 2232 ἐπιτη-

1818 2165 2003 2218 Divina
2028 2164 2330 2232 Scriptura,
2358 2162 2730 2239 operationum
2758 2164 3165 2235 studiorumque
3194 2164 3317 2235 qui-

102 2237 371 2309 ὗιυμὰτων,
406 2234 483 2294 ὦν
525 2241 773 2296 ποιοῦσιν
819 2242 867 2295 oi
910 2244 1214 2315 ἄνθρωποι,
1264 2249 1410 2317 λέγει
1452 2252 1642 2316 αὐτοὺς

1791 2269 1847 2309 us
1873 2270 1933 2310 se
1964 2256 2210 2310 homines
2236 2255 2569 2322 impendunt,
2603 2234 2749 2323 ipsos
2772 2255 2907 2309 ﬁlios
2934 2270 3053 2310 esse
3082 2234 3223 2312 dicit
3254 2270 3317 2311 ac

101 2326 216 2385 εἶναι
246 2333 387 2394 υἱοὺς
422 2334 521 2387 καὶ
552 2334 886 2404 γεννήματα.
922 2337 1059 2400 Τοὺς
1091 2338 1220 2405 γοῦν
1267 2342 1513 2412 ὀργίλους
1555 2348 1642 2400 καὶ

1791 2345 1944 2398 roles.
1980 2344 2210 2398 Proinde
2245 2344 2553 2407 iracundos,
2588 2343 2788 2412 ullique
2815 2345 2906 2397 alii
2959 2345 3092 2399 vitio
3148 2362 3307 2402 mau-

99 2424 181 2491 τὴν
217 2424 372 2494 ἁλλην
406 2424 683 2495 ἁμαρτίαν
725 2426 967 2497 ἔχοντας,
1013 2429 1087 2493 ὡς
1130 2430 1216 2484 διὰ
1244 2434 1400 2487 τοῦτο
1429 2436 1642 2491 ὑποχεῖς

1800 2446 1949 2505 patos
1980 2436 2198 2505 (quippe
2219 2436 2308 2503 qui
2340 2450 2401 2489 ea
2447 2434 2653 2488 ratione
2675 2434 2920 2504 supplicii
2962 2437 3055 2489 ira:
3094 2438 3313 2493 obnoxii

101 2514 206 2567 σθαι
237 2518 298 2586 τῇ
338 2517 478 2569 κατὰ
515 2518 738 2571 κόλασιν
768 2519 929 2590 ὀργῇ,
973 2521 1137 2575 τέκνα
1163 2524 1333 2595 ὀργῆς
1369 2527 1642 2597 ὀνομάζει,

1791 2528 2039 2598 xsistant)
2077 2528 2214 2582 ﬁlios
2244 2528 2337 2582 ira:
2369 2536 2559 2590 vocat;
2592 2528 3040 2594 quemadmodum
3077 2530 3153 2581 ait
3181 2529 3318 2583 Pau-

100 2601 292 2679 ᾖφησιν
316 2611 343 2662 ὁ
370 2610 603 2673 Παῦλος·
639 2612 749 2665 Καὶ
776 2608 928 2680 ἦμεν
951 2614 1133 2681 φύσει
1149 2618 1331 2670 τέκνα
1352 2617 1554 2688 ὀργῆς,
1576 2621 1642 2686 ὡς

1791 2635 1834 2673 IS
1863 2635 1879 2672 :
1912 2617 1980 2671 Et
2012 2634 2221 2673 eramus
2252 2630 2439 2670 natura
2464 2617 2563 2686 ﬁlii
2608 2618 2724 2684 ine,
2779 2627 2912 2671 sicut
2960 2630 3008 2671 et
3056 2618 3315 2673 caeteri“.

101 2699 181 2751 καὶ
195 2703 239 2753 οι
254 2702 445 2765 λοιποί
450 2741 463 2754 .
480 2696 641 2757 Οὗτοι
661 2703 1010 2773 μεταϐάλλειν
1024 2705 1245 2759 δυνατὸν
1264 2708 1495 2778 (59⁸),ὼς
1515 2728 1642 2781 μηκ-

1791 2710 1859 2763 ζοε
1882 2710 2074 2762 mutari
2119 2708 2252 2761 nihil
2290 2718 2452 2767 vetat,
2483 2718 2539 2761 ut
2574 2722 2680 2761 non
2712 2708 2820 2761 sint
2852 2709 3081 2777 amplius
3126 2718 3316 2764 natura

102 2790 167 2843 ἐτι
204 2788 332 2845 εἶναι
381 2794 546 2846 τέκνα
577 2793 735 2863 φύσει
760 2794 950 2865 ὀργῆς.
971 2796 1180 2861 Παῦλος
1204 2798 1333 2867 γοῦν
1367 2801 1493 2871 περὶ
1524 2802 1642 2855 ἑαυ-

1792 2799 1842 2852 lii
1881 2796 1993 2852 iraa.
2027 2797 2227 2851 Paulus
2262 2797 2512 2864 denique,
2543 2796 2607 2850 de
2637 2812 2695 2850 se
2727 2797 2860 2864 ipse.
2888 2798 3059 2866 deque
3090 2798 3195 2852 illis
3222 2799 3312 2867 qui

100 2882 195 2947 τοῦ,
222 2886 306 2936 καὶ
330 2886 435 2938 τῶν
465 2885 865 2957 παραπλησίως
898 2889 1064 2957 ἁγίων
1103 2891 1506 2961 γεγενημένων,
1552 2893 1642 2945 λέ-

1791 2889 1859 2941 ari
1894 2889 2105 2943 ratione
2140 2888 2309 2941 sancti
2359 2897 2669 2953 evaserunt,
2703 2888 2799 2955 ait,
2850 2887 3077 2942 Eramus
3124 2899 3316 2943 natura

101 2989 188 3039 γει,
210 2976 283 3027 ὅτι
312 2972 498 3044 Ἶίμεν
520 2978 701 3045 φύσει
751 2976 931 3031 τέκνα
966 2978 1179 3048 ὀργῆς,
1210 2982 1289 3047 ὡς
1311 2958 1412 3034 καὶ
1433 2986 1485 3036 οἱ
1516 2988 1641 3039 λοι-

1791 2981 1844 3033 lii
1885 2980 2011 3046 ira},
2066 2980 2198 3033 sicut
2245 2987 2295 3031 et
2344 2980 2517 3032 cwteri
2563 2980 2823 3038 homines,
2876 2981 2967 3048 qui
3016 2979 3119 3034 huc
3149 2995 3319 3049 usque

102 3066 185 3117 ποὶ
227 3066 508 3139 ἄνθρωποι,
569 3069 618 3121 oi
674 3069 841 3123 εἰσέτι
883 3070 1041 3143 δεῦρο
1078 3073 1135 3123 ἐν
1187 3072 1264 3143 τῷ
1309 3075 1643 3145 ἁμαρτάνειν

101 3157 257 3222 ὅντες·
293 3161 685 3232 προσκείμενον
721 3162 775 3215 δὲ
814 3163 874 3215 τὸ
912 3163 1092 3233 φύσει,
1133 3166 1192 3217 οὑ
1217 3166 1276 3218 τὸ
1313 3167 1452 3221 κατὰ
1485 3167 1643 3237 φύσιν

103 3250 345 3317 σημαίνει,
395 3253 532 3306 ἀλλὰ
580 3253 641 3306 τὸ
678 3253 925 3325 ἀληθείᾳ.
966 3256 1039 3307 Τὸ
1078 3257 1214 3327 γὰρ,
1244 3252 1436 3326 τΗμεν
1463 3260 1643 3326 φύσει

102 3338 256 3393 τέκνα
298 3342 496 3411 ὀργῆς,
537 3342 705 3412 λέγει,
734 3344 928 3414 δηλῶν,
965 3346 1045 3398 ὅτι
1081 3345 1307 3417 ἀληθεία
1354 3347 1643 3402 ὑπεύθυνοι

103 3428 217 3501 ὀργῇ
257 3435 609 3503 τυγχάνουσιν
646 3435 697 3488 οί
734 3436 1160 3505 ἁμαρτάνοντες
1190 3436 1377 3508 ὥσπερ
1403 3437 1460 3489 δὲ
1502 3438 1642 3490 κατὰ

104 3522 239 3588 φύσιν
257 3526 435 3579 τέκνον
457 3526 632 3597 ὀργῆς
655 3526 860 3595 γίνεται
885 3526 963 3597 τῷ
988 3531 1223 3580 συνεῖναι
1245 3529 1391 3599 αὐτῷ
1424 3532 1641 3594 κακίαν,

104 3614 222 3667 οὕτω
247 3617 558 3685 μεταὸαλὼν
579 3618 834 3688 ἀληθείας
857 3619 1067 3686 γίνεται
1093 3620 1278 3672 τέκνον
1299 3620 1390 3672 καὶ
1420 3622 1640 3691 ἀρετῆς.

106 3705 299 3775 Εἴρηται
333 3709 459 3777 γοῦν
494 3710 627 3779 περί
666 3726 824 3762 τινων
859 3711 963 3763 ὑπὸ
982 3711 1075 3763 τοῦ
1102 3712 1350 3782 Σωτῆρος
1383 3712 1604 3763 τοιαῦτα
1625 3729 1639 3742 ·

106 3796 410 3868 mammam;
438 3804 477 3870 ἠ
507 3804 697 3870 σοφία
717 3804 835 3856 ἀπὸ
863 3803 984 3856 τῶν
1010 3803 1241 3856 τέκνων
1259 3803 1465 3872 αὺτῆςι
1482 3804 1645 3858 τέκνα

110 3892 273 3959 σοφίας
303 3897 422 3957 τοὺς
457 3896 659 3963 σοφοὺς
680 3895 872 3961 λέγων.
906 3896 1061 3947 Ἐπεὶ
1093 3895 1201 3965 γὰρ
1234 3896 1281 3947 οἱ
1310 3896 1475 3949 τέκνα
1502 3898 1645 3961 τινὸς

108 3980 250 4047 θντες,
284 3985 343 4038 ὲκ
374 3986 466 4038 τοῦ
502 3987 757 4051 τεκόντος
794 3988 1005 4057 ἔχουσιν
1053 3987 1113 4041 τὸ
1157 3984 1324 4040 εἶναι⁸
1372 3988 1552 4058 ἔχουσι
1588 3990 1643 4042 δὲ

109 4073 181 4124 καὶ
199 4074 392 4130 οίποιοὶ
416 4079 477 4132 τὸ
509 4076 649 4132 εἶναι
682 4080 746 4132 ὲκ
772 4080 870 4150 τῆς
908 4079 1188 4150 ποιότητος
1218 4080 1317 4148 τῆς
1354 4096 1642 4151 προσγενο-

111 4163 248 4234 μένης
262 4170 452 4233 αὐτοῖς⁸
471 4171 694 4235 εἰκότως
721 4172 924 4225 οἱποιοὶ
952 4172 1116 4225 τέκνα
1138 4173 1230 4226 καὶ
1255 4173 1357 4225 υἱοὶ
1380 4174 1478 4243 τῆς
1502 4176 1647 4227 ποιό-

110 4266 240 4321 τητος
272 4258 639 4330 ὀνομάζονται.
682 4262 770 4324 Ὠς
809 4262 918 4333 γὰρ
947 4250 1163 4334 εἴρηται
1194 4262 1299 4316 ὑπὸ
1344 4264 1435 4317 τοῦ
1466 4265 1583 4316 Σωτ

111 4358 185 4409 ρος
209 4348 432 4412 τοιαῦτα,
470 4342 631 4403 Οὗτοι
670 4350 726 4403 δέ
769 4353 906 4404 εἰσιν
948 4352 997 4405 οί
1028 4353 1180 4421 σοφοὶ
1213 4352 1401 4421 σοφίας
1446 4354 1640 4406 τέκνα·

111 4432 229 4487 οὕτω
257 4440 341 4490 καὶ
366 4440 561 4504 ἄλλους
600 4442 748 4505 υίοὺς
781 4444 1004 4514 εἰρήνης
1031 4444 1470 4515 προσηγόρευσεν
1491 4485 1504 4506 ,
1538 4446 1642 4512 φὰ-

112 4540 231 4578 σκων
256 4533 359 4593 τοῖς
394 4532 691 4603 μαθηταῖς·
734 4536 877 4587 Ἐὰν
916 4534 1224 4603 εισέλθητε
1252 4538 1338 4601 είς
1376 4537 1574 4597 πόλιν,
1604 4536 1641 4603 ἢ

111 4618 177 4679 εις
202 4622 400 4689 οὶκίαν,
431 4625 527 4677 καὶ
547 4620 587 4695 ᾖ
610 4626 734 4679 ἐκεῖ
756 4627 883 4692 υἱὸς
902 4627 1168 4696 εἰρήνης,
1188 4628 1228 4696 ἡ
1251 4627 1457 4696 εἰρήνη
1480 4628 1645 4697 ὑμῶν

111 4710 155 4775 (ἡ
183 4710 410 4784 διδομένη
457 4719 525 4786 τῇ
569 4717 755 4781 πόλει,
791 4717 823 4787 ἦ
864 4720 927 4787 τῇ
959 4718 1127 4789 οἰκίᾳ)
1157 4718 1645 4773 έπαναπαύσεται

112 4798 189 4853 ἐπὶ
215 4806 312 4858 τὸν
328 4808 467 4860 ὅντα
491 4811 551 4861 ἐν
579 4810 714 4880 αὐτῇ
748 4810 863 4863 υἱὸν
894 4810 1135 4881 εἰρήνης.

1586 4264 1722 4357 17"p

1745 3072 1953 3125 suntin
1984 3080 2227 3139 peccato.
2260 3067 2391 3123 Illud
2434 3079 2612 3122 autem
2666 3068 2807 3139 qu'od
2854 3068 3164 3137 adjunctum
3209 3080 3313 3129 est.

1746 3175 1958 3227 natura,
1991 3179 2093 3217 non
2137 3164 2237 3216 hoc
2269 3163 2533 3232 signiﬁcat
2559 3164 2696 3230 quod
2730 3178 2795 3216 ex
2826 3174 3015 3216 natura
3064 3172 3166 3226 est,
3220 3164 3314 3217 sed

1744 3257 1886 3325 quod
1922 3270 2066 3309 vere.
2098 3254 2207 3308 Hoc
2239 3256 2381 3309 enim
2414 3254 2563 3318 dicit,
2600 3252 2823 3307 Eramus
2847 3264 3035 3307 natura
3058 3253 3158 3323 ﬁlii
3182 3254 3314 3320 ine;

1744 3353 1804 3395 ut
1837 3342 2094 3408 declaret,
2133 3342 2379 3396 vereira:
2435 3342 2702 3397 obnoxios
2747 3357 2889 3407 esse,
2939 3343 3029 3411 qui
3074 3326 3315 3412 peccant.

1744 3433 2203 3500 Quemadmodum
2246 3443 2423 3487 autem
2461 3444 2650 3486 natura
2677 3433 2815 3487 ﬁlius
2847 3435 2940 3487 ira:
2974 3434 3225 3498 ellicitur,
3252 3449 3316 3489 ca

1745 3526 1954 3578 ratione
2006 3527 2147 3594 quod
2199 3525 2251 3578 in
2303 3534 2525 3593 peccato
2570 3534 2850 3589 versatur;
2884 3526 2963 3578 sic
2996 3526 3315 3589 mutatione,

1745 3616 1994 3669 veritatis
2028 3616 2168 3669 ﬁlius
2193 3625 2355 3684 atque
2380 3615 2595 3667 virtutis
2622 3615 2824 3667 evadit.
2854 3614 3091 3682 Denique
3110 3614 3312 3667 dictum

1746 3715 1829 3759 est
1876 3707 1939 3759 de
1980 3705 2296 3774 quibusdam
2344 3720 2372 3757 a
2426 3704 2703 3759 Salvatore
2734 3721 2747 3757 :
2779 3702 3084 3771 Justiﬁcata
3115 3714 3189 3757 est
3218 3720 3309 3757 sa-

1743 3799 1938 3867 pientia
1964 3814 1995 3849 a
2028 3798 2151 3863 ﬁliis
2184 3797 2291 3849 suis
2313 3797 2399 3863 ⁸⁹;
2448 3797 2727 3865 sapientiae
2756 3796 2892 3849 ﬁlios
2922 3806 3146 3850 vocante
3200 3812 3313 3860 eos,

1744 3890 1834 3957 qui
1893 3890 2000 3944 sint
2055 3890 2345 3959 sapientes.
2404 3889 2537 3954 Quia
2591 3888 2788 3941 etenim
2836 3888 2924 3956 qui
2970 3887 3193 3955 alicujus
3222 3887 3315 3941 ﬁlii

1749 3989 1896 4044 sunt,
1928 3994 1955 4031 a
1986 3990 2207 4049 parente
2235 3994 2356 4032 esse
2387 3981 2601 4041 habent,
2636 3977 2776 4046 quod
2835 3978 3138 4043 exsistunt;
3192 3979 3315 4048 qui-

1749 4086 1853 4140 que
1883 4073 2017 4125 adeo
2050 4071 2236 4125 imbuti
2266 4071 2526 4141 qualitate
2560 4080 2705 4137 sunt,
2748 4085 2812 4125 ex
2841 4085 2903 4125 ea
2947 4086 3067 4141 quae
3104 4071 3207 4125 illis
3224 4087 3316 4125 ac-

1746 4165 1910 4218 cessit
1960 4164 2239 4233 qualitate,
2286 4164 2676 4218 nanciscuntur
2725 4172 2782 4216 ut
2834 4163 2980 4227 sint;
3020 4164 3213 4217 merito
3236 4161 3317 4216 sic

1750 4256 1939 4309 imbuti
1995 4256 2275 4326 qualitate,
2331 4254 2604 4324 qualitatis
2657 4255 2748 4309 ﬁlii
2818 4264 3198 4325 nuncupantur
3253 4268 3319 4308 ac

1752 4348 1883 4401 nati.
1918 4347 2068 4401 Sicut
2098 4348 2239 4401 enim
2267 4362 2293 4399 a
2328 4346 2619 4401 Servatore
2647 4346 2947 4401 istiusmodi
2978 4347 3178 4399 dictum
3210 4353 3318 4409 est,

1752 4439 1812 4494 lli
1834 4441 2105 4508 sapientes
2128 4450 2255 4494 sunt
2277 4440 2555 4507 sapientiae
2580 4439 2700 4503 ﬁlii;
2738 4440 2806 4492 ita
2834 4439 2995 4492 etiam
3018 4439 3152 4492 alios
3184 4437 3321 4492 ﬁlios

1749 4531 1897 4599 pacis
1938 4530 2242 4600 appellavit,
2284 4531 2409 4581 dum
2440 4528 2514 4581 ait
2554 4528 2831 4594 discipulis
2859 4528 2940 4580 “z
2979 4526 3109 4580 Cum
3144 4527 3317 4580 intra-

1750 4624 1922 4675 t'eritis
1952 4624 2004 4674 in
2027 4622 2289 4673 civitatem
2319 4630 2410 4673 aut
2442 4621 2677 4685 domum,
2710 4630 2757 4672 et
2804 4620 2851 4672 si
2892 4619 2961 4671 ibi
2990 4619 3145 4687 fuerit
3175 4620 3320 4687 [ilius

1749 4713 1917 4781 pacis,
1948 4728 2053 4780 pax
2077 4723 2243 4765 vestra
2272 4712 2408 4779 (ipsa
2437 4726 2555 4780 quae
2582 4712 2741 4764 datur
2760 4710 2965 4764 civitati
2989 4719 3081 4763 aut
3112 4709 3318 4779 domui)

1750 4806 2027 4873 requiescet
2053 4819 2207 4871 super
2236 4804 2407 4868 illum,
2439 4804 2530 4873 qui
2567 4804 2618 4858 in
2643 4816 2705 4858 ea
2736 4813 2816 4856 est
2849 4802 2989 4856 ﬁlius
3027 4786 3195 4874 pacis.

1127 4921 1256 4977 CAP.
1300 4920 1385 4976 IV.
1442 4920 1731 4973 Prudentia
1777 4919 2011 4987 ﬁliorum
2060 4915 2261 4968 saeculi.

169 5009 315 5064 Πάλιν
343 5017 368 5067 ό
395 5017 553 5080 αὐτὸς
583 5016 771 5089 Σωτήρ
806 5034 971 5087 φησιν
989 5032 1003 5045 ⁸
1032 5016 1457 5085 Φρονιμώτεροί
1490 5016 1650 5068 εἰσιν

115 5102 155 5151 ol
180 5104 275 5156 υἱοί
308 5106 407 5159 τοῦ
440 5106 653 5173 αὶῶνος
696 5108 910 5161 τούτου
953 5107 1104 5174 ὑπὲρ
1147 5107 1287 5172 τοὺς
1333 5107 1503 5172 υἱοὺς
1546 5106 1650 5159 τοῦ

115 5193 295 5260 φωτὸς,
327 5196 393 5249 ὲν
412 5198 487 5267 τῇ
515 5197 687 5268 γενεᾷ
712 5198 785 5262 τῇ
810 5196 1055 5251 ἑαυτῶν·
1091 5198 1236 5260 υἱοὺς
1258 5198 1433 5265 φωτὸς
1477 5197 1652 5263 λέγων

116 5285 218 5346 τοὺς
255 5292 685 5360 πεφωτισμένους
728 5293 794 5361 τῇ
847 5288 1045 5357 γνώσει
1098 5288 1199 5357 τῆς
1253 5287 1509 5360 ἀληθείας
1552 5287 1646 5340 καὶ

115 5375 207 5435 τοῖς
233 5376 397 5447 ἔργοις
432 5382 529 5450 τῆς
566 5382 784 5453 ἀρετῆς.
827 5381 970 5452 Πρὸς
1002 5380 1094 5446 οὓς
1126 5381 1217 5434 καὶ
1257 5380 1371 5451 φῶς
1419 5398 1643 5450 γεγενη-

1821 5011 2030 5065 Rursus
2063 5010 2199 5063 idem
2223 5007 2470 5062 Salvator
2515 5008 2590 5060 ait
2620 5026 2632 5060 :
2666 5006 3040 5060 I'rudentiores
3067 5014 3189 5059 sunt
3218 5005 3320 5074 filii

1750 5102 1905 5169 huius
1928 5100 2104 5155 sweuli
2139 5100 2263 5167 ﬁliis
2292 5099 2421 5151 lucis
2454 5100 2507 5152 in
2542 5099 2870 5169 generatione
2916 5098 3091 5152 sua“.
3116 5097 3321 5166 Nempe

1752 5195 1885 5247 lucis
1919 5193 2056 5247 ﬁlios
2086 5206 2308 5255 vocans,
2342 5191 2431 5261 qui
2463 5190 2688 5244 scientia
2725 5190 2971 5244 veritatis
3008 5205 3071 5245 ac
3101 5190 3320 5245 virtutis

1753 5286 2005 5355 operibus
2040 5284 2144 5339 sint
2171 5284 2474 5338 illuminati.
2510 5285 2587 5337 Ad
2622 5300 2777 5351 quos,
2818 5284 2910 5353 qui
2960 5293 3014 5338 et
3048 5285 3136 5338 lux
3189 5284 3318 5339 lacti

1752 5387 1955 5441 essent,
1981 5378 2176 5448 quippe
2197 5377 2333 5431 ﬁlios
2354 5377 2506 5441 lucis,
2534 5377 2642 5430 ait:
2674 5374 2774 5431 Vos
2792 5378 2912 5432 estis
2934 5376 3026 5431 lux
3052 5377 3233 5431 mundi
3253 5376 3319 5428 ".

178 5557 217 5585 “'
252 5558 433 5627 Ephes.
512 5574 570 5621 lt,
598 5558 652 5613 3.
725 5558 770 5589 ⁸⁹
822 5554 1011 5610 Matth.
1040 5571 1116 5619 Il,
1152 5553 1235 5609 l9.
1310 5555 1355 5584 °°
1395 5553 1522 5607 Luc.
1558 5569 1611 5617 ι,
1638 5552 1749 5607 5-8.
1828 5555 1868 5585 ⁸¹
1913 5555 2176 5615 Lucam,
2204 5551 2253 5614 8,
2334 5544 2378 5585 "
2420 5552 2668 5617 lllatth.v,
2696 5554 2780 5609 ll.

176 5689 296 5760 (50‘)
328 5693 603 5745 Δυνατῶν.
637 5691 716 5745 Au
752 5688 1038 5762 legendum
1068 5688 1317 5742 δυνατοίῖ
1350 5690 1508 5743 Ευιτ.
1537 5664 1773 5744 ΡΑτηοιιῖ
