3738 6304
431 305 565 360 1091

1655 297 1892 354 DIDYMI
1931 296 2392 352 ALEXANDRINI

3518 290 3624 345 lim

428 412 536 468 Eos
561 418 737 466 autem
775 426 866 481 qm
899 412 1180 482 [musculis
1233 412 1354 466 vitae
1407 426 1589 466 amore
1635 422 1903 474 tenentur,
1935 424 1984 466 et

2104 412 2303 473 ιένους,
2336 408 2424 462 διὰ
2451 408 2510 462 τὸ
2535 406 2819 477 τυγχάνειν
2848 404 3022 474 φωτὸς
3057 405 3226 466 υἱοὺς,
3255 400 3427 469 λέγει·
3466 397 3626 468 Ὑμεῖς

438 505 506 554 ad
529 517 647 556 eain
681 502 921 556 referunt
947 519 1276 573 quaecunque
1293 515 1606 572 operantur,
1637 505 1816 559 swculi
1835 505 1988 574 hujus

425 590 565 660 ﬁlios
600 592 918 646 nominavit.
951 593 1264 662 Quanquam
1313 610 1440 648 vero
1470 595 1629 648 etiam
1666 594 1991 662 prudentio—

430 697 519 737 res
545 681 682 736 dixit
714 683 836 737 filiis
865 684 1030 747 lucis,
1065 701 1167 740 non
1201 685 1513 753 simpliciter
1547 687 1679 740 dixit
1712 702 1832 741 esse
1863 702 1990 756 prn-

427 775 731 840 dentiores;
768 777 860 830 sed
891 778 946 828 in
974 779 1301 846 generatione
1341 796 1471 842 sua;
1509 779 1558 831 id
1610 789 1712 844 est,
1747 780 1800 832 iu
1835 780 1992 832 rebus

427 866 494 922 ad
528 868 628 921 hoc
656 868 910 920 saaculum
963 872 1402 935 accommodatis,
1454 872 1830 939 prudentiores
1870 878 1996 923 sunt

429 956 554 1012 ﬁliis
603 959 757 1011 lucis.
810 957 1075 1025 Sapientes
1120 963 1262 1014 enim
1317 972 1439 1016 sunt
1482 974 1536 1016 ut
1592 963 1788 1032 faciant
1813 963 1992 1016 mala:

429 1051 554 1103 bene
602 1061 773 1104 autem
822 1053 994 1120 facere
1032 1055 1316 1108 nescierunt
1335 1056 1398 1110 ⁸³.
1451 1057 1589 1122 Quin
1637 1068 1690 1110 et
1738 1059 1803 1109 de
1859 1054 1991 1109 Juda

429 1143 686 1210 scriptum
718 1152 823 1206 est,
857 1158 980 1197 esse
1014 1159 1134 1198 eum
1168 1145 1339 1213 ﬁlium
1375 1147 1698 1211 perditionis.
1735 1146 1826 1200 Sic
1853 1147 1993 1199 enim

432 1231 686 1288 Dominus
731 1235 794 1288 de
853 1233 942 1288 illo
999 1236 1168 1290 dixit:
1218 1236 1302 1290 Ea:
1350 1238 1620 1304 discipulis
1668 1238 1793 1290 meis
1849 1254 1995 1290 nemo

428 1323 600 1388 periit,
635 1325 735 1376 nisi
765 1323 909 1391 [ilius
932 1327 1240 1392 perditionis
1261 1328 1324 1378 “.
1355 1327 1549 1381 Filium
1594 1338 1771 1380 autem
1818 1328 1998 1395 perdi-

433 1415 593 1468 tionis
624 1416 853 1477 vocavit,
889 1418 1028 1484 quod
1056 1432 1117 1471 ea
1151 1417 1338 1472 fecerit
1389 1435 1507 1484 quae
1557 1428 1682 1472 sunt
1733 1417 1995 1485 perditio-

431 1506 536 1569 nis,
567 1519 927 1577 merguntque
967 1508 1017 1560 in
1052 1509 1351 1563 interitum.
1387 1508 1496 1561 Non
1535 1509 1676 1561 enim
1708 1508 1828 1561 talis
1858 1516 1995 1568 erat,

432 1607 551 1647 cunt
585 1609 722 1649 unus
744 1604 887 1651 esset
919 1611 982 1652 ex
1033 1597 1308 1666 apostolis,
1344 1613 1406 1650 ac
1452 1612 1570 1650 cum
1605 1597 1684 1650 eis
1732 1595 1994 1649 Salvatori

432 1683 636 1751 pariter
660 1685 1027 1753 ministraret;
1062 1689 1155 1741 sed
1198 1703 1319 1740 cum
1366 1685 1484 1740 Filii
1513 1685 1602 1739 Dei
1635 1696 1794 1751 atque
1829 1684 1995 1753 Magi-

2089 502 2228 554 ἐστε
2252 500 2318 553 τὸ
2355 498 2479 567 φῶς
2520 497 2625 550 τοῦ
2649 498 2899 565 κόσμου’
2939 496 3065 557 τοὺς
3087 493 3141 546 δὲ
3172 492 3554 560 ἀγαπήσαντας
3583 491 3628 540 τὸ

2092 591 2263 661 παρὸν
2296 590 2413 660 ζῇν,
2445 591 2539 642 καὶ
2571 589 2708 660 πρὸς
2752 587 2884 642 αὐτὸ
2927 587 3132 646 πάντα,
3165 584 3201 638 ὃ.
3233 581 3503 640 ποιοῦσιν,
3531 582 3628 632 ἀνα-

2094 683 2375 752 φέροντας,
2415 681 2582 745 υἱοὺς
2633 677 2846 744 αἰῶνος
2875 679 3086 732 τούτου
3115 675 3421 742 ὠνόμασεν.
3453 669 3572 721 Ἀλλ’
3595 674 3628 724 εξ

2093 775 2187 826 καὶ
2231 770 2380 825 εἶπεν
2428 772 2649 832 τούτους
2707 767 3147 840 φρονιμωτέρους
3177 764 3319 832 ὑπὲρ
3368 761 3494 820 τοὺς
3518 759 3630 822 uicis;

2093 865 2187 917 τοῦ
2206 866 2399 934 φωτὸς,
2438 865 2496 916 οὐ
2522 861 2776 925 καθάπαξ
2802 861 2997 922 αὐτοὺς
3019 854 3172 910 εἶπεν
3205 849 3630 926 φρονιμωτέρους,

2095 957 2207 1010 ἀλλ’
2225 956 2294 1008 ἐν
2314 955 2388 1023 τῇ
2419 955 2645 1008 ἑαυτῶν
2659 952 2850 1023 γενεᾷ
2873 951 3168 1009 τουτέστιν,
3187 949 3244 998 ἐν
3267 946 3382 1006 τοῖς
3413 941 3632 1011 πράγμα-

2099 1062 2180 1099 σιν
2207 1048 2317 1108 τοίς
2350 1043 2707 1097 οἰκειωθεῖσιν
2745 1041 2918 1110 τούτῳ
2955 1039 3031 1108 τῷ
3065 1037 3241 1097 αἰῶνι,
3270 1028 3635 1102 φρονιμώτεροι

2095 1140 2200 1191 τῶν
2224 1137 2317 1191 τοῦ
2355 1138 2529 1206 φωτὸς
2582 1135 2714 1188 υἱῶν
2753 1134 3128 1202 τυγχάνουσιν.
3167 1125 3349 1193 Σοφοὶ
3402 1121 3511 1190 γάρ
3546 1123 3636 1172 εἱσι

2098 1229 2201 1283 τοῦ
2231 1226 2647 1295 κακοποιῆσαιο
2671 1226 2738 1279 τὸ
2780 1225 2848 1277 δὲ
2883 1221 3083 1287 καλῶς
3109 1218 3356 1286 ποιῆσαι
3413 1216 3486 1268 οὐ
3517 1230 3636 1268 συγ-

2097 1320 2270 1390 ῆκιιγ.
2300 1321 2408 1372 Καὶ
2434 1319 2558 1389 περὶ
2586 1318 2678 1371 τοῦ
2703 1317 2868 1370 Ἰούδα
2900 1316 2956 1368 δὲ
2985 1315 3312 1384 γέγραπται,
3337 1310 3418 1371 ὡς
3447 1309 3526 1377 εἴη
3551 1307 3638 1367 υίὸς

2097 1410 2389 1473 ἀπωλείας.
2442 1410 2500 1462 '0
2525 1409 2633 1479 γὰρ
2662 1408 2866 1477 Κύριος
2894 1407 3022 1475 περὶ
3051 1403 3215 1456 αὐτοῦ
3245 1398 3426 1459 εἶπεν,
3458 1399 3534 1450 ὅτι
3556 1399 3639 1450 Oi:-

2098 1503 2222 1568 δεὶς
2247 1501 2511 1556 ἀπώλετο
2552 1502 2620 1554 ἐκ
2657 1499 2775 1553 τῶν
2807 1497 3092 1567 μαθητῶν
3118 1513 3258 1565 μου,
3292 1495 3345 1545 εὶ
3377 1489 3465 1560 μὴ
3489 1493 3519 1542 ό
3541 1489 3639 1550 υίὸς

2099 1594 2210 1662 τῆς
2246 1596 2562 1659 ἀπωλείας.
2611 1594 2907 1652 Ἀπωλείας
2953 1591 3008 1643 δὲ
3061 1588 3174 1642 υἱὸν
3200 1585 3362 1639 αὑτὸν
3393 1580 3640 1648 εἶπεν.τῷ

2100 1688 2165 1741 τὰ
2193 1689 2290 1756 τῆς
2322 1686 2593 1749 ἀπωλείας
2622 1685 2976 1756 πεπραχέναι.
3006 1684 3081 1736 Οὐ
3102 1681 3210 1751 γὰρ
3243 1680 3332 1730 ὅτε
3367 1670 3448 1735 εἷς
3479 1670 3540 1742 ἦν
3561 1674 3639 1723 τέν

433 1773 529 1827 stri
567 1776 806 1844 proditor
834 1778 1054 1832 effectus
1087 1787 1189 1832 est.
1220 1778 1478 1846 Quodque
1505 1793 1571 1832 ex
1621 1788 1813 1831 natura
1857 1778 1984 1829 hanc

2104 1780 2428 1843 ἀποστόλων,
2479 1781 2573 1832 καὶ
2623 1779 2856 1848 διηκόνει
2914 1777 3027 1846 ἅμα
3060 1773 3287 1833 ἐκείνοις
3323 1767 3407 1837 τῷ
3443 1765 3639 1832 Σωτῆρι.

434 1863 608 1918 malus
640 1877 804 1931 esset,
839 1869 1000 1922 simul
1032 1885 1152 1922 cum
1208 1869 1483 1938 discipulis
1535 1871 1784 1923 Omnibus
1843 1869 1997 1921 audi—-

436 1957 511 2008 vit
541 1973 552 2008 :
586 1956 716 2010 Ecce
748 1967 896 2011 mitto
933 1976 1018 2012 vos
1049 1962 1179 2012 sicut
1212 1978 1324 2013 oves
1360 1962 1414 2012 in
1461 1961 1629 2013 medio
1675 1959 1997 2029 luporum“.

435 2047 491 2102 Si
521 2047 673 2117 lupos
706 2049 954 2105 diciteos
985 2055 1072 2120 qui
1117 2063 1360 2120 peccant,
1400 2067 1526 2105 oves
1578 2068 1706 2106 vero
1762 2067 1855 2106 eos
1909 2053 1998 2120 qui

434 2144 622 2197 virtuti
647 2154 846 2198 navant
878 2160 1094 2212 operam
1127 2161 1140 2199 :
1174 2147 1436 2216 siquidem
1464 2143 1629 2198 Judas
1657 2153 1848 2197 natura
1883 2160 1997 2196 uia-

433 2234 518 2289 lus
545 2244 682 2299 erat,
712 2236 828 2290 ovis
862 2223 1060 2292 Christi
1097 2255 1200 2291 non
1252 2248 1400 2301 erat;
1435 2253 1557 2291 nam
1609 2251 1780 2305 neque
1829 2238 1998 2290 virtu-

437 2331 541 2374 tem
581 2333 754 2390 potest
779 2326 1011 2393 operari,
1039 2328 1128 2395 qui
1157 2342 1252 2394 per
1279 2339 1524 2379 naturam
1549 2327 1725 2379 malus
1753 2335 1856 2379 est.
1889 2327 1996 2379 Sed

437 2426 609 2480 neque
637 2413 749 2479 ipse
778 2414 1026 2470 diabolus
1055 2431 1151 2484 per
1177 2427 1424 2470 naturam
1459 2416 1630 2472 malus
1659 2426 1760 2479 est,
1811 2418 1904 2472 sed
1930 2431 1996 2470 ex

434 2501 731 2558 mutatione
767 2505 949 2559 liberae
979 2506 1292 2559 voluntatis.

2099 1867 2165 1937 ἦν
2191 1870 2451 1933 τοιοῦτος,
2479 1871 2593 1922 ἀλλ’
2619 1872 2709 1923 ὅτε
2759 1867 3024 1940 προδότης
3055 1866 3244 1934 γέγονε
3287 1860 3385 1914 τοῦ
3421 1857 3545 1911 1⁸ίοῦ
3570 1855 3640 1906 τοῦ

2100 1962 2234 2016 Θεοῦ
2279 1964 2371 2014 καὶ
2426 1962 2778 2025 Διδασκάλου,
2816 1961 3107 2028 ἀγαπήσας
3156 1957 3224 2008 τὰ
3272 1959 3373 2023 τῆς
3401 1948 3643 2006 ἀπωλείας

2101 2055 2355 2125 ἀργύρια.
2395 2055 2503 2108 Καὶ
2535 2057 2615 2108 ὅτι
2649 2055 2708 2107 οὑ
2745 2054 2884 2107 κατὰ
2915 2052 3075 2122 φύσιν
3102 2046 3169 2118 ἦν
3189 2044 3510 2112 κακὸς,ᾶμα
3538 2042 3644 2091 πᾶσι

2100 2148 2212 2208 τοῖς
2234 2147 2500 2217 μαθηταῖς
2530 2147 2604 2198 ὢν
2638 2147 2886 2216 ἤκουσεν·
2923 2143 3078 2198 Ἰδοὺ
3117 2137 3477 2194 ἀποστέλλω
3499 2129 3642 2200 ὑμᾶς.

2101 2235 2180 2300 ὡς
2224 2236 2487 2304 πρόϐατα
2536 2237 2604 2289 ἐν
2653 2235 2820 2305 μέσῳ
2861 2235 3082 2287 λύκων.
3130 2231 3191 2282 Εἰ
3233 2228 3289 2281 δὲ
3315 2226 3514 2284 λύκους
3547 2223 3645 2279 τοὶς

2103 2329 2508 2400 ἁμαρτάνοντας
2557 2329 2723 2396 λέγει,
2775 2325 3020 2396 πρόϐατα
3065 2323 3122 2374 δὲ
3166 2321 3292 2381 τοὺς
3340 2313 3646 2400 πρακτικοδς

2099 2422 2453 2493 τῆς,άρετῆς,
2485 2423 2639 2489 εἴπερ
2667 2422 2696 2473 ό
2732 2419 2934 2481 Ἰούδας
2971 2416 3129 2484 φύσει
3171 2412 3336 2471 κακὸς
3360 2405 3449 2478 ἦν,
3478 2406 3572 2458 οὐκ
3594 2398 3648 2493 ἦν

2101 2514 2370 2582 πρόϐατον
2399 2512 2656 2584 Χριστοῦ·
2689 2512 2809 2564 ἐπεὶ
2845 2508 2918 2579 μὴ
2948 2503 3249 2578 πρακτικὸς
3287 2500 3387 2568 τῆς
3419 2495 3601 2566 ἀρετῆς
3623 2492 3648 2542 ὃ

434 2591 572 2643 κατὰ
609 2592 767 2660 φύσιν
800 2595 985 2658 κακός.
1029 2595 1166 2648 Ἀλλ’
1199 2596 1305 2650 οὐδ’
1346 2597 1507 2659 αὐτὸς
1544 2597 1572 2649 ό
1610 2596 1855 2660 διάϐολος
1903 2599 2042 2654 κατὰ
2105 2603 2265 2670 φύσιν
2329 2605 2516 2668 κακὸς,
2586 2602 2699 2656 ἀλλ’
2735 2605 2798 2655 ὲκ
2836 2599 3042 2671 τροπῆς
3083 2595 3176 2648 τοῦ
3227 2592 3358 2646 ἰδίου
3425 2585 3649 2648 αὐτεξου-

433 2680 570 2734 σίου.

1468 2756 1601 2811 CAP.
1642 2755 1708 2810 ν.
1750 2755 1951 2826 Corpus
1989 2761 2187 2829 peccati
2227 2761 2484 2828 quomodo
2523 2761 2634 2826 ﬁat.

510 2845 660 2899 Sicut
707 2847 866 2915 igitur
897 2861 1015 2900 non
1061 2845 1230 2899 solum
1287 2846 1546 2900 malarum
1597 2848 1868 2902 actionum
1938 2864 1984 2902 at

2174 2851 2382 2919 ’Ὠσπερ
2411 2844 2523 2913 οὖν,
2567 2848 2628 2900 οὐ
2660 2847 2767 2900 τῶν
2802 2844 3021 2914 φαύλων
3060 2844 3242 2914 μόνον,
3276 2839 3413 2894 ἀλλὰ
3451 2840 3541 2892 καὶ
3562 2837 3650 2889 τῶν

434 2937 758 2997 studiorum,
785 2950 974 2988 verum
1005 2937 1166 2989 etiam
1201 2936 1548 2990 honestarum
1597 2937 1691 2990 filii
1740 2948 1984 2993 vocanttu

2104 2942 2402 2994 σπουδαίων
2453 2938 2897 3010 ἐπιτηδευμάτων
2939 2937 3033 2989 καὶ
3093 2935 3513 3004 πραττομένων,
3562 2930 3650 2982 uici

435 3044 496 3083 ac
531 3028 666 3090 uati,
703 3029 793 3096 qui
837 3043 898 3081 ea
932 3037 1186 3082 exercent
1213 3043 1276 3082 eo
1312 3043 1416 3095 quo
1460 3027 1661 3082 dictum
1689 3041 1772 3083 est
1805 3031 1964 3086 modo

2104 3031 2391 3085 καλοῦνται
2419 3032 2510 3082 καὶ
2533 3030 2697 3082 τέκνα
2725 3031 2773 3081 οἱ
2825 3027 3200 3088 ἐπιτελοῦντες
3240 3027 3316 3096 τῷ
3346 3025 3653 3096 προειρημέ-

434 3133 498 3170 ex
543 3117 700 3185 cujus
740 3117 972 3180 ratione,
1019 3117 1336 3185 qualitatum
1380 3118 1518 3172 fctus
1555 3119 1837 3186 prolesque
1861 3120 1984 3174 dicet

2104 3142 2175 3194 νῳ
2208 3125 2412 3195 τρόπῳ,
2439 3123 2558 3176 καθ’
2583 3123 2641 3174 ὃν
2679 3121 2892 3190 ἐλέγετο
2924 3122 3238 3189 γεννήματα
3274 3119 3563 3187 ποιοτήτων
3589 3111 3652 3168 εἷ-

436 3209 654 3270 bantur,
678 3208 767 3277 qui
791 3221 855 3260 ex
885 3208 989 3260 illis
1016 3223 1136 3261 esse
1171 3208 1478 3275 accipereut
1511 3209 1653 3276 quod
1687 3224 1715 3261 a
1743 3209 1984 3278 qualitati

2108 3235 2194 3269 ναι
2232 3205 2364 3278 τοὺς
2389 3215 2764 3285 λαμϐάνοντας
2781 3215 2873 3266 ἀπ’
2897 3213 3072 3265 αὐτῶν
3098 3213 3158 3264 τὸ
3187 3209 3350 3272 εἶναι,
3383 3209 3653 3278 ὅπερέκθν

433 3296 658 3367 ejusque
689 3313 912 3354 munere
945 3299 1171 3361 habent;
1207 3301 1397 3352 merito
1437 3315 1564 3352 caro
1609 3303 1814 3368 peccati
1835 3303 1900 3367 “,
1953 3318 1982 3355 e

2110 3326 2189 3360 σιν
2221 3309 2283 3360 ὲκ
2315 3307 2412 3376 τῆς
2463 3307 2776 3376 ποιότητος·
2814 3305 3037 3367 εἰκότως
3070 3303 3206 3373 σ’άρξ
3253 3303 3542 3373 ἁμαρτίας,
3571 3300 3651 3352 καὶ

434 3391 950 3458 corpuspeccati“,
976 3391 1266 3459 quispiam,
1303 3407 1406 3444 non
1437 3391 1758 3460 simpliciter
1784 3393 1980 3446 dicitur

2109 3399 2263 3469 σῶμα
2291 3398 2582 3469 ἁμαρτίας,
2637 3399 2698 3450 οὐ
2753 3396 3006 3460 καθάπαξ
3054 3396 3270 3464 λέγεται
3304 3412 3406 3458 τις,
3437 3393 3563 3446 ἀλλά
3586 3391 3652 3460 τῷ

433 3480 526 3536 sed
552 3481 751 3536 idcirco
786 3482 909 3550 quia
937 3481 1368 3552 servitpeccato.
1403 3482 1570 3536 llomo
1608 3484 1748 3537 enim
1783 3499 1984 3552 COI‘DOI’l

2106 3493 2398 3562 ὑπηρετεῖν
2421 3495 2486 3561 τῇ
2524 3490 2786 3562 ἁμαρτίᾳ.
2813 3492 2870 3542 '0
2896 3491 3002 3560 γὰρ
3021 3489 3305 3560 ἄνθρωπος
3350 3488 3428 3558 τῷ
3459 3486 3651 3556 σώματι

435 3587 500 3625 ac
553 3588 716 3626 carne
766 3575 832 3626 ad
868 3574 1143 3628 libidinem
1189 3575 1398 3643 aliaque
1440 3575 1703 3641 ejusmodi
1735 3576 1860 3629 vitia
1909 3577 1984 3630 ab

2105 3583 2198 3634 καὶ
2240 3585 2306 3652 τῇ
2362 3583 2524 3653 σαρκὶ
2562 3584 2639 3645 εἰς
2673 3581 2922 3649 λαγνείαν
2963 3581 3056 3634 καὶ
3095 3581 3193 3643 τὰς
3224 3579 3390 3642 ἄλλας
3426 3580 3653 3638 τοιαύτας

435 3672 613 3730 utens,
642 3679 834 3733 corpus
861 3681 1015 3720 suuut
1052 3680 1250 3736 corpus
1276 3667 1480 3734 peccati
1509 3665 1657 3730 facit,
1693 3675 1748 3722 et
1785 3682 1984 3722 carueu

2104 3673 2378 3744 ἐνεργείας
2398 3673 2840 3744 καταχρώμενος,
2860 3675 3004 3725 ποιεῖ
3027 3672 3088 3725 τὸ
3111 3671 3270 3742 σῶμα
3293 3670 3477 3732 αὐτοῦ,
3496 3672 3651 3738 ἁμερ-

433 3768 586 3811 suam
633 3771 846 3810 carnem
866 3758 1114 3826 peccati;
1166 3758 1311 3812 haud
1373 3772 1531 3813 secus
1577 3773 1642 3812 ac
1706 3760 1980 3814 studiosus

2104 3763 2222 3826 τίας
2259 3763 2436 3833 σῶμα·
2464 3765 2557 3817 καὶ
2582 3765 2678 3834 τὴν
2711 3764 2911 3834 σάρκα,
2947 3763 3124 3833 σάρκα
3149 3762 3425 3833 ἁμαρτίας
3443 3778 3456 3790 ·
3483 3761 3648 3828 ὥπερ

431 3847 697 3902 castitatis
731 3850 932 3912 studio,
974 3863 1037 3904 ac
1061 3865 1180 3920 qua:
1228 3851 1279 3905 ei
1324 3851 1500 3906 virtus
1555 3852 1760 3919 reliqua
1801 3865 1980 3906 comes

2104 3857 2132 3908 ό
2172 3855 2455 3918 σπουδαῖος
2481 3856 2567 3909 διὰ
2603 3853 2958 3926 σωφροσύνης
2985 3856 3077 3908 καὶ
3110 3855 3207 3925 τῆς
3248 3853 3516 3924 ἑπομένης
3537 3853 3650 3922 ἁρε-

432 3952 803 4006 corpussuum
845 3939 1198 4008 animumque
1253 3941 1575 3996 sanctificat.
1627 3942 1789 4012 Virgo
1845 3943 1984 4011 igitur

2104 3950 2201 4016 τῆς
2227 3987 2242 4009 ,
2287 3947 2348 3998 τὸ
2383 3945 2540 4015 σῶμα
2592 3945 2786 3999 ἑαυτοῦ
2839 3946 2931 3998 καὶ
2970 3946 3067 4016 τὴν
3109 3945 3286 4015 ψυχὴν
3325 3945 3553 4012 ἁγιάζει.
3588 3943 3649 3995 ’Β

434 4040 618 4083 sancta
672 4030 904 4084 efﬁcitur
948 4047 1176 4101 corpore
1219 4039 1274 4088 et
1319 4033 1510 4102 spiritu
1542 4034 1668 4104 (hoc
1695 4044 1778 4088 est
1802 4034 1977 4087 anima

2104 4037 2370 4108 παρθένος
2417 4037 2547 4105 γοῦν
2594 4037 2724 4105 ἁγία
2767 4038 2973 4105 γίνεται
3012 4035 3223 4106 σώματι
3258 4037 3352 4089 καὶ
3379 4034 3645 4105 πνεύματι,

435 4120 882 4187 quemadmodum
911 4123 1098 4176 scribit
1122 4121 1341 4189 Paulus,
1377 4124 1582 4189 dicens,
1608 4125 1806 4178 debere
1835 4124 1984 4192 virgi-

2104 4129 2130 4180 ὅ
2158 4129 2271 4180 ἐστι
2303 4127 2469 4198 ψυχὴ,
2502 4127 2578 4191 ὡς
2606 4127 2805 4198 γράφει
2832 4126 3062 4189 Παῦλος,
3084 4126 3277 4194 λέγων,
3311 4127 3394 4180 ὅτι
3421 4128 3514 4198 τὴν
3531 4142 3648 4193 παρ-

435 4224 556 4262 nem
611 4211 840 4265 terrenis
882 4213 1042 4266 rebus
1084 4215 1335 4282 curisque
1377 4230 1482 4269 non
1527 4215 1783 4280 distrahi,
1825 4214 1894 4269 Ut
1933 4217 1978 4270 si

2104 4217 2252 4270 θένον
2280 4218 2360 4270 δεῖ
2384 4216 2790 4288 ἀπερίσπαστον
2819 4211 2956 4269 εἶναι
2979 4216 3086 4269 τῶν
3115 4215 3383 4285 βιωτικῶν
3419 4217 3647 4287 πραγμά-

433 4309 615 4353 sancta
659 4317 871 4369 corpore
913 4313 960 4357 et
1007 4304 1196 4372 spiritu
1214 4305 1280 4358 ⁸⁸.
1341 4305 1445 4358 Sed
1491 4315 1544 4360 et
1588 4307 1640 4359 in
1674 4306 1908 4376 Epistola
1937 4322 1984 4360 at

2104 4329 2231 4378 των,
2259 4313 2392 4366 Ἵνα
2415 4306 2454 4383 ᾗ
2483 4312 2624 4381 ἁγία
2651 4309 2874 4380 σώματι
2909 4310 3008 4364 καὶ
3043 4310 3354 4378 πνεύματι.
3385 4309 3537 4362 ’Δὶλὰ
3563 4309 3645 4360 καὶ

433 4387 742 4444 Corinthios
761 4392 991 4446 scribit:
1025 4390 1329 4462 Gloriﬁcate
1369 4395 1537 4448 Deum
1572 4396 1629 4448 in
1676 4412 1889 4463 corpore
1921 4412 1984 4450 vei

2104 4404 2160 4454 ὲν
2186 4405 2252 4473 τῇ
2271 4403 2554 4474 Ἐπιστολῇ
2585 4405 2649 4473 τῇ
2678 4401 2976 4474 Κορινθίων
3001 4400 3222 4472 γράφει*
3249 4401 3541 4465 Δοξὰσατε
3553 4401 3647 4451 n’r

422 4478 618 4559 Istro”.
649 4479 702 4532 Si
735 4492 910 4535 autem
947 4482 1278 4552 gloriﬁcatur
1309 4485 1447 4539 Deus
1475 4486 1526 4538 iu
1572 4501 1799 4556 corpore
1821 4487 1984 4540 homi-

2105 4491 2252 4546 Θεὸν
2273 4493 2342 4546 ἐν
2371 4494 2449 4558 τῷ
2481 4493 2704 4562 σώματι
2731 4492 2916 4561 ὑμῶν.
2943 4494 3004 4546 Εἰ
3026 4494 3081 4546 δὲ
3102 4492 3382 4558 δοξάζεται
3410 4495 3438 4546 ὁ
3462 4492 3573 4552 Θεὸς
3591 4493 3645 4541 ἐν

435 4583 585 4632 nunt,
634 4583 734 4623 nec
787 4568 930 4626 Deus
971 4573 1023 4626 iu
1071 4573 1212 4627 malo
1255 4574 1627 4644 glorificatur;
1680 4576 1824 4630 haud
1868 4591 1984 4631 sant

2104 4583 2180 4653 τῷ
2214 4582 2424 4653 σώματι
2470 4584 2575 4636 τῶν
2601 4583 2922 4654 ἀνθρώπων,
2954 4584 3015 4636 οὗ
3056 4582 3338 4647 δοξάζεται
3369 4583 3427 4635 δὲ
3453 4583 3566 4644 Θεὸς
3591 4584 3644 4632 ἐν

435 4676 633 4730 corpus
665 4673 854 4717 natura
906 4665 1104 4720 malum
1135 4675 1247 4736 est;
1274 4683 1581 4738 quanquam
1608 4670 1778 4738 ipsum
1813 4684 1990 4738 pecca-

435 4759 519 4806 tor
550 4752 747 4806 malum
787 4741 976 4821 reddit,
1009 4771 1075 4810 ex
1103 4760 1307 4827 peccati
1353 4760 1653 4814 rationibus
1685 4761 1776 4814 illo
1818 4773 1996 4816 utens.

434 4845 510 4896 Ac
542 4860 727 4898 rursus
759 4848 942 4915 paucis
967 4848 1265 4917 interiectis
1299 4851 1349 4904 in
1383 4852 1494 4906 haec
1521 4852 1678 4906 verba
1742 4867 1867 4920 suos
1921 4852 2000 4906 al-

431 4933 664 5003 loquitur
704 4938 822 4992 :An
866 4942 1096 5004 nescitis,
1141 4943 1263 5009 quia
1288 4959 1504 5012 corpora
1548 4955 1715 4997 vestra
1757 4943 2002 5010 templum

429 5035 550 5078 sunt
582 5027 810 5088 Spiritus
831 5033 1014 5099 sancti,
1049 5035 1138 5102 qui
1176 5036 1226 5087 in
1253 5036 1389 5087 vobis
1417 5046 1526 5098 est;
1556 5051 1706 5104 quem
1740 5035 1934 5088 habetis
1965 5053 1995 5088 α

432 5113 636 5171 Deo"?
670 5118 727 5173 Si
759 5124 872 5190 quis
911 5127 1156 5193 templum
1198 5125 1292 5179 Dei
1314 5127 1595 5193 violaverit,
1637 5128 1894 5195 disperdet
1926 5127 1993 5179 il-

430 5206 538 5260 lum
564 5209 702 5264 Deus
725 5225 742 5262 :
762 5215 1009 5283 templum
1036 5219 1175 5271 enim
1203 5217 1295 5271 Dei
1329 5229 1566 5300 sanctum
1588 5230 1682 5285 est,
1709 5221 1848 5290 quod
1874 5223 1996 5273 estis

429 5299 597 5352 eos".

2099 4672 2273 4742 κακῷο
2299 4674 2357 4725 οὐ
2392 4672 2559 4726 κακὸν
2593 4673 2654 4724 τὸ
2685 4671 2845 4742 σῶμα
2873 4675 2938 4742 τῇ
2982 4672 3160 4742 φύσει,
3193 4671 3294 4725 κᾶν
3335 4673 3498 4726 κακὸν
3535 4671 3642 4724 αὐτῦ

2101 4767 2246 4818 ποιεῖ
2285 4766 2313 4817 ό
2347 4763 2667 4834 ἁμαρτωλὸς
2693 4804 2706 4829 ,
2754 4764 3141 4834 άμαρτητικῶς
3175 4765 3325 4834 αὑτῷ
3373 4765 3640 4835 χρώμενος.

2100 4857 2210 4910 Καὶ
2263 4857 2378 4927 μετ’
2421 4855 2599 4924 ὀλίγον
2641 4859 2801 4912 πάλιν
2846 4861 2958 4920 τοῖς
3005 4857 3185 4917 αὺτοῖς
3231 4858 3553 4926 προσφωνεῖ·
3586 4851 3642 4906 Ἠ

2098 4951 2209 5002 οὐκ
2237 4947 2458 5009 οἴδατε,
2484 4948 2571 5000 ὅτι
2593 4949 2662 5001 τὰ
2683 4948 2924 5016 σώματα
2940 4944 3104 5015 ὑμῶν
3133 4946 3281 5012 ναός
3312 4947 3419 5000 τοῦ
3447 4944 3639 5013 ἑνύμῑν

2101 5041 2272 5111 ἁγίου
2305 5042 2648 5108 Πννεύματός
2683 5040 2886 5106 ἐστιν,
2917 5037 2987 5095 οὗ
3030 5042 3191 5109 ἔχετε
3219 5039 3338 5092 ἀ.τό
3377 5039 3548 5102 8εοῦ;
3585 5034 3638 5085 Εἴ

2101 5149 2189 5197 τις
2225 5131 2331 5185 τὸν
2376 5134 2527 5185 ναὸν
2553 5133 2656 5185 τοῦ
2703 5133 2848 5185 Θεοῦ
2875 5135 3129 5202 φθείρει,
3161 5130 3370 5200 φθερεῖ
3403 5128 3636 5183 τοῦτεγὸ

2105 5222 2267 5286 Θεός’
2297 5223 2328 5274 ὁ
2368 5223 2478 5292 γὰρ
2507 5221 2652 5287 ναός
2680 5221 2787 5275 τοῦ
2832 5223 2978 5277 Θεοῦ
3017 5222 3182 5290 ἅγιός
3229 5222 3421 5285 ἐστιν,
3456 5215 3634 5278 σῖτα-ές

2101 5316 2241 5370 ἐστε
2265 5315 2453 5384 ὑμεῖς.

640 5394 766 5449 CAP.
810 5397 894 5451 Vl.
935 5399 996 5453 Si
1035 5418 1220 5469 corpus
1261 5415 1450 5456 natura
1499 5403 1727 5467 malum,
1770 5404 2237 5472 sanctiﬁcatiouem
2279 5424 2383 5462 non
2429 5409 2631 5476 recipit.
2674 5405 2875 5472 Corpus
2908 5406 3233 5474 sanctiﬁcari
3267 5415 3452 5474 patest.

502 5483 606 5538 Sed
656 5495 708 5540 ct
769 5489 820 5541 in
882 5491 1118 5560 Epistula
1169 5493 1236 5547 ad
1286 5492 1812 5559 Tltessalouiceuses,
1842 5495 1980 5549 idem

498 5642 545 5672 ⁸³
582 5640 780 5700 Jcrem,
804 5645 978 5705 iv,2’:’..
1057 5648 1101 5676 ⁸⁸
1138 5645 1294 5700 Joau.
1318 5646 1560 5707 “11.19..

429 5709 518 5764 5-5.
596 5713 639 5742 ⁶⁹
683 5715 846 5770 lL'ot‘.
879 5732 948 5769 \‘l-
978 5716 1065 5769 ‘20.
1143 5718 1187 5747 7°
1232 5719 1356 5772 ibid.
1389 5720 1470 5772 l9.

1639 5649 1683 5680 ⁸⁵
1728 5649 1912 5702 Matth.
1961 5667 2014 5709 Χ.
2055 5649 2140 5705 l6.

1548 5719 1590 5749 τι
1637 5717 1803 5772 lCur.
1844 5736 1923 5784 Ill,
1972 5719 2055 5774 17.

2160 5496 2322 5550 Ἀλλὰ
2339 5498 2433 5550 καὶ
2454 5499 2510 5549 ὲν
2538 5500 2604 5567 τῇ
2631 5497 2764 5567 πρὸς
2790 5496 3214 5560 Θεσσαλονικέας
3245 5499 3274 5549 ὁ
3307 5497 3466 5558 αὐτὸς
3507 5492 3634 5546 Ἀπόι

2220 5651 2265 5682 ⁸⁸
2306 5649 2462 5707 Rom.
2496 5665 2613 5719 vui,
2641 5653 2692 5706 '5.
2772 5653 2814 5684 ⁶⁷
2855 5651 3010 5707 Rom.
3051 5669 3124 5718 vi,
3166 5653 3222 5707 6.
3279 5655 3324 5687 ’⁸
3363 5655 3532 5708 lCor.
3559 5663 3631 5711 τη.
