  <div class='ocr_page' id='page_1' title='image "/cluster/home/n/w/nwhite01/storage/ocr_20150623/39/hvd.32044019207778/554.png"; bbox 0 0 3738 6334; ppageno 0'>
   <div class='ocr_carea' id='block_1_1' title="bbox 101 353 1119 411">
    <p class='ocr_par' dir='ltr' id='par_1_1' title="bbox 101 353 1119 411">
     <span class='ocr_line' id='line_1_1' title="bbox 101 353 1119 411; baseline 0.007 -4"><span class='ocrx_word' id='word_1_1' title='bbox 101 353 240 411; x_wconf 73' lang='grc'><strong>1093</strong></span> <span class='ocrx_word' id='word_1_2' title='bbox 1084 358 1119 375; x_wconf 70' lang='grc'><strong>’³</strong></span> 
     </span>
    </p>
   </div>
   <div class='ocr_carea' id='block_1_2' title="bbox 1337 349 2107 411">
    <p class='ocr_par' dir='ltr' id='par_1_2' title="bbox 1337 349 2107 411">
     <span class='ocr_line' id='line_1_2' title="bbox 1337 349 2107 411; baseline -0.01 0"><span class='ocrx_word' id='word_1_3' title='bbox 1337 353 1620 411; x_wconf 79' lang='lat' dir='ltr'><strong>CONTRA</strong></span> <span class='ocrx_word' id='word_1_4' title='bbox 1660 349 2107 409; x_wconf 65' lang='lat' dir='ltr'><strong>MANICHJEOS.</strong></span> 
     </span>
    </p>
   </div>
   <div class='ocr_carea' id='block_1_3' title="bbox 3212 354 3350 425">
    <p class='ocr_par' dir='ltr' id='par_1_3' title="bbox 3212 354 3350 425">
     <span class='ocr_line' id='line_1_3' title="bbox 3212 354 3350 425; baseline 0 -14"><span class='ocrx_word' id='word_1_5' title='bbox 3212 354 3350 425; x_wconf 74' lang='lat' dir='ltr'><strong>test</strong></span> 
     </span>
    </p>
   </div>
   <div class='ocr_carea' id='block_1_4' title="bbox 100 433 1675 541">
    <p class='ocr_par' dir='ltr' id='par_1_4' title="bbox 100 446 1675 541">
     <span class='ocr_line' id='line_1_4' title="bbox 100 446 1675 541; baseline 0.002 -20"><span class='ocrx_word' id='word_1_6' title='bbox 100 467 289 531; x_wconf 82' lang='grc' dir='ltr'><em>στολος</em></span> <span class='ocrx_word' id='word_1_7' title='bbox 317 467 541 540; x_wconf 76' lang='grc' dir='ltr'><em>γράφει·</em></span> <span class='ocrx_word' id='word_1_8' title='bbox 579 468 644 522; x_wconf 86' lang='lat'><strong>&#39;0</strong></span> <span class='ocrx_word' id='word_1_9' title='bbox 673 466 819 536; x_wconf 83' lang='grc' dir='ltr'><strong>Θεὸς</strong></span> <span class='ocrx_word' id='word_1_10' title='bbox 840 470 953 540; x_wconf 85' lang='grc' dir='ltr'><em>τῆς</em></span> <span class='ocrx_word' id='word_1_11' title='bbox 979 471 1227 541; x_wconf 73' lang='grc' dir='ltr'><em>εἰρήνης</em></span> <span class='ocrx_word' id='word_1_12' title='bbox 1252 469 1496 540; x_wconf 76' lang='grc' dir='ltr'><strong>ἁγιάσαι</strong></span> <span class='ocrx_word' id='word_1_13' title='bbox 1521 446 1675 539; x_wconf 85' lang='grc' dir='ltr'><em>ὑμᾶς</em></span> 
     </span>
    </p>
   </div>
   <div class='ocr_carea' id='block_1_5' title="bbox 1833 433 3350 541">
    <p class='ocr_par' dir='ltr' id='par_1_5' title="bbox 1833 463 3350 537">
     <span class='ocr_line' id='line_1_5' title="bbox 1833 463 3350 537; baseline 0.002 -16"><span class='ocrx_word' id='word_1_14' title='bbox 1833 467 2066 537; x_wconf 88' lang='lat' dir='ltr'><strong>postolus</strong></span> <span class='ocrx_word' id='word_1_15' title='bbox 2089 463 2280 522; x_wconf 92' lang='lat' dir='ltr'><strong>scribit</strong></span> <span class='ocrx_word' id='word_1_16' title='bbox 2301 464 2346 496; x_wconf 89' lang='grc'><strong>⁷¹</strong></span> <span class='ocrx_word' id='word_1_17' title='bbox 2374 480 2389 517; x_wconf 91' lang='lat'><strong>:</strong></span> <span class='ocrx_word' id='word_1_18' title='bbox 2418 463 2557 520; x_wconf 82' lang='lat' dir='ltr'><strong>Deus</strong></span> <span class='ocrx_word' id='word_1_19' title='bbox 2586 467 2731 535; x_wconf 85' lang='lat' dir='ltr'><strong>pacis</strong></span> <span class='ocrx_word' id='word_1_20' title='bbox 2756 467 3042 533; x_wconf 81' lang='lat' dir='ltr'><strong>sanctiﬁcet</strong></span> <span class='ocrx_word' id='word_1_21' title='bbox 3069 484 3154 523; x_wconf 77' lang='lat' dir='ltr'><strong>vos</strong></span> <span class='ocrx_word' id='word_1_22' title='bbox 3175 478 3312 524; x_wconf 87' lang='lat' dir='ltr'><strong>totos</strong></span> <span class='ocrx_word' id='word_1_23' title='bbox 3331 485 3350 524; x_wconf 92' lang='lat'><strong><em>:</em></strong></span> 
     </span>
    </p>
   </div>
   <div class='ocr_carea' id='block_1_6' title="bbox 97 558 1677 633">
    <p class='ocr_par' dir='ltr' id='par_1_6' title="bbox 97 558 1677 633">
     <span class='ocr_line' id='line_1_6' title="bbox 97 558 1677 633; baseline -0.001 -18"><span class='ocrx_word' id='word_1_24' title='bbox 97 558 428 626; x_wconf 73' lang='grc' dir='ltr'><strong>ὁλοτελεῖς,</strong></span> <span class='ocrx_word' id='word_1_25' title='bbox 462 561 558 614; x_wconf 76' lang='grc' dir='ltr'><strong>καὶ</strong></span> <span class='ocrx_word' id='word_1_26' title='bbox 589 562 927 630; x_wconf 74' lang='grc' dir='ltr'><em>ὁλόκληρον</em></span> <span class='ocrx_word' id='word_1_27' title='bbox 966 561 1134 633; x_wconf 84' lang='grc' dir='ltr'><em>ὑμῶν</em></span> <span class='ocrx_word' id='word_1_28' title='bbox 1171 563 1238 616; x_wconf 85' lang='grc' dir='ltr'><em>τὸ</em></span> <span class='ocrx_word' id='word_1_29' title='bbox 1269 563 1532 632; x_wconf 81' lang='grc' dir='ltr'><strong>Πνεῦμα,</strong></span> <span class='ocrx_word' id='word_1_30' title='bbox 1576 560 1677 615; x_wconf 73' lang='grc' dir='ltr'><em>καὶ</em></span> 
     </span>
    </p>
   </div>
   <div class='ocr_carea' id='block_1_7' title="bbox 94 649 1678 723">
    <p class='ocr_par' dir='ltr' id='par_1_7' title="bbox 94 649 1678 723">
     <span class='ocr_line' id='line_1_7' title="bbox 94 649 1678 723; baseline 0.001 -20"><span class='ocrx_word' id='word_1_31' title='bbox 94 652 132 718; x_wconf 76' lang='grc' dir='ltr'><strong><em>ἠ</em></strong></span> <span class='ocrx_word' id='word_1_32' title='bbox 160 649 370 719; x_wconf 58' lang='grc' dir='ltr'><em>ψυχὴ,</em></span> <span class='ocrx_word' id='word_1_33' title='bbox 399 650 501 704; x_wconf 76' lang='grc' dir='ltr'><em>καὶ</em></span> <span class='ocrx_word' id='word_1_34' title='bbox 532 650 597 704; x_wconf 86' lang='grc' dir='ltr'><em>τὸ</em></span> <span class='ocrx_word' id='word_1_35' title='bbox 628 649 800 721; x_wconf 82' lang='grc' dir='ltr'><em>σῶμα</em></span> <span class='ocrx_word' id='word_1_36' title='bbox 832 653 1148 723; x_wconf 80' lang='grc' dir='ltr'><em>ἀμέμπτως</em></span> <span class='ocrx_word' id='word_1_37' title='bbox 1168 654 1239 707; x_wconf 86' lang='grc' dir='ltr'><em>ἐν</em></span> <span class='ocrx_word' id='word_1_38' title='bbox 1266 653 1339 721; x_wconf 79' lang='grc' dir='ltr'><em>τῇ</em></span> <span class='ocrx_word' id='word_1_39' title='bbox 1377 655 1678 723; x_wconf 76' lang='grc' dir='ltr'><strong>παρουσίᾳ</strong></span> 
     </span>
    </p>
   </div>
   <div class='ocr_carea' id='block_1_8' title="bbox 93 734 1673 820">
    <p class='ocr_par' dir='ltr' id='par_1_8' title="bbox 93 734 1673 820">
     <span class='ocr_line' id='line_1_8' title="bbox 93 734 1673 820; baseline 0.003 -25"><span class='ocrx_word' id='word_1_40' title='bbox 93 742 202 795; x_wconf 82' lang='grc' dir='ltr'><strong>τοῦ</strong></span> <span class='ocrx_word' id='word_1_41' title='bbox 243 743 471 811; x_wconf 74' lang='grc' dir='ltr'><em>Κυρίου</em></span> <span class='ocrx_word' id='word_1_42' title='bbox 506 742 675 811; x_wconf 80' lang='grc' dir='ltr'><em>ήμῶν</em></span> <span class='ocrx_word' id='word_1_43' title='bbox 712 734 918 820; x_wconf 72' lang='grc' dir='ltr'><strong>ἰΙησοῦ</strong></span> <span class='ocrx_word' id='word_1_44' title='bbox 968 747 1226 815; x_wconf 81' lang='grc' dir='ltr'><em>Χριστοῦ</em></span> <span class='ocrx_word' id='word_1_45' title='bbox 1275 745 1673 814; x_wconf 81' lang='grc' dir='ltr'><em>διατηρηθείη.</em></span> 
     </span>
    </p>
   </div>
   <div class='ocr_carea' id='block_1_9' title="bbox 91 830 1676 906">
    <p class='ocr_par' dir='ltr' id='par_1_9' title="bbox 91 830 1676 906">
     <span class='ocr_line' id='line_1_9' title="bbox 91 830 1676 906; baseline 0.001 -22"><span class='ocrx_word' id='word_1_46' title='bbox 91 830 224 893; x_wconf 82' lang='grc' dir='ltr'><strong>Πῶς</strong></span> <span class='ocrx_word' id='word_1_47' title='bbox 251 831 367 903; x_wconf 79' lang='grc' dir='ltr'><em>γὰρ</em></span> <span class='ocrx_word' id='word_1_48' title='bbox 397 831 654 896; x_wconf 81' lang='grc' dir='ltr'><em>ὀλοτελῶς</em></span> <span class='ocrx_word' id='word_1_49' title='bbox 682 834 1009 906; x_wconf 82' lang='grc' dir='ltr'><em>ἀγιασθῆναι</em></span> <span class='ocrx_word' id='word_1_50' title='bbox 1028 877 1044 902; x_wconf 91' lang='grc'><strong>,</strong></span> <span class='ocrx_word' id='word_1_51' title='bbox 1078 836 1173 891; x_wconf 80' lang='grc' dir='ltr'><strong>καὶ</strong></span> <span class='ocrx_word' id='word_1_52' title='bbox 1210 835 1499 906; x_wconf 85' lang='grc' dir='ltr'><em>ὁλόκληρον</em></span> <span class='ocrx_word' id='word_1_53' title='bbox 1533 834 1676 904; x_wconf 74' lang='grc' dir='ltr'><em>ἔχειν</em></span> 
     </span>
    </p>
   </div>
   <div class='ocr_carea' id='block_1_10' title="bbox 92 922 1677 999">
    <p class='ocr_par' dir='ltr' id='par_1_10' title="bbox 92 922 1677 999">
     <span class='ocr_line' id='line_1_10' title="bbox 92 922 1677 999; baseline 0.004 -24"><span class='ocrx_word' id='word_1_54' title='bbox 92 939 174 981; x_wconf 71' lang='grc' dir='ltr'><strong>τις</strong></span> <span class='ocrx_word' id='word_1_55' title='bbox 207 922 272 976; x_wconf 79' lang='grc' dir='ltr'><em>τὸ</em></span> <span class='ocrx_word' id='word_1_56' title='bbox 311 925 473 996; x_wconf 85' lang='grc' dir='ltr'><em>σῶμα</em></span> <span class='ocrx_word' id='word_1_57' title='bbox 517 926 711 980; x_wconf 83' lang='grc' dir='ltr'><em>ἑαυτοῦ</em></span> <span class='ocrx_word' id='word_1_58' title='bbox 760 926 1007 991; x_wconf 85' lang='grc' dir='ltr'><em>δύναται,</em></span> <span class='ocrx_word' id='word_1_59' title='bbox 1051 927 1186 982; x_wconf 78' lang='grc' dir='ltr'><em>εἰτὸ</em></span> <span class='ocrx_word' id='word_1_60' title='bbox 1217 928 1375 997; x_wconf 85' lang='grc' dir='ltr'><em>σῶμα</em></span> <span class='ocrx_word' id='word_1_61' title='bbox 1406 929 1480 999; x_wconf 85' lang='grc' dir='ltr'><em>μὴ</em></span> <span class='ocrx_word' id='word_1_62' title='bbox 1504 929 1677 997; x_wconf 77' lang='grc' dir='ltr'><em>πέφυ-</em></span> 
     </span>
    </p>
   </div>
   <div class='ocr_carea' id='block_1_11' title="bbox 91 1015 1675 1091">
    <p class='ocr_par' dir='ltr' id='par_1_11' title="bbox 91 1015 1675 1091">
     <span class='ocr_line' id='line_1_11' title="bbox 91 1015 1675 1091; baseline 0.004 -24"><span class='ocrx_word' id='word_1_63' title='bbox 91 1029 211 1078; x_wconf 80' lang='grc' dir='ltr'><em>κεν,</em></span> <span class='ocrx_word' id='word_1_64' title='bbox 248 1015 421 1069; x_wconf 74' lang='grc' dir='ltr'><em>κακὸν</em></span> <span class='ocrx_word' id='word_1_65' title='bbox 457 1015 551 1081; x_wconf 77' lang='grc' dir='ltr'><em>ὃν,</em></span> <span class='ocrx_word' id='word_1_66' title='bbox 591 1016 945 1087; x_wconf 56' lang='grc' dir='ltr'><em>ἀγιάζεσθαη</em></span> <span class='ocrx_word' id='word_1_67' title='bbox 987 1020 1051 1073; x_wconf 78' lang='lat' dir='ltr'><strong>Ei</strong></span> <span class='ocrx_word' id='word_1_68' title='bbox 1088 1019 1197 1091; x_wconf 82' lang='grc' dir='ltr'><em>γὰρ</em></span> <span class='ocrx_word' id='word_1_69' title='bbox 1225 1019 1392 1074; x_wconf 67' lang='grc' dir='ltr'><em>κακὸν</em></span> <span class='ocrx_word' id='word_1_70' title='bbox 1420 1023 1485 1090; x_wconf 79' lang='grc' dir='ltr'><em>τῇ</em></span> <span class='ocrx_word' id='word_1_71' title='bbox 1516 1018 1675 1089; x_wconf 78' lang='grc' dir='ltr'><em>φύσει</em></span> 
     </span>
    </p>
   </div>
   <div class='ocr_carea' id='block_1_12' title="bbox 88 1103 1674 1183">
    <p class='ocr_par' dir='ltr' id='par_1_12' title="bbox 88 1103 1674 1183">
     <span class='ocr_line' id='line_1_12' title="bbox 88 1103 1674 1183; baseline 0.006 -28"><span class='ocrx_word' id='word_1_72' title='bbox 88 1103 275 1169; x_wconf 76' lang='grc' dir='ltr'><em>τοῦτο,</em></span> <span class='ocrx_word' id='word_1_73' title='bbox 306 1107 371 1159; x_wconf 79' lang='grc' dir='ltr'><strong>ού</strong></span> <span class='ocrx_word' id='word_1_74' title='bbox 398 1107 642 1162; x_wconf 76' lang='grc' dir='ltr'><em>δεκτικὸν</em></span> <span class='ocrx_word' id='word_1_75' title='bbox 689 1108 987 1181; x_wconf 86' lang='grc' dir='ltr'><em>ἀγιασμοῦ·</em></span> <span class='ocrx_word' id='word_1_76' title='bbox 1027 1113 1076 1165; x_wconf 83' lang='lat' dir='ltr'><strong>el</strong></span> <span class='ocrx_word' id='word_1_77' title='bbox 1121 1111 1178 1165; x_wconf 84' lang='grc' dir='ltr'><em>δὲ</em></span> <span class='ocrx_word' id='word_1_78' title='bbox 1208 1111 1421 1183; x_wconf 81' lang='grc' dir='ltr'><em>δέχεται</em></span> <span class='ocrx_word' id='word_1_79' title='bbox 1453 1113 1515 1165; x_wconf 82' lang='grc' dir='ltr'><em>τὸ</em></span> <span class='ocrx_word' id='word_1_80' title='bbox 1535 1113 1674 1179; x_wconf 87' lang='grc' dir='ltr'><em>ἀγα-</em></span> 
     </span>
    </p>
   </div>
   <div class='ocr_carea' id='block_1_13' title="bbox 90 1194 1672 1271">
    <p class='ocr_par' dir='ltr' id='par_1_13' title="bbox 90 1194 1672 1271">
     <span class='ocr_line' id='line_1_13' title="bbox 90 1194 1672 1271; baseline 0.005 -24"><span class='ocrx_word' id='word_1_81' title='bbox 90 1194 205 1260; x_wconf 81' lang='grc' dir='ltr'><em>θὸν,</em></span> <span class='ocrx_word' id='word_1_82' title='bbox 242 1196 405 1265; x_wconf 83' lang='grc' dir='ltr'><em>δῆλον</em></span> <span class='ocrx_word' id='word_1_83' title='bbox 432 1198 513 1254; x_wconf 78' lang='grc' dir='ltr'><em>ὅτι</em></span> <span class='ocrx_word' id='word_1_84' title='bbox 549 1200 609 1253; x_wconf 81' lang='grc' dir='ltr'><em>οὐ</em></span> <span class='ocrx_word' id='word_1_85' title='bbox 647 1199 802 1271; x_wconf 82' lang='grc' dir='ltr'><em>φύσει</em></span> <span class='ocrx_word' id='word_1_86' title='bbox 831 1201 1031 1261; x_wconf 82' lang='grc' dir='ltr'><strong>κακὸν.</strong></span> <span class='ocrx_word' id='word_1_87' title='bbox 1068 1201 1311 1257; x_wconf 79' lang='grc' dir='ltr'><em>δεκτικὸν</em></span> <span class='ocrx_word' id='word_1_88' title='bbox 1342 1202 1401 1256; x_wconf 84' lang='grc' dir='ltr'><em>ὃν</em></span> <span class='ocrx_word' id='word_1_89' title='bbox 1444 1202 1672 1270; x_wconf 79' lang='grc' dir='ltr'><strong>ἀγαθοῦ.</strong></span> 
     </span>
    </p>
   </div>
   <div class='ocr_carea' id='block_1_14' title="bbox 87 1286 1674 1363">
    <p class='ocr_par' dir='ltr' id='par_1_14' title="bbox 87 1286 1674 1363">
     <span class='ocr_line' id='line_1_14' title="bbox 87 1286 1674 1363; baseline 0.005 -25"><span class='ocrx_word' id='word_1_90' title='bbox 87 1286 159 1338; x_wconf 82' lang='grc' dir='ltr'>Τὸ</span> <span class='ocrx_word' id='word_1_91' title='bbox 186 1287 306 1359; x_wconf 83' lang='grc' dir='ltr'><strong>γάρ</strong></span> <span class='ocrx_word' id='word_1_92' title='bbox 340 1291 407 1359; x_wconf 77' lang='grc' dir='ltr'><em>τῇ</em></span> <span class='ocrx_word' id='word_1_93' title='bbox 440 1289 600 1359; x_wconf 83' lang='grc' dir='ltr'><em>φύσει</em></span> <span class='ocrx_word' id='word_1_94' title='bbox 625 1291 811 1356; x_wconf 79' lang='grc' dir='ltr'><em>κακὸν,</em></span> <span class='ocrx_word' id='word_1_95' title='bbox 846 1292 1197 1347; x_wconf 77' lang='grc' dir='ltr'><strong>ἀνεπίδεκτον</strong></span> <span class='ocrx_word' id='word_1_96' title='bbox 1218 1292 1444 1362; x_wconf 79' lang='grc' dir='ltr'><strong>ἀγαθοῦ.</strong></span> <span class='ocrx_word' id='word_1_97' title='bbox 1464 1294 1674 1363; x_wconf 81' lang='grc' dir='ltr'><em>’Ὠσπερ</em></span> 
     </span>
    </p>
   </div>
   <div class='ocr_carea' id='block_1_15' title="bbox 84 1377 1212 1450">
    <p class='ocr_par' dir='ltr' id='par_1_15' title="bbox 84 1377 1212 1450">
     <span class='ocr_line' id='line_1_15' title="bbox 84 1377 1212 1450; baseline 0.007 -19"><span class='ocrx_word' id='word_1_98' title='bbox 84 1378 143 1431; x_wconf 80' lang='grc' dir='ltr'><em>τὸ</em></span> <span class='ocrx_word' id='word_1_99' title='bbox 172 1377 349 1448; x_wconf 79' lang='grc' dir='ltr'><em>φύσει</em></span> <span class='ocrx_word' id='word_1_100' title='bbox 383 1380 606 1450; x_wconf 83' lang='grc' dir='ltr'><em>ἀγαθὸν,</em></span> <span class='ocrx_word' id='word_1_101' title='bbox 640 1383 994 1438; x_wconf 77' lang='grc' dir='ltr'><strong>ἀνεπίδεκτον</strong></span> <span class='ocrx_word' id='word_1_102' title='bbox 1018 1384 1212 1439; x_wconf 87' lang='grc' dir='ltr'><em>κακοῦ.</em></span> 
     </span>
    </p>
   </div>
   <div class='ocr_carea' id='block_1_16' title="bbox 144 1551 1673 1628">
    <p class='ocr_par' dir='ltr' id='par_1_16' title="bbox 144 1551 1673 1628">
     <span class='ocr_line' id='line_1_16' title="bbox 144 1551 1673 1628; baseline 0.003 -23"><span class='ocrx_word' id='word_1_103' title='bbox 144 1551 375 1625; x_wconf 79' lang='grc' dir='ltr'><strong>Γράφει</strong></span> <span class='ocrx_word' id='word_1_104' title='bbox 401 1556 461 1608; x_wconf 88' lang='grc' dir='ltr'><strong>ἑν</strong></span> <span class='ocrx_word' id='word_1_105' title='bbox 478 1553 637 1627; x_wconf 77' lang='grc' dir='ltr'><em>ἑτέρᾳ</em></span> <span class='ocrx_word' id='word_1_106' title='bbox 662 1554 989 1626; x_wconf 83' lang='grc' dir='ltr'><em>Ἐπιστολῇὸ</em></span> <span class='ocrx_word' id='word_1_107' title='bbox 1011 1555 1170 1620; x_wconf 81' lang='grc' dir='ltr'><em>αὐτὸς</em></span> <span class='ocrx_word' id='word_1_108' title='bbox 1206 1556 1522 1620; x_wconf 82' lang='grc' dir='ltr'><em>Ἀπόστολος</em></span> <span class='ocrx_word' id='word_1_109' title='bbox 1540 1557 1673 1628; x_wconf 83' lang='grc' dir='ltr'><em>πρός</em></span> 
     </span>
    </p>
   </div>
   <div class='ocr_carea' id='block_1_17' title="bbox 80 1645 1673 1717">
    <p class='ocr_par' dir='ltr' id='par_1_17' title="bbox 80 1645 1673 1717">
     <span class='ocr_line' id='line_1_17' title="bbox 80 1645 1673 1717; baseline 0.003 -22"><span class='ocrx_word' id='word_1_110' title='bbox 80 1660 239 1707; x_wconf 82' lang='grc' dir='ltr'><em>τινας</em></span> <span class='ocrx_word' id='word_1_111' title='bbox 262 1661 279 1675; x_wconf 75' lang='grc' dir='ltr'><strong>ο</strong></span> <span class='ocrx_word' id='word_1_112' title='bbox 307 1646 737 1715; x_wconf 81' lang='grc' dir='ltr'><em>Καθαρίσωμεν</em></span> <span class='ocrx_word' id='word_1_113' title='bbox 780 1645 1032 1711; x_wconf 79' lang='grc' dir='ltr'><em>ἑαυτοὺς</em></span> <span class='ocrx_word' id='word_1_114' title='bbox 1069 1646 1188 1701; x_wconf 83' lang='grc' dir='ltr'><em>ἀπὸ</em></span> <span class='ocrx_word' id='word_1_115' title='bbox 1221 1646 1444 1713; x_wconf 79' lang='grc' dir='ltr'><em>παντὸς</em></span> <span class='ocrx_word' id='word_1_116' title='bbox 1480 1652 1673 1717; x_wconf 75' lang='grc' dir='ltr'><em>μολυ-</em></span> 
     </span>
    </p>
   </div>
   <div class='ocr_carea' id='block_1_18' title="bbox 82 1735 1672 1806">
    <p class='ocr_par' dir='ltr' id='par_1_18' title="bbox 82 1735 1672 1806">
     <span class='ocr_line' id='line_1_18' title="bbox 82 1735 1672 1806; baseline 0.001 -18"><span class='ocrx_word' id='word_1_117' title='bbox 82 1735 252 1803; x_wconf 87' lang='grc' dir='ltr'><em>σμοῦ</em></span> <span class='ocrx_word' id='word_1_118' title='bbox 290 1736 519 1804; x_wconf 77' lang='grc' dir='ltr'><em>σαρκὸς</em></span> <span class='ocrx_word' id='word_1_119' title='bbox 553 1737 651 1789; x_wconf 79' lang='grc' dir='ltr'><em>καὶ</em></span> <span class='ocrx_word' id='word_1_120' title='bbox 675 1737 1033 1805; x_wconf 84' lang='grc' dir='ltr'><em>πνεύματος,</em></span> <span class='ocrx_word' id='word_1_121' title='bbox 1058 1736 1477 1802; x_wconf 78' lang='grc' dir='ltr'><em>ἐπιτελοῦντες</em></span> <span class='ocrx_word' id='word_1_122' title='bbox 1502 1736 1672 1806; x_wconf 76' lang='grc' dir='ltr'><em>ἁγιω-</em></span> 
     </span>
    </p>
   </div>
   <div class='ocr_carea' id='block_1_19' title="bbox 1776 556 3350 628">
    <p class='ocr_par' dir='ltr' id='par_1_19' title="bbox 1776 556 3350 628">
     <span class='ocr_line' id='line_1_19' title="bbox 1776 556 3350 628; baseline 0.001 -16"><span class='ocrx_word' id='word_1_123' title='bbox 1776 567 1828 612; x_wconf 86' lang='lat' dir='ltr'><strong>et</strong></span> <span class='ocrx_word' id='word_1_124' title='bbox 1883 559 2083 627; x_wconf 78' lang='lat' dir='ltr'><strong><em>integer</em></strong></span> <span class='ocrx_word' id='word_1_125' title='bbox 2136 566 2303 611; x_wconf 81' lang='lat' dir='ltr'><strong>vester</strong></span> <span class='ocrx_word' id='word_1_126' title='bbox 2329 556 2546 624; x_wconf 87' lang='lat' dir='ltr'><strong>spiritus</strong></span> <span class='ocrx_word' id='word_1_127' title='bbox 2591 567 2640 611; x_wconf 87' lang='lat' dir='ltr'><strong>et</strong></span> <span class='ocrx_word' id='word_1_128' title='bbox 2690 559 2868 612; x_wconf 86' lang='lat' dir='ltr'><strong>anima</strong></span> <span class='ocrx_word' id='word_1_129' title='bbox 2895 568 2944 612; x_wconf 87' lang='lat' dir='ltr'><strong>et</strong></span> <span class='ocrx_word' id='word_1_130' title='bbox 2977 574 3161 628; x_wconf 85' lang='lat' dir='ltr'><strong>corpus</strong></span> <span class='ocrx_word' id='word_1_131' title='bbox 3205 560 3350 613; x_wconf 86' lang='lat' dir='ltr'><strong>nulla</strong></span> 
     </span>
    </p>
   </div>
   <div class='ocr_carea' id='block_1_20' title="bbox 1776 649 3351 707">
    <p class='ocr_par' dir='ltr' id='par_1_20' title="bbox 1776 649 3351 707">
     <span class='ocr_line' id='line_1_20' title="bbox 1776 649 3351 707; baseline 0.001 -3"><span class='ocrx_word' id='word_1_132' title='bbox 1776 651 2009 705; x_wconf 76' lang='lat' dir='ltr'><strong>criminis</strong></span> <span class='ocrx_word' id='word_1_133' title='bbox 2038 650 2153 703; x_wconf 89' lang='lat' dir='ltr'><strong>labe</strong></span> <span class='ocrx_word' id='word_1_134' title='bbox 2175 651 2227 703; x_wconf 88' lang='lat' dir='ltr'><strong>in</strong></span> <span class='ocrx_word' id='word_1_135' title='bbox 2254 650 2476 704; x_wconf 82' lang='lat' dir='ltr'><strong>adventu</strong></span> <span class='ocrx_word' id='word_1_136' title='bbox 2508 649 2723 704; x_wconf 82' lang='lat' dir='ltr'><strong><em>Domini</em></strong></span> <span class='ocrx_word' id='word_1_137' title='bbox 2753 652 2919 704; x_wconf 85' lang='lat' dir='ltr'><strong>nostri</strong></span> <span class='ocrx_word' id='word_1_138' title='bbox 2967 649 3096 705; x_wconf 80' lang='lat' dir='ltr'><strong>Jesu</strong></span> <span class='ocrx_word' id='word_1_139' title='bbox 3149 651 3351 707; x_wconf 76' lang='lat' dir='ltr'><strong><em>Christi</em></strong></span> 
     </span>
    </p>
   </div>
   <div class='ocr_carea' id='block_1_21' title="bbox 1775 740 3353 810">
    <p class='ocr_par' dir='ltr' id='par_1_21' title="bbox 1775 740 3353 810">
     <span class='ocr_line' id='line_1_21' title="bbox 1775 740 3353 810; baseline 0.002 -15"><span class='ocrx_word' id='word_1_140' title='bbox 1775 752 2026 796; x_wconf 82' lang='lat' dir='ltr'><strong>servetur.</strong></span> <span class='ocrx_word' id='word_1_141' title='bbox 2068 740 2348 807; x_wconf 85' lang='lat' dir='ltr'><strong>Quomodo</strong></span> <span class='ocrx_word' id='word_1_142' title='bbox 2373 741 2516 796; x_wconf 91' lang='lat' dir='ltr'><strong>enim</strong></span> <span class='ocrx_word' id='word_1_143' title='bbox 2548 757 2616 795; x_wconf 83' lang='lat' dir='ltr'><strong>ex</strong></span> <span class='ocrx_word' id='word_1_144' title='bbox 2659 750 2769 796; x_wconf 92' lang='lat' dir='ltr'><strong>toto</strong></span> <span class='ocrx_word' id='word_1_145' title='bbox 2790 743 3119 797; x_wconf 86' lang='lat' dir='ltr'><strong>sanctiticari</strong></span> <span class='ocrx_word' id='word_1_146' title='bbox 3172 753 3353 810; x_wconf 88' lang='lat' dir='ltr'><strong>potest</strong></span> 
     </span>
    </p>
   </div>
   <div class='ocr_carea' id='block_1_22' title="bbox 1777 830 3346 903">
    <p class='ocr_par' dir='ltr' id='par_1_22' title="bbox 1777 830 3346 903">
     <span class='ocr_line' id='line_1_22' title="bbox 1777 830 3346 903; baseline 0.003 -21"><span class='ocrx_word' id='word_1_147' title='bbox 1777 830 1997 899; x_wconf 81' lang='lat' dir='ltr'><strong>aliquis,</strong></span> <span class='ocrx_word' id='word_1_148' title='bbox 2032 840 2086 885; x_wconf 80' lang='lat' dir='ltr'><strong>et</strong></span> <span class='ocrx_word' id='word_1_149' title='bbox 2110 835 2375 901; x_wconf 77' lang='lat' dir='ltr'><strong>integrum</strong></span> <span class='ocrx_word' id='word_1_150' title='bbox 2404 831 2607 886; x_wconf 88' lang='lat' dir='ltr'><strong>habere</strong></span> <span class='ocrx_word' id='word_1_151' title='bbox 2656 847 2852 901; x_wconf 90' lang='lat' dir='ltr'><strong>corpus</strong></span> <span class='ocrx_word' id='word_1_152' title='bbox 2890 847 3045 888; x_wconf 91' lang='lat' dir='ltr'><strong>suum</strong></span> <span class='ocrx_word' id='word_1_153' title='bbox 3076 848 3091 899; x_wconf 91' lang='lat'>;</span> <span class='ocrx_word' id='word_1_154' title='bbox 3142 834 3187 887; x_wconf 89' lang='lat' dir='ltr'><strong>si</strong></span> <span class='ocrx_word' id='word_1_155' title='bbox 3223 834 3346 903; x_wconf 89' lang='lat' dir='ltr'><strong>qui-</strong></span> 
     </span>
    </p>
   </div>
   <div class='ocr_carea' id='block_1_23' title="bbox 1777 920 3345 994">
    <p class='ocr_par' dir='ltr' id='par_1_23' title="bbox 1777 920 3345 994">
     <span class='ocr_line' id='line_1_23' title="bbox 1777 920 3345 994; baseline 0.003 -19"><span class='ocrx_word' id='word_1_156' title='bbox 1777 920 1898 975; x_wconf 89' lang='lat' dir='ltr'><strong>dem</strong></span> <span class='ocrx_word' id='word_1_157' title='bbox 1925 922 2162 991; x_wconf 87' lang='lat' dir='ltr'><strong>corpori,</strong></span> <span class='ocrx_word' id='word_1_158' title='bbox 2191 937 2310 976; x_wconf 90' lang='lat' dir='ltr'><strong>cum</strong></span> <span class='ocrx_word' id='word_1_159' title='bbox 2337 923 2535 977; x_wconf 89' lang='lat' dir='ltr'><strong>malum</strong></span> <span class='ocrx_word' id='word_1_160' title='bbox 2568 923 2659 989; x_wconf 85' lang='lat' dir='ltr'><strong>sit,</strong></span> <span class='ocrx_word' id='word_1_161' title='bbox 2697 939 2724 976; x_wconf 70' lang='grc' dir='ltr'><strong>τι</strong></span> <span class='ocrx_word' id='word_1_162' title='bbox 2754 934 2947 978; x_wconf 88' lang='lat' dir='ltr'><strong>natura</strong></span> <span class='ocrx_word' id='word_1_163' title='bbox 2974 933 3345 994; x_wconf 88' lang='lat' dir='ltr'><strong>comparatum</strong></span> 
     </span>
    </p>
   </div>
   <div class='ocr_carea' id='block_1_24' title="bbox 1775 1013 3351 1089">
    <p class='ocr_par' dir='ltr' id='par_1_24' title="bbox 1775 1013 3351 1089">
     <span class='ocr_line' id='line_1_24' title="bbox 1775 1013 3351 1089; baseline 0.001 -22"><span class='ocrx_word' id='word_1_164' title='bbox 1775 1022 1883 1076; x_wconf 89' lang='lat' dir='ltr'><strong>est,</strong></span> <span class='ocrx_word' id='word_1_165' title='bbox 1915 1024 1975 1067; x_wconf 88' lang='lat' dir='ltr'><strong>ut</strong></span> <span class='ocrx_word' id='word_1_166' title='bbox 2006 1013 2334 1071; x_wconf 82' lang='lat' dir='ltr'><strong>sanctiﬁcari</strong></span> <span class='ocrx_word' id='word_1_167' title='bbox 2366 1030 2473 1069; x_wconf 89' lang='lat' dir='ltr'><strong>non</strong></span> <span class='ocrx_word' id='word_1_168' title='bbox 2506 1015 2713 1083; x_wconf 82' lang='lat' dir='ltr'><strong>possit?</strong></span> <span class='ocrx_word' id='word_1_169' title='bbox 2736 1016 2871 1070; x_wconf 85' lang='lat' dir='ltr'><strong>Nam</strong></span> <span class='ocrx_word' id='word_1_170' title='bbox 2917 1016 2964 1089; x_wconf 85' lang='lat' dir='ltr'><strong>si</strong></span> <span class='ocrx_word' id='word_1_171' title='bbox 3016 1031 3214 1086; x_wconf 91' lang='lat' dir='ltr'><strong>corpus</strong></span> <span class='ocrx_word' id='word_1_172' title='bbox 3255 1032 3351 1071; x_wconf 90' lang='lat' dir='ltr'><strong>na-</strong></span> 
     </span>
    </p>
   </div>
   <div class='ocr_carea' id='block_1_25' title="bbox 1777 1106 3350 1177">
    <p class='ocr_par' dir='ltr' id='par_1_25' title="bbox 1777 1106 3350 1177">
     <span class='ocr_line' id='line_1_25' title="bbox 1777 1106 3350 1177; baseline 0.003 -19"><span class='ocrx_word' id='word_1_173' title='bbox 1777 1114 1898 1159; x_wconf 89' lang='lat' dir='ltr'><strong>tura</strong></span> <span class='ocrx_word' id='word_1_174' title='bbox 1926 1106 2124 1159; x_wconf 87' lang='lat' dir='ltr'><strong>malum</strong></span> <span class='ocrx_word' id='word_1_175' title='bbox 2152 1115 2257 1169; x_wconf 86' lang='lat' dir='ltr'><strong>est.</strong></span> <span class='ocrx_word' id='word_1_176' title='bbox 2289 1122 2394 1161; x_wconf 90' lang='lat' dir='ltr'><strong>non</strong></span> <span class='ocrx_word' id='word_1_177' title='bbox 2422 1108 2569 1177; x_wconf 88' lang='lat' dir='ltr'><strong>capit</strong></span> <span class='ocrx_word' id='word_1_178' title='bbox 2607 1119 2664 1162; x_wconf 93' lang='lat' dir='ltr'><strong>ut</strong></span> <span class='ocrx_word' id='word_1_179' title='bbox 2691 1108 3086 1165; x_wconf 86' lang='lat' dir='ltr'><strong>sanctitlcetur.</strong></span> <span class='ocrx_word' id='word_1_180' title='bbox 3129 1108 3185 1162; x_wconf 92' lang='lat' dir='ltr'><strong>Si</strong></span> <span class='ocrx_word' id='word_1_181' title='bbox 3222 1124 3350 1162; x_wconf 84' lang='lat' dir='ltr'><strong>vero</strong></span> 
     </span>
    </p>
   </div>
   <div class='ocr_carea' id='block_1_26' title="bbox 1777 1190 3348 1264">
    <p class='ocr_par' dir='ltr' id='par_1_26' title="bbox 1777 1190 3348 1264">
     <span class='ocr_line' id='line_1_26' title="bbox 1777 1190 3348 1264; baseline 0.002 -19"><span class='ocrx_word' id='word_1_182' title='bbox 1777 1192 1969 1261; x_wconf 76' lang='lat' dir='ltr'><strong>recipit</strong></span> <span class='ocrx_word' id='word_1_183' title='bbox 2001 1194 2225 1260; x_wconf 91' lang='lat' dir='ltr'><strong>bonum,</strong></span> <span class='ocrx_word' id='word_1_184' title='bbox 2265 1190 2431 1262; x_wconf 87' lang='lat' dir='ltr'><strong>liquet</strong></span> <span class='ocrx_word' id='word_1_185' title='bbox 2466 1211 2569 1250; x_wconf 89' lang='lat' dir='ltr'><strong>non</strong></span> <span class='ocrx_word' id='word_1_186' title='bbox 2601 1210 2720 1251; x_wconf 90' lang='lat' dir='ltr'><strong>esse</strong></span> <span class='ocrx_word' id='word_1_187' title='bbox 2745 1206 2937 1250; x_wconf 90' lang='lat' dir='ltr'><strong>natura</strong></span> <span class='ocrx_word' id='word_1_188' title='bbox 2966 1196 3189 1264; x_wconf 88' lang='lat' dir='ltr'><strong>malum,</strong></span> <span class='ocrx_word' id='word_1_189' title='bbox 3225 1211 3348 1252; x_wconf 89' lang='lat' dir='ltr'><strong>cum</strong></span> 
     </span>
    </p>
   </div>
   <div class='ocr_carea' id='block_1_27' title="bbox 1774 1274 3347 1354">
    <p class='ocr_par' dir='ltr' id='par_1_27' title="bbox 1774 1274 3347 1354">
     <span class='ocr_line' id='line_1_27' title="bbox 1774 1274 3347 1354; baseline 0.003 -20"><span class='ocrx_word' id='word_1_190' title='bbox 1774 1280 1901 1335; x_wconf 89' lang='lat' dir='ltr'><strong>boni</strong></span> <span class='ocrx_word' id='word_1_191' title='bbox 1934 1297 2104 1351; x_wconf 77' lang='lat' dir='ltr'><strong>capax</strong></span> <span class='ocrx_word' id='word_1_192' title='bbox 2130 1283 2220 1337; x_wconf 87' lang='lat' dir='ltr'><strong>sit.</strong></span> <span class='ocrx_word' id='word_1_193' title='bbox 2256 1283 2387 1337; x_wconf 85' lang='lat' dir='ltr'><strong>Nam</strong></span> <span class='ocrx_word' id='word_1_194' title='bbox 2420 1274 2563 1354; x_wconf 83' lang='lat' dir='ltr'><strong>quod</strong></span> <span class='ocrx_word' id='word_1_195' title='bbox 2596 1294 2683 1340; x_wconf 87' lang='lat' dir='ltr'><strong>est</strong></span> <span class='ocrx_word' id='word_1_196' title='bbox 2713 1296 2909 1340; x_wconf 90' lang='lat' dir='ltr'><strong>natura</strong></span> <span class='ocrx_word' id='word_1_197' title='bbox 2959 1287 3183 1352; x_wconf 88' lang='lat' dir='ltr'><strong>malum,</strong></span> <span class='ocrx_word' id='word_1_198' title='bbox 3229 1287 3347 1339; x_wconf 84' lang='lat' dir='ltr'><strong>ﬁeri</strong></span> 
     </span>
    </p>
   </div>
   <div class='ocr_carea' id='block_1_28' title="bbox 1775 1355 3351 1439">
    <p class='ocr_par' dir='ltr' id='par_1_28' title="bbox 1775 1355 3351 1439">
     <span class='ocr_line' id='line_1_28' title="bbox 1775 1355 3351 1439; baseline 0.002 -17"><span class='ocrx_word' id='word_1_199' title='bbox 1775 1385 1880 1423; x_wconf 90' lang='lat' dir='ltr'><strong>non</strong></span> <span class='ocrx_word' id='word_1_200' title='bbox 1909 1379 2086 1439; x_wconf 85' lang='lat' dir='ltr'><strong>potest</strong></span> <span class='ocrx_word' id='word_1_201' title='bbox 2113 1381 2172 1425; x_wconf 90' lang='lat' dir='ltr'><strong>ut</strong></span> <span class='ocrx_word' id='word_1_202' title='bbox 2199 1355 2397 1428; x_wconf 83' lang='lat' dir='ltr'><strong>bonum</strong></span> <span class='ocrx_word' id='word_1_203' title='bbox 2433 1372 2686 1439; x_wconf 83' lang='lat' dir='ltr'><strong>recipiat;</strong></span> <span class='ocrx_word' id='word_1_204' title='bbox 2721 1374 2862 1428; x_wconf 83' lang='lat' dir='ltr'><strong>sicut</strong></span> <span class='ocrx_word' id='word_1_205' title='bbox 2911 1388 3099 1428; x_wconf 66' lang='lat' dir='ltr'><strong>rursus</strong></span> <span class='ocrx_word' id='word_1_206' title='bbox 3147 1380 3209 1427; x_wconf 89' lang='lat' dir='ltr'><strong>ut</strong></span> <span class='ocrx_word' id='word_1_207' title='bbox 3253 1372 3351 1426; x_wconf 83' lang='lat' dir='ltr'><strong>bo-</strong></span> 
     </span>
    </p>
   </div>
   <div class='ocr_carea' id='block_1_29' title="bbox 1776 1462 2667 1533">
    <p class='ocr_par' dir='ltr' id='par_1_29' title="bbox 1776 1462 2667 1533">
     <span class='ocr_line' id='line_1_29' title="bbox 1776 1462 2667 1533; baseline 0.007 -19"><span class='ocrx_word' id='word_1_208' title='bbox 1776 1476 1904 1519; x_wconf 86' lang='lat' dir='ltr'><strong>num</strong></span> <span class='ocrx_word' id='word_1_209' title='bbox 1935 1469 2151 1529; x_wconf 87' lang='lat' dir='ltr'><strong>natura,</strong></span> <span class='ocrx_word' id='word_1_210' title='bbox 2180 1462 2379 1516; x_wconf 88' lang='lat' dir='ltr'><strong>malum</strong></span> <span class='ocrx_word' id='word_1_211' title='bbox 2421 1466 2667 1533; x_wconf 79' lang='lat' dir='ltr'><strong>recipiat.</strong></span> 
     </span>
    </p>
   </div>
   <div class='ocr_carea' id='block_1_30' title="bbox 1846 1550 3349 1625">
    <p class='ocr_par' dir='ltr' id='par_1_30' title="bbox 1846 1550 3349 1625">
     <span class='ocr_line' id='line_1_30' title="bbox 1846 1550 3349 1625; baseline 0.002 -21"><span class='ocrx_word' id='word_1_212' title='bbox 1846 1550 2049 1604; x_wconf 84' lang='lat' dir='ltr'><strong>Scribit</strong></span> <span class='ocrx_word' id='word_1_213' title='bbox 2078 1551 2129 1605; x_wconf 91' lang='lat' dir='ltr'><strong>in</strong></span> <span class='ocrx_word' id='word_1_214' title='bbox 2170 1552 2274 1606; x_wconf 87' lang='lat' dir='ltr'><strong>alia</strong></span> <span class='ocrx_word' id='word_1_215' title='bbox 2322 1553 2561 1622; x_wconf 80' lang='lat' dir='ltr'><strong>Epistula</strong></span> <span class='ocrx_word' id='word_1_216' title='bbox 2588 1554 2733 1609; x_wconf 88' lang='lat' dir='ltr'><strong>idem</strong></span> <span class='ocrx_word' id='word_1_217' title='bbox 2765 1555 3057 1623; x_wconf 83' lang='lat' dir='ltr'><strong>Apostolus</strong></span> <span class='ocrx_word' id='word_1_218' title='bbox 3086 1555 3152 1610; x_wconf 87' lang='lat' dir='ltr'><strong>ad</strong></span> <span class='ocrx_word' id='word_1_219' title='bbox 3186 1569 3349 1625; x_wconf 38' lang='lat' dir='ltr'><strong>quos-,-</strong></span> 
     </span>
    </p>
   </div>
   <div class='ocr_carea' id='block_1_31' title="bbox 1774 1639 3348 1715">
    <p class='ocr_par' dir='ltr' id='par_1_31' title="bbox 1774 1639 3348 1715">
     <span class='ocr_line' id='line_1_31' title="bbox 1774 1639 3348 1715; baseline 0.003 -21"><span class='ocrx_word' id='word_1_220' title='bbox 1774 1639 1896 1694; x_wconf 88' lang='lat' dir='ltr'><strong>dam</strong></span> <span class='ocrx_word' id='word_1_221' title='bbox 1929 1657 1945 1695; x_wconf 89' lang='lat'><strong>:</strong></span> <span class='ocrx_word' id='word_1_222' title='bbox 1977 1641 2293 1696; x_wconf 81' lang='lat' dir='ltr'><strong>Mundemus</strong></span> <span class='ocrx_word' id='word_1_223' title='bbox 2315 1661 2406 1697; x_wconf 85' lang='lat' dir='ltr'><strong>nos</strong></span> <span class='ocrx_word' id='word_1_224' title='bbox 2452 1645 2516 1697; x_wconf 90' lang='lat' dir='ltr'><strong>ab</strong></span> <span class='ocrx_word' id='word_1_225' title='bbox 2560 1647 2702 1699; x_wconf 86' lang='lat' dir='ltr'><strong>omni</strong></span> <span class='ocrx_word' id='word_1_226' title='bbox 2736 1648 3129 1715; x_wconf 84' lang='lat' dir='ltr'><strong>inquinamento</strong></span> <span class='ocrx_word' id='word_1_227' title='bbox 3174 1647 3348 1700; x_wconf 82' lang='lat' dir='ltr'><strong>carnis</strong></span> 
     </span>
    </p>
   </div>
   <div class='ocr_carea' id='block_1_32' title="bbox 1777 1735 3349 1807">
    <p class='ocr_par' dir='ltr' id='par_1_32' title="bbox 1777 1735 3349 1807">
     <span class='ocr_line' id='line_1_32' title="bbox 1777 1735 3349 1807; baseline 0.004 -20"><span class='ocrx_word' id='word_1_228' title='bbox 1777 1744 1824 1787; x_wconf 85' lang='lat' dir='ltr'><strong>et</strong></span> <span class='ocrx_word' id='word_1_229' title='bbox 1882 1735 2118 1799; x_wconf 75' lang='lat' dir='ltr'><strong>spiritus,</strong></span> <span class='ocrx_word' id='word_1_230' title='bbox 2169 1737 2494 1805; x_wconf 81' lang='lat' dir='ltr'><strong>perﬁcieutes</strong></span> <span class='ocrx_word' id='word_1_231' title='bbox 2528 1739 3026 1807; x_wconf 70' lang='lat' dir='ltr'><strong>sanctiﬁcatione&quot;:</strong></span> <span class='ocrx_word' id='word_1_232' title='bbox 3077 1741 3131 1791; x_wconf 82' lang='lat' dir='ltr'><strong>in</strong></span> <span class='ocrx_word' id='word_1_233' title='bbox 3166 1740 3349 1793; x_wconf 81' lang='lat' dir='ltr'><strong>timore</strong></span> 
     </span>
    </p>
   </div>
   <div class='ocr_carea' id='block_1_33' title="bbox 80 1808 1675 1899">
    <p class='ocr_par' dir='ltr' id='par_1_33' title="bbox 80 1808 1671 1899">
     <span class='ocr_line' id='line_1_33' title="bbox 80 1808 1671 1899; baseline 0.001 -21"><span class='ocrx_word' id='word_1_234' title='bbox 327 1828 403 1881; x_wconf 73' lang='grc' dir='ltr'><em>ἐν</em></span> <span class='ocrx_word' id='word_1_235' title='bbox 437 1829 598 1896; x_wconf 67' lang='grc' dir='ltr'><strong>φόϐῳ</strong></span> <span class='ocrx_word' id='word_1_236' title='bbox 642 1827 787 1882; x_wconf 85' lang='grc' dir='ltr'><em>Θεοῦ</em></span> <span class='ocrx_word' id='word_1_237' title='bbox 808 1845 821 1858; x_wconf 90' lang='grc'><strong>·</strong></span> <span class='ocrx_word' id='word_1_238' title='bbox 854 1827 1067 1891; x_wconf 82' lang='grc' dir='ltr'><em>δεικνὺς</em></span> <span class='ocrx_word' id='word_1_239' title='bbox 1109 1829 1202 1880; x_wconf 76' lang='grc' dir='ltr'><strong>καὶ</strong></span> <span class='ocrx_word' id='word_1_240' title='bbox 1227 1827 1316 1881; x_wconf 78' lang='grc' dir='ltr'><em>διὰ</em></span> <span class='ocrx_word' id='word_1_241' title='bbox 1344 1827 1546 1898; x_wconf 79' lang='grc' dir='ltr'><em>ταύτης</em></span> <span class='ocrx_word' id='word_1_242' title='bbox 1573 1828 1671 1899; x_wconf 80' lang='grc' dir='ltr'><em>τῆς</em></span> 
     </span>
    </p>
   </div>
   <div class='ocr_carea' id='block_1_34' title="bbox 1833 1808 3346 1899">
    <p class='ocr_par' dir='ltr' id='par_1_34' title="bbox 1833 1824 3346 1897">
     <span class='ocr_line' id='line_1_34' title="bbox 1833 1824 3346 1897; baseline 0.005 -22"><span class='ocrx_word' id='word_1_243' title='bbox 1833 1824 1869 1876; x_wconf 74' lang='lat' dir='ltr'><strong>ei</strong></span> <span class='ocrx_word' id='word_1_244' title='bbox 1888 1824 1954 1877; x_wconf 84' lang='grc'><strong>⁷³.</strong></span> <span class='ocrx_word' id='word_1_245' title='bbox 1987 1824 2100 1891; x_wconf 86' lang='lat' dir='ltr'><strong>Qua</strong></span> <span class='ocrx_word' id='word_1_246' title='bbox 2130 1826 2245 1895; x_wconf 86' lang='lat' dir='ltr'><strong>ipsa</strong></span> <span class='ocrx_word' id='word_1_247' title='bbox 2283 1841 2414 1881; x_wconf 88' lang='lat' dir='ltr'><strong>voce</strong></span> <span class='ocrx_word' id='word_1_248' title='bbox 2449 1842 2513 1882; x_wconf 87' lang='lat' dir='ltr'><strong>ac</strong></span> <span class='ocrx_word' id='word_1_249' title='bbox 2563 1829 2813 1897; x_wconf 81' lang='lat' dir='ltr'><strong>loquendi</strong></span> <span class='ocrx_word' id='word_1_250' title='bbox 2871 1829 3042 1884; x_wconf 77' lang='lat' dir='ltr'><strong>forma</strong></span> <span class='ocrx_word' id='word_1_251' title='bbox 3086 1831 3346 1890; x_wconf 80' lang='lat' dir='ltr'><strong>ostendit.</strong></span> 
     </span>
    </p>
   </div>
   <div class='ocr_carea' id='block_1_35' title="bbox 79 1917 1673 1990">
    <p class='ocr_par' dir='ltr' id='par_1_35' title="bbox 79 1917 1673 1990">
     <span class='ocr_line' id='line_1_35' title="bbox 79 1917 1673 1990; baseline 0.001 -20"><span class='ocrx_word' id='word_1_252' title='bbox 79 1917 311 1983; x_wconf 77' lang='grc' dir='ltr'><em>λέξεως.</em></span> <span class='ocrx_word' id='word_1_253' title='bbox 346 1918 427 1983; x_wconf 80' lang='grc' dir='ltr'><em>ὡς</em></span> <span class='ocrx_word' id='word_1_254' title='bbox 474 1918 715 1988; x_wconf 76' lang='grc' dir='ltr'><em>πέφυκεν</em></span> <span class='ocrx_word' id='word_1_255' title='bbox 758 1919 853 1973; x_wconf 71' lang='grc' dir='ltr'><strong>καὶ</strong></span> <span class='ocrx_word' id='word_1_256' title='bbox 898 1920 933 1990; x_wconf 74' lang='grc' dir='ltr'>ἡ</span> <span class='ocrx_word' id='word_1_257' title='bbox 988 1918 1124 1989; x_wconf 78' lang='grc' dir='ltr'><em>σὰρξ</em></span> <span class='ocrx_word' id='word_1_258' title='bbox 1166 1919 1521 1990; x_wconf 79' lang='grc' dir='ltr'><strong>καθαίρεσθαι</strong></span> <span class='ocrx_word' id='word_1_259' title='bbox 1565 1919 1673 1972; x_wconf 83' lang='grc' dir='ltr'><em>τῶν</em></span> 
     </span>
    </p>
   </div>
   <div class='ocr_carea' id='block_1_36' title="bbox 79 2009 1675 2082">
    <p class='ocr_par' dir='ltr' id='par_1_36' title="bbox 79 2009 1675 2082">
     <span class='ocr_line' id='line_1_36' title="bbox 79 2009 1675 2082; baseline 0.004 -23"><span class='ocrx_word' id='word_1_260' title='bbox 79 2009 567 2080; x_wconf 74' lang='grc' dir='ltr'><em>προσαπτομένων</em></span> <span class='ocrx_word' id='word_1_261' title='bbox 598 2009 734 2081; x_wconf 80' lang='grc' dir='ltr'><em>αὐτῇ</em></span> <span class='ocrx_word' id='word_1_262' title='bbox 773 2009 833 2075; x_wconf 81' lang='grc' dir='ltr'><em>ἑξ</em></span> <span class='ocrx_word' id='word_1_263' title='bbox 866 2011 1135 2082; x_wconf 78' lang='grc' dir='ltr'><em>ἁμαρτίας</em></span> <span class='ocrx_word' id='word_1_264' title='bbox 1171 2010 1482 2081; x_wconf 81' lang='grc' dir='ltr'><em>μολυσμῶν.</em></span> <span class='ocrx_word' id='word_1_265' title='bbox 1511 2010 1675 2065; x_wconf 83' lang='grc' dir='ltr'><strong>Ἀλλὰ</strong></span> 
     </span>
    </p>
   </div>
   <div class='ocr_carea' id='block_1_37' title="bbox 78 2094 1672 2174">
    <p class='ocr_par' dir='ltr' id='par_1_37' title="bbox 78 2094 1672 2174">
     <span class='ocr_line' id='line_1_37' title="bbox 78 2094 1672 2174; baseline 0.001 -23"><span class='ocrx_word' id='word_1_266' title='bbox 78 2102 171 2152; x_wconf 73' lang='grc' dir='ltr'><strong>καὶ</strong></span> <span class='ocrx_word' id='word_1_267' title='bbox 192 2100 265 2152; x_wconf 77' lang='grc' dir='ltr'><em>τὸ</em></span> <span class='ocrx_word' id='word_1_268' title='bbox 290 2100 514 2170; x_wconf 86' lang='grc' dir='ltr'><em>πνεῦμα</em></span> <span class='ocrx_word' id='word_1_269' title='bbox 538 2100 631 2154; x_wconf 78' lang='grc' dir='ltr'><strong>καὶ</strong></span> <span class='ocrx_word' id='word_1_270' title='bbox 657 2094 696 2173; x_wconf 72' lang='grc' dir='ltr'><strong>’ἡ</strong></span> <span class='ocrx_word' id='word_1_271' title='bbox 724 2101 890 2173; x_wconf 80' lang='grc' dir='ltr'><strong>ψυχή’</strong></span> <span class='ocrx_word' id='word_1_272' title='bbox 925 2102 973 2154; x_wconf 86' lang='grc' dir='ltr'><em>εἰ</em></span> <span class='ocrx_word' id='word_1_273' title='bbox 1004 2101 1061 2155; x_wconf 85' lang='grc' dir='ltr'><em>δὲ</em></span> <span class='ocrx_word' id='word_1_274' title='bbox 1085 2103 1119 2173; x_wconf 86' lang='grc' dir='ltr'><strong>ή</strong></span> <span class='ocrx_word' id='word_1_275' title='bbox 1155 2101 1290 2174; x_wconf 80' lang='grc' dir='ltr'><em>σὰρξ</em></span> <span class='ocrx_word' id='word_1_276' title='bbox 1323 2104 1442 2154; x_wconf 88' lang='grc' dir='ltr'><em>κατ’</em></span> <span class='ocrx_word' id='word_1_277' title='bbox 1485 2102 1672 2156; x_wconf 81' lang='grc' dir='ltr'><em>οὐσίαν</em></span> 
     </span>
    </p>
   </div>
   <div class='ocr_carea' id='block_1_38' title="bbox 78 2184 1672 2260">
    <p class='ocr_par' dir='ltr' id='par_1_38' title="bbox 78 2184 1672 2260">
     <span class='ocr_line' id='line_1_38' title="bbox 78 2184 1672 2260; baseline 0.004 -22"><span class='ocrx_word' id='word_1_278' title='bbox 78 2184 140 2259; x_wconf 72' lang='grc' dir='ltr'><em>ἢν</em></span> <span class='ocrx_word' id='word_1_279' title='bbox 176 2188 392 2251; x_wconf 80' lang='grc' dir='ltr'><em>κακὸν,</em></span> <span class='ocrx_word' id='word_1_280' title='bbox 414 2189 590 2242; x_wconf 75' lang='grc' dir='ltr'><em>καὶτὸ</em></span> <span class='ocrx_word' id='word_1_281' title='bbox 618 2187 835 2260; x_wconf 85' lang='grc' dir='ltr'><em>πνεῦμα</em></span> <span class='ocrx_word' id='word_1_282' title='bbox 863 2191 981 2243; x_wconf 88' lang='grc' dir='ltr'><em>κατ’</em></span> <span class='ocrx_word' id='word_1_283' title='bbox 1005 2190 1191 2245; x_wconf 81' lang='grc' dir='ltr'><em>οὐσίαν</em></span> <span class='ocrx_word' id='word_1_284' title='bbox 1223 2189 1446 2258; x_wconf 83' lang='grc' dir='ltr'><em>ἀγαθὸν,</em></span> <span class='ocrx_word' id='word_1_285' title='bbox 1476 2192 1585 2245; x_wconf 76' lang='grc' dir='ltr'><em>οὐδ’</em></span> <span class='ocrx_word' id='word_1_286' title='bbox 1607 2190 1672 2245; x_wconf 87' lang='grc' dir='ltr'><em>ἂν</em></span> 
     </span>
    </p>
   </div>
   <div class='ocr_carea' id='block_1_39' title="bbox 77 2273 1674 2353">
    <p class='ocr_par' dir='ltr' id='par_1_39' title="bbox 77 2273 1674 2353">
     <span class='ocr_line' id='line_1_39' title="bbox 77 2273 1674 2353; baseline 0.003 -22"><span class='ocrx_word' id='word_1_287' title='bbox 77 2278 135 2331; x_wconf 68' lang='grc' dir='ltr'><em>τὸ</em></span> <span class='ocrx_word' id='word_1_288' title='bbox 177 2278 417 2350; x_wconf 78' lang='grc' dir='ltr'><em>πνεῦμα</em></span> <span class='ocrx_word' id='word_1_289' title='bbox 453 2279 724 2350; x_wconf 83' lang='grc' dir='ltr'><em>μολυσμὸν</em></span> <span class='ocrx_word' id='word_1_290' title='bbox 771 2273 937 2350; x_wconf 77' lang='grc' dir='ltr'><em>εἶχεν,</em></span> <span class='ocrx_word' id='word_1_291' title='bbox 975 2279 1099 2333; x_wconf 77' lang='grc' dir='ltr'><em>οὔτε</em></span> <span class='ocrx_word' id='word_1_292' title='bbox 1161 2281 1270 2353; x_wconf 83' lang='grc' dir='ltr'><em>μὴν</em></span> <span class='ocrx_word' id='word_1_293' title='bbox 1313 2283 1346 2353; x_wconf 85' lang='grc' dir='ltr'><strong>ἡ</strong></span> <span class='ocrx_word' id='word_1_294' title='bbox 1388 2282 1523 2353; x_wconf 77' lang='grc' dir='ltr'><em>σὰρξ</em></span> <span class='ocrx_word' id='word_1_295' title='bbox 1566 2282 1674 2336; x_wconf 81' lang='grc' dir='ltr'><em>ἀπὸ</em></span> 
     </span>
    </p>
   </div>
   <div class='ocr_carea' id='block_1_40' title="bbox 78 2368 1674 2444">
    <p class='ocr_par' dir='ltr' id='par_1_40' title="bbox 78 2368 1674 2444">
     <span class='ocr_line' id='line_1_40' title="bbox 78 2368 1674 2444; baseline 0.003 -23"><span class='ocrx_word' id='word_1_296' title='bbox 78 2368 380 2440; x_wconf 47' lang='lat' dir='ltr'><strong>poluerpr</strong></span> <span class='ocrx_word' id='word_1_297' title='bbox 416 2368 758 2441; x_wconf 82' lang='grc' dir='ltr'><em>ἑκαθαίρετο.</em></span> <span class='ocrx_word' id='word_1_298' title='bbox 795 2370 1126 2441; x_wconf 77' lang='grc' dir='ltr'><em>Προστάττει</em></span> <span class='ocrx_word' id='word_1_299' title='bbox 1155 2371 1212 2424; x_wconf 84' lang='grc' dir='ltr'><em>δὲ</em></span> <span class='ocrx_word' id='word_1_300' title='bbox 1242 2372 1477 2444; x_wconf 82' lang='grc' dir='ltr'><em>ἑκάτερα</em></span> <span class='ocrx_word' id='word_1_301' title='bbox 1506 2372 1674 2426; x_wconf 83' lang='grc' dir='ltr'><strong>καθᾶ-</strong></span> 
     </span>
    </p>
   </div>
   <div class='ocr_carea' id='block_1_41' title="bbox 75 2460 1674 2536">
    <p class='ocr_par' dir='ltr' id='par_1_41' title="bbox 75 2460 1674 2536">
     <span class='ocr_line' id='line_1_41' title="bbox 75 2460 1674 2536; baseline 0.003 -21"><span class='ocrx_word' id='word_1_302' title='bbox 75 2476 170 2532; x_wconf 65' lang='grc' dir='ltr'><strong>ραι</strong></span> <span class='ocrx_word' id='word_1_303' title='bbox 220 2462 343 2515; x_wconf 78' lang='grc' dir='ltr'><em>ἀπὸ</em></span> <span class='ocrx_word' id='word_1_304' title='bbox 407 2460 703 2532; x_wconf 76' lang='grc' dir='ltr'><em>μολυσμοῦ,</em></span> <span class='ocrx_word' id='word_1_305' title='bbox 748 2461 921 2530; x_wconf 86' lang='grc' dir='ltr'><em>λέγων</em></span> <span class='ocrx_word' id='word_1_306' title='bbox 963 2463 1057 2516; x_wconf 72' lang='grc' dir='ltr'><strong>καὶ</strong></span> <span class='ocrx_word' id='word_1_307' title='bbox 1086 2463 1178 2517; x_wconf 74' lang='grc' dir='ltr'><em>τὸν</em></span> <span class='ocrx_word' id='word_1_308' title='bbox 1207 2464 1408 2535; x_wconf 82' lang='grc' dir='ltr'><em>τρόπον</em></span> <span class='ocrx_word' id='word_1_309' title='bbox 1445 2465 1545 2536; x_wconf 82' lang='grc' dir='ltr'><em>τῆς</em></span> <span class='ocrx_word' id='word_1_310' title='bbox 1577 2483 1674 2519; x_wconf 80' lang='grc' dir='ltr'><strong>κα-</strong></span> 
     </span>
    </p>
   </div>
   <div class='ocr_carea' id='block_1_42' title="bbox 74 2556 1675 2630">
    <p class='ocr_par' dir='ltr' id='par_1_42' title="bbox 74 2556 1675 2630">
     <span class='ocr_line' id='line_1_42' title="bbox 74 2556 1675 2630; baseline 0.002 -19"><span class='ocrx_word' id='word_1_311' title='bbox 74 2556 364 2628; x_wconf 74' lang='grc' dir='ltr'><em>θάρσεως.</em></span> <span class='ocrx_word' id='word_1_312' title='bbox 402 2557 844 2623; x_wconf 77' lang='grc' dir='ltr'><em>Ἐπιτελοῦντες</em></span> <span class='ocrx_word' id='word_1_313' title='bbox 870 2558 997 2630; x_wconf 81' lang='grc' dir='ltr'><em>γὰρ,</em></span> <span class='ocrx_word' id='word_1_314' title='bbox 1023 2559 1208 2630; x_wconf 78' lang='grc' dir='ltr'><em>φησὶν.</em></span> <span class='ocrx_word' id='word_1_315' title='bbox 1248 2561 1675 2630; x_wconf 64' lang='grc' dir='ltr'><em>ἁγιωσύνηνέν</em></span> 
     </span>
    </p>
   </div>
   <div class='ocr_carea' id='block_1_43' title="bbox 74 2646 1670 2721">
    <p class='ocr_par' dir='ltr' id='par_1_43' title="bbox 74 2646 1670 2721">
     <span class='ocr_line' id='line_1_43' title="bbox 74 2646 1670 2721; baseline 0.004 -21"><span class='ocrx_word' id='word_1_316' title='bbox 74 2650 246 2717; x_wconf 66' lang='grc' dir='ltr'><strong>φόϐῳ</strong></span> <span class='ocrx_word' id='word_1_317' title='bbox 284 2648 462 2704; x_wconf 88' lang='grc' dir='ltr'><em>Θεοῦ.</em></span> <span class='ocrx_word' id='word_1_318' title='bbox 511 2646 585 2703; x_wconf 78' lang='grc' dir='ltr'><strong>Εὖ</strong></span> <span class='ocrx_word' id='word_1_319' title='bbox 614 2649 671 2703; x_wconf 82' lang='grc' dir='ltr'><em>δὲ</em></span> <span class='ocrx_word' id='word_1_320' title='bbox 717 2650 809 2704; x_wconf 72' lang='grc' dir='ltr'><strong>καὶ</strong></span> <span class='ocrx_word' id='word_1_321' title='bbox 851 2650 911 2702; x_wconf 81' lang='grc' dir='ltr'><em>τὸ</em></span> <span class='ocrx_word' id='word_1_322' title='bbox 955 2652 1151 2703; x_wconf 72' lang='grc' dir='ltr'><em>εἰπεῖν*</em></span> <span class='ocrx_word' id='word_1_323' title='bbox 1179 2652 1276 2704; x_wconf 83' lang='grc' dir='ltr'><strong>Ἐν</strong></span> <span class='ocrx_word' id='word_1_324' title='bbox 1298 2653 1461 2721; x_wconf 66' lang='grc' dir='ltr'><strong>φόϐῳ</strong></span> <span class='ocrx_word' id='word_1_325' title='bbox 1502 2653 1670 2707; x_wconf 86' lang='grc' dir='ltr'><em>Θεοῦ·</em></span> 
     </span>
    </p>
   </div>
   <div class='ocr_carea' id='block_1_44' title="bbox 73 2738 1674 2812">
    <p class='ocr_par' dir='ltr' id='par_1_44' title="bbox 73 2738 1674 2812">
     <span class='ocr_line' id='line_1_44' title="bbox 73 2738 1674 2812; baseline 0.004 -22"><span class='ocrx_word' id='word_1_326' title='bbox 73 2739 304 2801; x_wconf 79' lang='grc' dir='ltr'><em>ῐεικνὺς</em></span> <span class='ocrx_word' id='word_1_327' title='bbox 328 2740 398 2792; x_wconf 81' lang='grc' dir='ltr'><em>τὸ</em></span> <span class='ocrx_word' id='word_1_328' title='bbox 422 2740 660 2809; x_wconf 78' lang='grc' dir='ltr'><em>ὑπήκοον</em></span> <span class='ocrx_word' id='word_1_329' title='bbox 694 2738 837 2810; x_wconf 79' lang='grc' dir='ltr'><em>ἔχειν</em></span> <span class='ocrx_word' id='word_1_330' title='bbox 860 2738 918 2805; x_wconf 81' lang='grc' dir='ltr'><em>ἑξ</em></span> <span class='ocrx_word' id='word_1_331' title='bbox 946 2740 1147 2805; x_wconf 75' lang='grc' dir='ltr'><em>αὐτῶν,</em></span> <span class='ocrx_word' id='word_1_332' title='bbox 1175 2743 1269 2796; x_wconf 78' lang='grc' dir='ltr'><strong>καὶ</strong></span> <span class='ocrx_word' id='word_1_333' title='bbox 1300 2743 1400 2811; x_wconf 81' lang='grc' dir='ltr'><strong>οὐκ</strong></span> <span class='ocrx_word' id='word_1_334' title='bbox 1430 2744 1488 2808; x_wconf 82' lang='grc' dir='ltr'><em>ἑξ</em></span> <span class='ocrx_word' id='word_1_335' title='bbox 1511 2745 1674 2812; x_wconf 77' lang='grc' dir='ltr'><em>ἀνάγ-</em></span> 
     </span>
    </p>
   </div>
   <div class='ocr_carea' id='block_1_45' title="bbox 72 2829 1673 2905">
    <p class='ocr_par' dir='ltr' id='par_1_45' title="bbox 72 2829 1673 2905">
     <span class='ocr_line' id='line_1_45' title="bbox 72 2829 1673 2905; baseline 0.004 -24"><span class='ocrx_word' id='word_1_336' title='bbox 72 2846 203 2898; x_wconf 79' lang='grc' dir='ltr'><em>κης.</em></span> <span class='ocrx_word' id='word_1_337' title='bbox 250 2829 409 2882; x_wconf 76' lang='grc' dir='ltr'><strong>Εἰδὲ</strong></span> <span class='ocrx_word' id='word_1_338' title='bbox 441 2830 817 2895; x_wconf 77' lang='grc' dir='ltr'><em>ἐπιτελοῦντες</em></span> <span class='ocrx_word' id='word_1_339' title='bbox 866 2832 1175 2903; x_wconf 76' lang='grc' dir='ltr'><strong>ἁγιωσύνην</strong></span> <span class='ocrx_word' id='word_1_340' title='bbox 1210 2834 1266 2886; x_wconf 89' lang='grc' dir='ltr'><strong>ἑν</strong></span> <span class='ocrx_word' id='word_1_341' title='bbox 1317 2833 1466 2905; x_wconf 76' lang='grc' dir='ltr'><strong>φόϐῳ</strong></span> <span class='ocrx_word' id='word_1_342' title='bbox 1514 2834 1673 2899; x_wconf 82' lang='grc' dir='ltr'><em>Θεοῦ,</em></span> 
     </span>
    </p>
   </div>
   <div class='ocr_carea' id='block_1_46' title="bbox 73 2921 1674 2995">
    <p class='ocr_par' dir='ltr' id='par_1_46' title="bbox 73 2921 1674 2995">
     <span class='ocr_line' id='line_1_46' title="bbox 73 2921 1674 2995; baseline 0.002 -21"><span class='ocrx_word' id='word_1_343' title='bbox 73 2921 435 2992; x_wconf 74' lang='grc' dir='ltr'><em>καθαίρομεν</em></span> <span class='ocrx_word' id='word_1_344' title='bbox 463 2921 559 2994; x_wconf 78' lang='grc' dir='ltr'><em>τὴν</em></span> <span class='ocrx_word' id='word_1_345' title='bbox 593 2922 802 2977; x_wconf 80' lang='grc' dir='ltr'><strong>ἑαυτῶν</strong></span> <span class='ocrx_word' id='word_1_346' title='bbox 833 2924 1011 2994; x_wconf 81' lang='grc' dir='ltr'><strong>σάρκα</strong></span> <span class='ocrx_word' id='word_1_347' title='bbox 1043 2925 1153 2978; x_wconf 84' lang='grc' dir='ltr'><em>ἀπὸ</em></span> <span class='ocrx_word' id='word_1_348' title='bbox 1188 2924 1464 2995; x_wconf 85' lang='grc' dir='ltr'><em>μολυσμοῦ</em></span> <span class='ocrx_word' id='word_1_349' title='bbox 1488 2926 1583 2978; x_wconf 76' lang='grc' dir='ltr'><strong>καὶ</strong></span> <span class='ocrx_word' id='word_1_350' title='bbox 1612 2925 1674 2978; x_wconf 83' lang='grc' dir='ltr'><em>τὸ</em></span> 
     </span>
    </p>
   </div>
   <div class='ocr_carea' id='block_1_47' title="bbox 73 3012 1674 3087">
    <p class='ocr_par' dir='ltr' id='par_1_47' title="bbox 73 3012 1674 3087">
     <span class='ocr_line' id='line_1_47' title="bbox 73 3012 1674 3087; baseline 0.001 -20"><span class='ocrx_word' id='word_1_351' title='bbox 73 3014 336 3083; x_wconf 78' lang='grc' dir='ltr'><em>πνεῦμα·</em></span> <span class='ocrx_word' id='word_1_352' title='bbox 373 3012 564 3084; x_wconf 80' lang='grc' dir='ltr'><em>δῆλον,</em></span> <span class='ocrx_word' id='word_1_353' title='bbox 606 3014 688 3067; x_wconf 81' lang='grc' dir='ltr'><em>ὅτι</em></span> <span class='ocrx_word' id='word_1_354' title='bbox 728 3014 1086 3087; x_wconf 79' lang='grc' dir='ltr'><em>ἐγγινομένης</em></span> <span class='ocrx_word' id='word_1_355' title='bbox 1114 3016 1173 3067; x_wconf 82' lang='grc' dir='ltr'><em>ἐν</em></span> <span class='ocrx_word' id='word_1_356' title='bbox 1202 3016 1332 3086; x_wconf 82' lang='grc' dir='ltr'><em>ἡμῖν</em></span> <span class='ocrx_word' id='word_1_357' title='bbox 1358 3015 1457 3086; x_wconf 85' lang='grc' dir='ltr'><em>τῆς</em></span> <span class='ocrx_word' id='word_1_358' title='bbox 1508 3016 1674 3085; x_wconf 88' lang='grc' dir='ltr'><em>ἁγιω-</em></span> 
     </span>
    </p>
   </div>
   <div class='ocr_carea' id='block_1_48' title="bbox 73 3103 1674 3178">
    <p class='ocr_par' dir='ltr' id='par_1_48' title="bbox 73 3103 1674 3178">
     <span class='ocr_line' id='line_1_48' title="bbox 73 3103 1674 3178; baseline 0.001 -20"><span class='ocrx_word' id='word_1_359' title='bbox 73 3103 255 3177; x_wconf 55' lang='grc' dir='ltr'><em>σύνης</em></span> <span class='ocrx_word' id='word_1_360' title='bbox 294 3105 461 3159; x_wconf 82' lang='grc' dir='ltr'><em>τοῦτο</em></span> <span class='ocrx_word' id='word_1_361' title='bbox 481 3105 710 3175; x_wconf 85' lang='grc' dir='ltr'><em>γίνεται.</em></span> <span class='ocrx_word' id='word_1_362' title='bbox 747 3107 954 3178; x_wconf 81' lang='grc' dir='ltr'><em>Ὥσπερ</em></span> <span class='ocrx_word' id='word_1_363' title='bbox 988 3106 1094 3178; x_wconf 82' lang='grc' dir='ltr'><em>γὰρ</em></span> <span class='ocrx_word' id='word_1_364' title='bbox 1110 3105 1428 3177; x_wconf 81' lang='grc' dir='ltr'><em>καθαίρεται</em></span> <span class='ocrx_word' id='word_1_365' title='bbox 1455 3107 1674 3175; x_wconf 76' lang='grc' dir='ltr'><em>ἀγνοίας</em></span> 
     </span>
    </p>
   </div>
   <div class='ocr_carea' id='block_1_49' title="bbox 72 3182 1673 3270">
    <p class='ocr_par' dir='ltr' id='par_1_49' title="bbox 72 3182 1673 3270">
     <span class='ocr_line' id='line_1_49' title="bbox 72 3182 1673 3270; baseline -0.001 -21"><span class='ocrx_word' id='word_1_366' title='bbox 72 3182 256 3269; x_wconf 50' lang='grc' dir='ltr'><em>ψυχὴ,</em></span> <span class='ocrx_word' id='word_1_367' title='bbox 324 3196 426 3250; x_wconf 74' lang='grc' dir='ltr'><strong>καὶ</strong></span> <span class='ocrx_word' id='word_1_368' title='bbox 462 3197 834 3269; x_wconf 82' lang='grc' dir='ltr'><em>ἀδικημάτων,</em></span> <span class='ocrx_word' id='word_1_369' title='bbox 894 3190 1162 3270; x_wconf 82' lang='grc' dir='ltr'><em>παρουσίᾳ</em></span> <span class='ocrx_word' id='word_1_370' title='bbox 1216 3198 1523 3267; x_wconf 80' lang='grc' dir='ltr'><em>ἐπιστήμης</em></span> <span class='ocrx_word' id='word_1_371' title='bbox 1578 3196 1673 3249; x_wconf 77' lang='grc' dir='ltr'><strong>καὶ</strong></span> 
     </span>
    </p>
   </div>
   <div class='ocr_carea' id='block_1_50' title="bbox 70 3287 1672 3360">
    <p class='ocr_par' dir='ltr' id='par_1_50' title="bbox 70 3287 1672 3360">
     <span class='ocr_line' id='line_1_50' title="bbox 70 3287 1672 3360; baseline 0.007 -19"><span class='ocrx_word' id='word_1_372' title='bbox 70 3287 444 3359; x_wconf 70' lang='grc' dir='ltr'><em>δικαιοσύνης</em></span> <span class='ocrx_word' id='word_1_373' title='bbox 504 3289 562 3360; x_wconf 80' lang='grc' dir='ltr'>(ἡ</span> <span class='ocrx_word' id='word_1_374' title='bbox 605 3289 716 3360; x_wconf 82' lang='grc' dir='ltr'><em>γὰρ</em></span> <span class='ocrx_word' id='word_1_375' title='bbox 764 3289 1019 3360; x_wconf 82' lang='grc' dir='ltr'><em>ἀποφυγὴ</em></span> <span class='ocrx_word' id='word_1_376' title='bbox 1067 3288 1169 3358; x_wconf 82' lang='grc' dir='ltr'><em>τῆς</em></span> <span class='ocrx_word' id='word_1_377' title='bbox 1229 3287 1425 3360; x_wconf 72' lang='grc' dir='ltr'><strong>κακίας</strong></span> <span class='ocrx_word' id='word_1_378' title='bbox 1470 3287 1672 3359; x_wconf 79' lang='grc' dir='ltr'><em>ἀρετῆς</em></span> 
     </span>
    </p>
   </div>
   <div class='ocr_carea' id='block_1_51' title="bbox 73 3380 1672 3453">
    <p class='ocr_par' dir='ltr' id='par_1_51' title="bbox 73 3380 1672 3453">
     <span class='ocr_line' id='line_1_51' title="bbox 73 3380 1672 3453; baseline 0.001 -20"><span class='ocrx_word' id='word_1_379' title='bbox 73 3380 296 3433; x_wconf 78' lang='grc' dir='ltr'><em>εἴσοδον</em></span> <span class='ocrx_word' id='word_1_380' title='bbox 336 3381 637 3451; x_wconf 75' lang='grc' dir='ltr'><em>ἐργάζεται</em></span> <span class='ocrx_word' id='word_1_381' title='bbox 676 3383 740 3435; x_wconf 82' lang='grc' dir='ltr'><em>ἑκ</em></span> <span class='ocrx_word' id='word_1_382' title='bbox 773 3380 866 3434; x_wconf 88' lang='grc' dir='ltr'><strong>τοῦ</strong></span> <span class='ocrx_word' id='word_1_383' title='bbox 911 3380 1201 3451; x_wconf 78' lang='grc' dir='ltr'><em>ἑναντίου)’</em></span> <span class='ocrx_word' id='word_1_384' title='bbox 1251 3380 1423 3444; x_wconf 76' lang='grc' dir='ltr'><em>οὕτως</em></span> <span class='ocrx_word' id='word_1_385' title='bbox 1465 3399 1672 3453; x_wconf 85' lang='grc' dir='ltr'><em>παρου-</em></span> 
     </span>
    </p>
   </div>
   <div class='ocr_carea' id='block_1_52' title="bbox 72 3456 1673 3543">
    <p class='ocr_par' dir='ltr' id='par_1_52' title="bbox 72 3456 1673 3543">
     <span class='ocr_line' id='line_1_52' title="bbox 72 3456 1673 3543; baseline 0.002 -20"><span class='ocrx_word' id='word_1_386' title='bbox 72 3470 167 3542; x_wconf 65' lang='grc' dir='ltr'><strong>σίᾳ</strong></span> <span class='ocrx_word' id='word_1_387' title='bbox 202 3469 499 3540; x_wconf 83' lang='grc' dir='ltr'><em>ἀγιασμοῦ</em></span> <span class='ocrx_word' id='word_1_388' title='bbox 529 3471 847 3543; x_wconf 82' lang='grc' dir='ltr'><em>καθαίρεται</em></span> <span class='ocrx_word' id='word_1_389' title='bbox 890 3472 925 3543; x_wconf 74' lang='grc' dir='ltr'><strong>ἡ</strong></span> <span class='ocrx_word' id='word_1_390' title='bbox 969 3471 1106 3543; x_wconf 78' lang='grc' dir='ltr'><em>σὰρξ</em></span> <span class='ocrx_word' id='word_1_391' title='bbox 1155 3456 1432 3543; x_wconf 80' lang='grc' dir='ltr'><em>μολυσμοῦ</em></span> <span class='ocrx_word' id='word_1_392' title='bbox 1473 3474 1568 3526; x_wconf 73' lang='grc' dir='ltr'><strong>καὶ</strong></span> <span class='ocrx_word' id='word_1_393' title='bbox 1611 3473 1673 3526; x_wconf 77' lang='grc' dir='ltr'><em>τὸ</em></span> 
     </span>
    </p>
   </div>
   <div class='ocr_carea' id='block_1_53' title="bbox 71 3562 1669 3637">
    <p class='ocr_par' dir='ltr' id='par_1_53' title="bbox 71 3562 1669 3637">
     <span class='ocr_line' id='line_1_53' title="bbox 71 3562 1669 3637; baseline 0.002 -22"><span class='ocrx_word' id='word_1_394' title='bbox 71 3562 333 3633; x_wconf 69' lang='grc' dir='ltr'><em>πιεῦμα.</em></span> <span class='ocrx_word' id='word_1_395' title='bbox 384 3562 613 3635; x_wconf 82' lang='grc' dir='ltr'><em>Πνεῦμα</em></span> <span class='ocrx_word' id='word_1_396' title='bbox 679 3563 736 3617; x_wconf 80' lang='grc' dir='ltr'><em>δὲ</em></span> <span class='ocrx_word' id='word_1_397' title='bbox 779 3566 838 3618; x_wconf 85' lang='grc' dir='ltr'><em>ὲν</em></span> <span class='ocrx_word' id='word_1_398' title='bbox 891 3564 1102 3627; x_wconf 85' lang='grc' dir='ltr'><em>τούτοις</em></span> <span class='ocrx_word' id='word_1_399' title='bbox 1151 3564 1249 3636; x_wconf 76' lang='grc' dir='ltr'><em>τὴν</em></span> <span class='ocrx_word' id='word_1_400' title='bbox 1297 3565 1474 3637; x_wconf 79' lang='grc' dir='ltr'><em>ψυχὴν</em></span> <span class='ocrx_word' id='word_1_401' title='bbox 1504 3564 1669 3633; x_wconf 83' lang='grc' dir='ltr'><em>λέγει,</em></span> 
     </span>
    </p>
   </div>
   <div class='ocr_carea' id='block_1_54' title="bbox 71 3652 1675 3727">
    <p class='ocr_par' dir='ltr' id='par_1_54' title="bbox 71 3652 1675 3727">
     <span class='ocr_line' id='line_1_54' title="bbox 71 3652 1675 3727; baseline 0.001 -20"><span class='ocrx_word' id='word_1_402' title='bbox 71 3652 277 3725; x_wconf 75' lang='grc' dir='ltr'><em>ὥσπερ</em></span> <span class='ocrx_word' id='word_1_403' title='bbox 312 3654 413 3705; x_wconf 77' lang='grc' dir='ltr'><strong>καὶ</strong></span> <span class='ocrx_word' id='word_1_404' title='bbox 440 3654 498 3706; x_wconf 88' lang='grc' dir='ltr'><strong>ἑν</strong></span> <span class='ocrx_word' id='word_1_405' title='bbox 526 3655 643 3717; x_wconf 80' lang='grc' dir='ltr'><em>ταῖς</em></span> <span class='ocrx_word' id='word_1_406' title='bbox 677 3653 942 3727; x_wconf 81' lang='grc' dir='ltr'><em>Πρὰξεσιν</em></span> <span class='ocrx_word' id='word_1_407' title='bbox 976 3653 1085 3706; x_wconf 80' lang='grc' dir='ltr'><em>τῶν</em></span> <span class='ocrx_word' id='word_1_408' title='bbox 1113 3654 1426 3710; x_wconf 82' lang='grc' dir='ltr'><em>ἀποστόλων</em></span> <span class='ocrx_word' id='word_1_409' title='bbox 1468 3656 1675 3724; x_wconf 64' lang='grc' dir='ltr'><em>Στέφα-</em></span> 
     </span>
    </p>
   </div>
   <div class='ocr_carea' id='block_1_55' title="bbox 71 3741 1673 3818">
    <p class='ocr_par' dir='ltr' id='par_1_55' title="bbox 71 3741 1673 3818">
     <span class='ocr_line' id='line_1_55' title="bbox 71 3741 1673 3818; baseline 0.002 -24"><span class='ocrx_word' id='word_1_410' title='bbox 71 3759 165 3805; x_wconf 78' lang='grc' dir='ltr'><strong>νος</strong></span> <span class='ocrx_word' id='word_1_411' title='bbox 197 3744 231 3794; x_wconf 87' lang='grc' dir='ltr'>ὁ</span> <span class='ocrx_word' id='word_1_412' title='bbox 253 3741 567 3805; x_wconf 75' lang='grc' dir='ltr'><em>ἀπόστολος</em></span> <span class='ocrx_word' id='word_1_413' title='bbox 592 3742 1044 3814; x_wconf 82' lang='grc' dir='ltr'><em>καταλευόμενος,</em></span> <span class='ocrx_word' id='word_1_414' title='bbox 1068 3744 1161 3796; x_wconf 65' lang='grc' dir='ltr'><strong>κα)¹</strong></span> <span class='ocrx_word' id='word_1_415' title='bbox 1193 3743 1402 3815; x_wconf 80' lang='grc' dir='ltr'><em>μέλλων</em></span> <span class='ocrx_word' id='word_1_416' title='bbox 1436 3746 1673 3818; x_wconf 78' lang='grc' dir='ltr'><em>ἀποθνή-</em></span> 
     </span>
    </p>
   </div>
   <div class='ocr_carea' id='block_1_56' title="bbox 74 3828 1674 3904">
    <p class='ocr_par' dir='ltr' id='par_1_56' title="bbox 74 3828 1674 3904">
     <span class='ocr_line' id='line_1_56' title="bbox 74 3828 1674 3904; baseline 0.001 -17"><span class='ocrx_word' id='word_1_417' title='bbox 74 3849 263 3896; x_wconf 79' lang='grc' dir='ltr'><em>σκειν,</em></span> <span class='ocrx_word' id='word_1_418' title='bbox 315 3828 476 3885; x_wconf 71' lang='grc' dir='ltr'><em>εἶπεν</em></span> <span class='ocrx_word' id='word_1_419' title='bbox 524 3832 829 3904; x_wconf 78' lang='grc' dir='ltr'><em>εὐχόμενος·</em></span> <span class='ocrx_word' id='word_1_420' title='bbox 885 3835 1061 3902; x_wconf 83' lang='grc' dir='ltr'><em>Κύριε</em></span> <span class='ocrx_word' id='word_1_421' title='bbox 1111 3836 1343 3904; x_wconf 85' lang='grc' dir='ltr'><em>Ἰησοῦ,</em></span> <span class='ocrx_word' id='word_1_422' title='bbox 1392 3835 1558 3901; x_wconf 80' lang='grc' dir='ltr'><em>δέξαι</em></span> <span class='ocrx_word' id='word_1_423' title='bbox 1607 3837 1674 3897; x_wconf 78' lang='grc' dir='ltr'><em>τὸ</em></span> 
     </span>
    </p>
   </div>
   <div class='ocr_carea' id='block_1_57' title="bbox 75 3919 1676 3998">
    <p class='ocr_par' dir='ltr' id='par_1_57' title="bbox 75 3919 1676 3998">
     <span class='ocr_line' id='line_1_57' title="bbox 75 3919 1676 3998; baseline 0.005 -23"><span class='ocrx_word' id='word_1_424' title='bbox 75 3919 332 3992; x_wconf 66' lang='grc' dir='ltr'><em>πνεῦμά</em></span> <span class='ocrx_word' id='word_1_425' title='bbox 357 3939 508 3991; x_wconf 82' lang='grc' dir='ltr'><em>μου.</em></span> <span class='ocrx_word' id='word_1_426' title='bbox 549 3924 681 3977; x_wconf 71' lang='grc' dir='ltr'><strong>Οὐδὲ</strong></span> <span class='ocrx_word' id='word_1_427' title='bbox 710 3926 818 3995; x_wconf 83' lang='grc' dir='ltr'><em>γὰρ</em></span> <span class='ocrx_word' id='word_1_428' title='bbox 854 3924 983 3979; x_wconf 86' lang='grc' dir='ltr'><em>ἀλλο</em></span> <span class='ocrx_word' id='word_1_429' title='bbox 1017 3944 1072 3981; x_wconf 89' lang='grc' dir='ltr'><strong>τι</strong></span> <span class='ocrx_word' id='word_1_430' title='bbox 1099 3928 1159 3981; x_wconf 87' lang='grc' dir='ltr'><strong>ἑν</strong></span> <span class='ocrx_word' id='word_1_431' title='bbox 1186 3928 1394 3993; x_wconf 86' lang='grc' dir='ltr'><em>τούτοις</em></span> <span class='ocrx_word' id='word_1_432' title='bbox 1420 3929 1572 3998; x_wconf 75' lang='grc' dir='ltr'><em>ἔλεγε</em></span> <span class='ocrx_word' id='word_1_433' title='bbox 1615 3928 1676 3983; x_wconf 81' lang='grc' dir='ltr'><em>τὸ</em></span> 
     </span>
    </p>
   </div>
   <div class='ocr_carea' id='block_1_58' title="bbox 75 4011 970 4088">
    <p class='ocr_par' dir='ltr' id='par_1_58' title="bbox 75 4011 970 4088">
     <span class='ocr_line' id='line_1_58' title="bbox 75 4011 970 4088; baseline 0.004 -22"><span class='ocrx_word' id='word_1_434' title='bbox 75 4012 311 4085; x_wconf 70' lang='grc' dir='ltr'><em>πνεῦμα</em></span> <span class='ocrx_word' id='word_1_435' title='bbox 332 4011 557 4079; x_wconf 80' lang='grc' dir='ltr'><em>ἑαυτοῦ,</em></span> <span class='ocrx_word' id='word_1_436' title='bbox 588 4013 622 4086; x_wconf 80' lang='grc' dir='ltr'>ἦ</span> <span class='ocrx_word' id='word_1_437' title='bbox 644 4013 745 4085; x_wconf 84' lang='grc' dir='ltr'><em>τὴν.</em></span> <span class='ocrx_word' id='word_1_438' title='bbox 771 4013 970 4088; x_wconf 76' lang='grc' dir='ltr'><strong>ψυχήν.</strong></span> 
     </span>
    </p>
   </div>
   <div class='ocr_carea' id='block_1_59' title="bbox 149 4184 1677 4267">
    <p class='ocr_par' dir='ltr' id='par_1_59' title="bbox 149 4184 1677 4267">
     <span class='ocr_line' id='line_1_59' title="bbox 149 4184 1677 4267; baseline 0.006 -25"><span class='ocrx_word' id='word_1_439' title='bbox 149 4187 219 4242; x_wconf 79' lang='lat' dir='ltr'><strong>El</strong></span> <span class='ocrx_word' id='word_1_440' title='bbox 243 4184 348 4241; x_wconf 78' lang='grc' dir='ltr'><em>οὖν</em></span> <span class='ocrx_word' id='word_1_441' title='bbox 371 4186 466 4240; x_wconf 71' lang='grc' dir='ltr'><em>διὰ</em></span> <span class='ocrx_word' id='word_1_442' title='bbox 483 4187 737 4242; x_wconf 83' lang='grc' dir='ltr'><em>πλειόνων</em></span> <span class='ocrx_word' id='word_1_443' title='bbox 762 4191 794 4260; x_wconf 81' lang='grc' dir='ltr'>ὴ</span> <span class='ocrx_word' id='word_1_444' title='bbox 820 4189 955 4261; x_wconf 73' lang='grc' dir='ltr'><em>σὰρξ</em></span> <span class='ocrx_word' id='word_1_445' title='bbox 986 4192 1080 4244; x_wconf 78' lang='grc' dir='ltr'><strong>καὶ</strong></span> <span class='ocrx_word' id='word_1_446' title='bbox 1106 4193 1166 4246; x_wconf 84' lang='grc' dir='ltr'><em>τὸ</em></span> <span class='ocrx_word' id='word_1_447' title='bbox 1195 4193 1435 4267; x_wconf 86' lang='grc' dir='ltr'><em>πνεῦμα,</em></span> <span class='ocrx_word' id='word_1_448' title='bbox 1467 4195 1554 4249; x_wconf 80' lang='grc' dir='ltr'><strong>ὁτὲ</strong></span> <span class='ocrx_word' id='word_1_449' title='bbox 1579 4197 1677 4267; x_wconf 83' lang='grc' dir='ltr'><em>μὲν</em></span> 
     </span>
    </p>
   </div>
   <div class='ocr_carea' id='block_1_60' title="bbox 78 4279 1677 4357">
    <p class='ocr_par' dir='ltr' id='par_1_60' title="bbox 78 4279 1677 4357">
     <span class='ocr_line' id='line_1_60' title="bbox 78 4279 1677 4357; baseline 0.007 -26"><span class='ocrx_word' id='word_1_450' title='bbox 78 4280 401 4351; x_wconf 76' lang='grc' dir='ltr'><em>ἁμαρτίας,</em></span> <span class='ocrx_word' id='word_1_451' title='bbox 454 4279 545 4332; x_wconf 77' lang='grc' dir='ltr'><strong>ὁτὲ</strong></span> <span class='ocrx_word' id='word_1_452' title='bbox 586 4280 642 4333; x_wconf 81' lang='grc' dir='ltr'><em>δὲ</em></span> <span class='ocrx_word' id='word_1_453' title='bbox 690 4282 982 4354; x_wconf 88' lang='grc' dir='ltr'><em>ἀγιασμοῦ,</em></span> <span class='ocrx_word' id='word_1_454' title='bbox 1016 4286 1110 4338; x_wconf 75' lang='grc' dir='ltr'><strong>καὶ</strong></span> <span class='ocrx_word' id='word_1_455' title='bbox 1146 4287 1284 4357; x_wconf 83' lang='grc' dir='ltr'><em>πρὸς</em></span> <span class='ocrx_word' id='word_1_456' title='bbox 1324 4287 1385 4339; x_wconf 83' lang='grc' dir='ltr'><em>τὸ</em></span> <span class='ocrx_word' id='word_1_457' title='bbox 1436 4287 1677 4354; x_wconf 77' lang='grc' dir='ltr'><em>δοξάζειν</em></span> 
     </span>
    </p>
   </div>
   <div class='ocr_carea' id='block_1_61' title="bbox 76 4370 1675 4447">
    <p class='ocr_par' dir='ltr' id='par_1_61' title="bbox 76 4370 1675 4447">
     <span class='ocr_line' id='line_1_61' title="bbox 76 4370 1675 4447; baseline 0.006 -22"><span class='ocrx_word' id='word_1_458' title='bbox 76 4373 173 4425; x_wconf 71' lang='grc' dir='ltr'><em>τὸν</em></span> <span class='ocrx_word' id='word_1_459' title='bbox 197 4371 343 4423; x_wconf 76' lang='grc' dir='ltr'><em>Θεὸν</em></span> <span class='ocrx_word' id='word_1_460' title='bbox 374 4370 571 4441; x_wconf 75' lang='grc' dir='ltr'><em>ἔχοντα</em></span> <span class='ocrx_word' id='word_1_461' title='bbox 600 4371 849 4442; x_wconf 83' lang='grc' dir='ltr'><em>λέγεται·</em></span> <span class='ocrx_word' id='word_1_462' title='bbox 883 4376 1032 4429; x_wconf 79' lang='grc' dir='ltr'><em>οὐδὲν</em></span> <span class='ocrx_word' id='word_1_463' title='bbox 1068 4375 1271 4432; x_wconf 87' lang='grc' dir='ltr'><em>τούτων</em></span> <span class='ocrx_word' id='word_1_464' title='bbox 1295 4378 1453 4447; x_wconf 81' lang='grc' dir='ltr'><em>φύσει</em></span> <span class='ocrx_word' id='word_1_465' title='bbox 1488 4381 1675 4446; x_wconf 83' lang='grc' dir='ltr'><em>κακὸν,</em></span> 
     </span>
    </p>
   </div>
   <div class='ocr_carea' id='block_1_62' title="bbox 1773 1917 3346 1988">
    <p class='ocr_par' dir='ltr' id='par_1_62' title="bbox 1773 1917 3346 1988">
     <span class='ocr_line' id='line_1_62' title="bbox 1773 1917 3346 1988; baseline 0.006 -20"><span class='ocrx_word' id='word_1_466' title='bbox 1773 1917 1920 1969; x_wconf 89' lang='lat' dir='ltr'><strong>carni</strong></span> <span class='ocrx_word' id='word_1_467' title='bbox 1980 1932 2193 1987; x_wconf 90' lang='lat' dir='ltr'><strong>quoque</strong></span> <span class='ocrx_word' id='word_1_468' title='bbox 2232 1931 2600 1988; x_wconf 89' lang='lat' dir='ltr'><strong>comparatum</strong></span> <span class='ocrx_word' id='word_1_469' title='bbox 2653 1937 2793 1985; x_wconf 89' lang='lat' dir='ltr'><strong>esse,</strong></span> <span class='ocrx_word' id='word_1_470' title='bbox 2825 1932 2883 1977; x_wconf 92' lang='lat' dir='ltr'><strong>ut</strong></span> <span class='ocrx_word' id='word_1_471' title='bbox 2917 1925 3246 1977; x_wconf 84' lang='lat' dir='ltr'><strong>emundetur</strong></span> <span class='ocrx_word' id='word_1_472' title='bbox 3278 1923 3346 1976; x_wconf 88' lang='lat' dir='ltr'><strong>ab</strong></span> 
     </span>
    </p>
   </div>
   <div class='ocr_carea' id='block_1_63' title="bbox 1773 2006 3351 2081">
    <p class='ocr_par' dir='ltr' id='par_1_63' title="bbox 1773 2006 3351 2081">
     <span class='ocr_line' id='line_1_63' title="bbox 1773 2006 3351 2081; baseline 0.007 -22"><span class='ocrx_word' id='word_1_473' title='bbox 1773 2006 2193 2077; x_wconf 87' lang='lat' dir='ltr'><strong>inquinamentis</strong></span> <span class='ocrx_word' id='word_1_474' title='bbox 2237 2025 2354 2079; x_wconf 66' lang='lat' dir='ltr'><strong>quae</strong></span> <span class='ocrx_word' id='word_1_475' title='bbox 2387 2028 2452 2067; x_wconf 81' lang='lat' dir='ltr'><strong>ex</strong></span> <span class='ocrx_word' id='word_1_476' title='bbox 2477 2023 2697 2081; x_wconf 86' lang='lat' dir='ltr'><strong>peccato</strong></span> <span class='ocrx_word' id='word_1_477' title='bbox 2728 2015 2798 2073; x_wconf 87' lang='lat' dir='ltr'><strong>illi</strong></span> <span class='ocrx_word' id='word_1_478' title='bbox 2837 2015 3156 2070; x_wconf 80' lang='lat' dir='ltr'><strong>inolescunl.</strong></span> <span class='ocrx_word' id='word_1_479' title='bbox 3187 2015 3351 2071; x_wconf 87' lang='lat' dir='ltr'><strong>Simi-</strong></span> 
     </span>
    </p>
   </div>
   <div class='ocr_carea' id='block_1_64' title="bbox 1772 2097 3346 2179">
    <p class='ocr_par' dir='ltr' id='par_1_64' title="bbox 1772 2097 3346 2179">
     <span class='ocr_line' id='line_1_64' title="bbox 1772 2097 3346 2179; baseline 0.004 -29"><span class='ocrx_word' id='word_1_480' title='bbox 1772 2097 1895 2153; x_wconf 92' lang='lat' dir='ltr'><strong>liter</strong></span> <span class='ocrx_word' id='word_1_481' title='bbox 1922 2099 1973 2153; x_wconf 92' lang='lat' dir='ltr'><strong>in</strong></span> <span class='ocrx_word' id='word_1_482' title='bbox 2011 2100 2200 2167; x_wconf 89' lang='lat' dir='ltr'><strong>spiritu</strong></span> <span class='ocrx_word' id='word_1_483' title='bbox 2228 2110 2281 2155; x_wconf 91' lang='lat' dir='ltr'><strong>et</strong></span> <span class='ocrx_word' id='word_1_484' title='bbox 2316 2097 2523 2179; x_wconf 52' lang='lat' dir='ltr'><strong>animo,</strong></span> <span class='ocrx_word' id='word_1_485' title='bbox 2573 2103 2723 2171; x_wconf 90' lang='lat' dir='ltr'><strong>Quod</strong></span> <span class='ocrx_word' id='word_1_486' title='bbox 2771 2107 2816 2159; x_wconf 92' lang='lat' dir='ltr'><strong>si</strong></span> <span class='ocrx_word' id='word_1_487' title='bbox 2871 2121 3000 2161; x_wconf 90' lang='lat' dir='ltr'><strong>caro</strong></span> <span class='ocrx_word' id='word_1_488' title='bbox 3050 2107 3346 2161; x_wconf 87' lang='lat' dir='ltr'><strong>secundum</strong></span> 
     </span>
    </p>
   </div>
   <div class='ocr_carea' id='block_1_65' title="bbox 1772 2190 3348 2264">
    <p class='ocr_par' dir='ltr' id='par_1_65' title="bbox 1772 2190 3348 2264">
     <span class='ocr_line' id='line_1_65' title="bbox 1772 2190 3348 2264; baseline 0.006 -22"><span class='ocrx_word' id='word_1_489' title='bbox 1772 2190 2130 2245; x_wconf 88' lang='lat' dir='ltr'><strong>snhstanliam</strong></span> <span class='ocrx_word' id='word_1_490' title='bbox 2166 2202 2312 2247; x_wconf 87' lang='lat' dir='ltr'><strong>esset</strong></span> <span class='ocrx_word' id='word_1_491' title='bbox 2336 2193 2497 2255; x_wconf 80' lang='lat' dir='ltr'><strong>mala,</strong></span> <span class='ocrx_word' id='word_1_492' title='bbox 2531 2203 2584 2248; x_wconf 90' lang='lat' dir='ltr'><strong>et</strong></span> <span class='ocrx_word' id='word_1_493' title='bbox 2607 2195 2828 2264; x_wconf 89' lang='lat' dir='ltr'><strong>spiritus</strong></span> <span class='ocrx_word' id='word_1_494' title='bbox 2871 2199 3164 2251; x_wconf 88' lang='lat' dir='ltr'><strong>secundum</strong></span> <span class='ocrx_word' id='word_1_495' title='bbox 3220 2196 3348 2251; x_wconf 82' lang='lat' dir='ltr'><strong>sub-</strong></span> 
     </span>
    </p>
   </div>
   <div class='ocr_carea' id='block_1_66' title="bbox 1773 2278 3347 2357">
    <p class='ocr_par' dir='ltr' id='par_1_66' title="bbox 1773 2278 3347 2357">
     <span class='ocr_line' id='line_1_66' title="bbox 1773 2278 3347 2357; baseline 0.004 -23"><span class='ocrx_word' id='word_1_496' title='bbox 1773 2278 2030 2335; x_wconf 76' lang='lat' dir='ltr'><strong>stantiam</strong></span> <span class='ocrx_word' id='word_1_497' title='bbox 2064 2292 2211 2337; x_wconf 87' lang='lat' dir='ltr'><strong>esset</strong></span> <span class='ocrx_word' id='word_1_498' title='bbox 2246 2286 2452 2350; x_wconf 87' lang='lat' dir='ltr'><strong>bonus;</strong></span> <span class='ocrx_word' id='word_1_499' title='bbox 2487 2300 2664 2353; x_wconf 84' lang='lat' dir='ltr'><strong>neque</strong></span> <span class='ocrx_word' id='word_1_500' title='bbox 2704 2287 2925 2356; x_wconf 86' lang='lat' dir='ltr'><strong>spiritus</strong></span> <span class='ocrx_word' id='word_1_501' title='bbox 2969 2288 3347 2357; x_wconf 88' lang='lat' dir='ltr'><strong>inquinamen-</strong></span> 
     </span>
    </p>
   </div>
   <div class='ocr_carea' id='block_1_67' title="bbox 1775 2371 3345 2444">
    <p class='ocr_par' dir='ltr' id='par_1_67' title="bbox 1775 2371 3345 2444">
     <span class='ocr_line' id='line_1_67' title="bbox 1775 2371 3345 2444; baseline 0.006 -22"><span class='ocrx_word' id='word_1_502' title='bbox 1775 2378 1885 2424; x_wconf 90' lang='lat' dir='ltr'><strong>tum</strong></span> <span class='ocrx_word' id='word_1_503' title='bbox 1928 2371 2171 2435; x_wconf 82' lang='lat' dir='ltr'><strong>ltaberet,</strong></span> <span class='ocrx_word' id='word_1_504' title='bbox 2197 2389 2373 2444; x_wconf 88' lang='lat' dir='ltr'><strong>neque</strong></span> <span class='ocrx_word' id='word_1_505' title='bbox 2402 2390 2531 2429; x_wconf 88' lang='lat' dir='ltr'><strong>vero</strong></span> <span class='ocrx_word' id='word_1_506' title='bbox 2560 2390 2686 2429; x_wconf 87' lang='lat' dir='ltr'><strong>caro</strong></span> <span class='ocrx_word' id='word_1_507' title='bbox 2709 2379 3099 2432; x_wconf 75' lang='lat' dir='ltr'><strong>eitiundaretur</strong></span> <span class='ocrx_word' id='word_1_508' title='bbox 3146 2378 3214 2432; x_wconf 88' lang='lat' dir='ltr'><strong>ab</strong></span> <span class='ocrx_word' id='word_1_509' title='bbox 3260 2378 3345 2431; x_wconf 91' lang='lat' dir='ltr'><strong>in-</strong></span> 
     </span>
    </p>
   </div>
   <div class='ocr_carea' id='block_1_68' title="bbox 1728 2461 3348 2538">
    <p class='ocr_par' dir='ltr' id='par_1_68' title="bbox 1728 2461 3348 2538">
     <span class='ocr_line' id='line_1_68' title="bbox 1728 2461 3348 2538; baseline 0.007 -26"><span class='ocrx_word' id='word_1_510' title='bbox 1728 2528 1729 2531; x_wconf 17' lang='grc' dir='ltr'><strong>η</strong></span> <span class='ocrx_word' id='word_1_511' title='bbox 1774 2461 2104 2527; x_wconf 87' lang='lat' dir='ltr'><strong>quinatione.</strong></span> <span class='ocrx_word' id='word_1_512' title='bbox 2165 2463 2412 2533; x_wconf 63' lang='lat' dir='ltr'><strong>Praecipit</strong></span> <span class='ocrx_word' id='word_1_513' title='bbox 2469 2476 2650 2520; x_wconf 84' lang='lat' dir='ltr'><strong>autem</strong></span> <span class='ocrx_word' id='word_1_514' title='bbox 2702 2478 2995 2538; x_wconf 86' lang='lat' dir='ltr'><strong>utrumque</strong></span> <span class='ocrx_word' id='word_1_515' title='bbox 3047 2469 3348 2523; x_wconf 80' lang='lat' dir='ltr'><strong>emundare</strong></span> 
     </span>
    </p>
   </div>
   <div class='ocr_carea' id='block_1_69' title="bbox 1773 2552 3347 2627">
    <p class='ocr_par' dir='ltr' id='par_1_69' title="bbox 1773 2552 3347 2627">
     <span class='ocr_line' id='line_1_69' title="bbox 1773 2552 3347 2627; baseline 0.004 -21"><span class='ocrx_word' id='word_1_516' title='bbox 1773 2552 2302 2621; x_wconf 85' lang='lat' dir='ltr'><strong>abinquinamento;</strong></span> <span class='ocrx_word' id='word_1_517' title='bbox 2338 2558 2558 2611; x_wconf 89' lang='lat' dir='ltr'><strong>modum</strong></span> <span class='ocrx_word' id='word_1_518' title='bbox 2615 2558 2776 2613; x_wconf 83' lang='lat' dir='ltr'><strong>etiam</strong></span> <span class='ocrx_word' id='word_1_519' title='bbox 2807 2560 2991 2613; x_wconf 88' lang='lat' dir='ltr'><strong>dicens</strong></span> <span class='ocrx_word' id='word_1_520' title='bbox 3020 2574 3129 2627; x_wconf 86' lang='lat' dir='ltr'><strong>quo</strong></span> <span class='ocrx_word' id='word_1_521' title='bbox 3165 2562 3234 2613; x_wconf 87' lang='lat' dir='ltr'><strong>sit</strong></span> <span class='ocrx_word' id='word_1_522' title='bbox 3259 2559 3347 2613; x_wconf 79' lang='lat' dir='ltr'><strong>tu-</strong></span> 
     </span>
    </p>
   </div>
   <div class='ocr_carea' id='block_1_70' title="bbox 1777 2644 3347 2717">
    <p class='ocr_par' dir='ltr' id='par_1_70' title="bbox 1777 2644 3347 2717">
     <span class='ocr_line' id='line_1_70' title="bbox 1777 2644 3347 2717; baseline 0.004 -21"><span class='ocrx_word' id='word_1_523' title='bbox 1777 2653 1893 2697; x_wconf 85' lang='lat' dir='ltr'><strong>tura</strong></span> <span class='ocrx_word' id='word_1_524' title='bbox 1927 2644 2220 2700; x_wconf 81' lang='lat' dir='ltr'><strong>inundatio.</strong></span> <span class='ocrx_word' id='word_1_525' title='bbox 2252 2645 2343 2697; x_wconf 79' lang='lat' dir='ltr'><strong>Ait</strong></span> <span class='ocrx_word' id='word_1_526' title='bbox 2366 2660 2599 2714; x_wconf 84' lang='lat' dir='ltr'><strong>namque</strong></span> <span class='ocrx_word' id='word_1_527' title='bbox 2625 2665 2638 2700; x_wconf 91' lang='lat'><strong>:</strong></span> <span class='ocrx_word' id='word_1_528' title='bbox 2675 2645 3010 2715; x_wconf 80' lang='lat' dir='ltr'><strong>Perﬁcientes</strong></span> <span class='ocrx_word' id='word_1_529' title='bbox 3037 2648 3347 2717; x_wconf 80' lang='lat' dir='ltr'><strong>sanctiﬁca-</strong></span> 
     </span>
    </p>
   </div>
   <div class='ocr_carea' id='block_1_71' title="bbox 1774 2734 3347 2810">
    <p class='ocr_par' dir='ltr' id='par_1_71' title="bbox 1774 2734 3347 2810">
     <span class='ocr_line' id='line_1_71' title="bbox 1774 2734 3347 2810; baseline 0.004 -24"><span class='ocrx_word' id='word_1_530' title='bbox 1774 2735 1963 2787; x_wconf 88' lang='lat' dir='ltr'><strong>tionem</strong></span> <span class='ocrx_word' id='word_1_531' title='bbox 1996 2734 2052 2787; x_wconf 85' lang='lat' dir='ltr'><strong>in</strong></span> <span class='ocrx_word' id='word_1_532' title='bbox 2079 2734 2264 2788; x_wconf 88' lang='lat' dir='ltr'><strong>timore</strong></span> <span class='ocrx_word' id='word_1_533' title='bbox 2298 2735 2414 2789; x_wconf 88' lang='lat' dir='ltr'><strong>Dei.</strong></span> <span class='ocrx_word' id='word_1_534' title='bbox 2462 2736 2593 2790; x_wconf 87' lang='lat' dir='ltr'><strong>Illud</strong></span> <span class='ocrx_word' id='word_1_535' title='bbox 2626 2753 2751 2793; x_wconf 90' lang='lat' dir='ltr'><strong>vero</strong></span> <span class='ocrx_word' id='word_1_536' title='bbox 2784 2739 2948 2792; x_wconf 88' lang='lat' dir='ltr'><strong>etiam</strong></span> <span class='ocrx_word' id='word_1_537' title='bbox 2995 2750 3158 2803; x_wconf 89' lang='lat' dir='ltr'><strong>recte,</strong></span> <span class='ocrx_word' id='word_1_538' title='bbox 3201 2740 3347 2810; x_wconf 90' lang='lat' dir='ltr'><strong>quod</strong></span> 
     </span>
    </p>
   </div>
   <div class='ocr_carea' id='block_1_72' title="bbox 1773 2828 3349 2896">
    <p class='ocr_par' dir='ltr' id='par_1_72' title="bbox 1773 2828 3349 2896">
     <span class='ocr_line' id='line_1_72' title="bbox 1773 2828 3349 2896; baseline 0.004 -15"><span class='ocrx_word' id='word_1_539' title='bbox 1773 2828 1867 2891; x_wconf 80' lang='lat' dir='ltr'><strong>ait,</strong></span> <span class='ocrx_word' id='word_1_540' title='bbox 1920 2831 1974 2882; x_wconf 86' lang='lat' dir='ltr'><strong>in</strong></span> <span class='ocrx_word' id='word_1_541' title='bbox 2034 2831 2218 2884; x_wconf 86' lang='lat' dir='ltr'><strong>timore</strong></span> <span class='ocrx_word' id='word_1_542' title='bbox 2267 2829 2386 2895; x_wconf 87' lang='lat' dir='ltr'><strong>Dei,</strong></span> <span class='ocrx_word' id='word_1_543' title='bbox 2441 2840 2497 2884; x_wconf 90' lang='lat' dir='ltr'><strong>ut</strong></span> <span class='ocrx_word' id='word_1_544' title='bbox 2547 2833 2818 2896; x_wconf 80' lang='lat' dir='ltr'><strong>ostendat,</strong></span> <span class='ocrx_word' id='word_1_545' title='bbox 2868 2834 3068 2888; x_wconf 86' lang='lat' dir='ltr'><strong>habere</strong></span> <span class='ocrx_word' id='word_1_546' title='bbox 3097 2850 3162 2888; x_wconf 82' lang='lat' dir='ltr'><strong>ex</strong></span> <span class='ocrx_word' id='word_1_547' title='bbox 3193 2850 3251 2889; x_wconf 91' lang='lat' dir='ltr'><strong>se</strong></span> <span class='ocrx_word' id='word_1_548' title='bbox 3289 2845 3349 2887; x_wconf 92' lang='lat' dir='ltr'><strong>ut</strong></span> 
     </span>
    </p>
   </div>
   <div class='ocr_carea' id='block_1_73' title="bbox 1774 2918 3349 2993">
    <p class='ocr_par' dir='ltr' id='par_1_73' title="bbox 1774 2918 3349 2993">
     <span class='ocr_line' id='line_1_73' title="bbox 1774 2918 3349 2993; baseline 0.005 -22"><span class='ocrx_word' id='word_1_549' title='bbox 1774 2918 2051 2982; x_wconf 78' lang='lat' dir='ltr'><strong>obedient,</strong></span> <span class='ocrx_word' id='word_1_550' title='bbox 2081 2929 2135 2972; x_wconf 89' lang='lat' dir='ltr'><strong>et</strong></span> <span class='ocrx_word' id='word_1_551' title='bbox 2169 2935 2273 2973; x_wconf 90' lang='lat' dir='ltr'><strong>non</strong></span> <span class='ocrx_word' id='word_1_552' title='bbox 2314 2936 2380 2974; x_wconf 80' lang='lat' dir='ltr'><strong>cx</strong></span> <span class='ocrx_word' id='word_1_553' title='bbox 2408 2923 2750 2977; x_wconf 84' lang='lat' dir='ltr'><strong>necessitate.</strong></span> <span class='ocrx_word' id='word_1_554' title='bbox 2785 2922 2936 2988; x_wconf 90' lang='lat' dir='ltr'><strong>Quod</strong></span> <span class='ocrx_word' id='word_1_555' title='bbox 2976 2924 3020 2977; x_wconf 77' lang='lat' dir='ltr'><strong>si</strong></span> <span class='ocrx_word' id='word_1_556' title='bbox 3061 2924 3349 2993; x_wconf 78' lang='lat' dir='ltr'><strong>perlicien-</strong></span> 
     </span>
    </p>
   </div>
   <div class='ocr_carea' id='block_1_74' title="bbox 1774 3009 3350 3077">
    <p class='ocr_par' dir='ltr' id='par_1_74' title="bbox 1774 3009 3350 3077">
     <span class='ocr_line' id='line_1_74' title="bbox 1774 3009 3350 3077; baseline 0.006 -16"><span class='ocrx_word' id='word_1_557' title='bbox 1774 3018 1857 3063; x_wconf 87' lang='lat' dir='ltr'><strong>tes</strong></span> <span class='ocrx_word' id='word_1_558' title='bbox 1892 3009 2373 3064; x_wconf 78' lang='lat' dir='ltr'><strong>sanctilicationem</strong></span> <span class='ocrx_word' id='word_1_559' title='bbox 2405 3014 2454 3064; x_wconf 92' lang='lat' dir='ltr'><strong>in</strong></span> <span class='ocrx_word' id='word_1_560' title='bbox 2482 3012 2672 3066; x_wconf 84' lang='lat' dir='ltr'><strong>timore</strong></span> <span class='ocrx_word' id='word_1_561' title='bbox 2693 3012 2807 3077; x_wconf 81' lang='lat' dir='ltr'><strong>Dei,</strong></span> <span class='ocrx_word' id='word_1_562' title='bbox 2841 3015 3200 3068; x_wconf 89' lang='lat' dir='ltr'><strong>emundamus</strong></span> <span class='ocrx_word' id='word_1_563' title='bbox 3235 3030 3350 3070; x_wconf 81' lang='lat' dir='ltr'><strong>car-</strong></span> 
     </span>
    </p>
   </div>
   <div class='ocr_carea' id='block_1_75' title="bbox 1777 3102 3348 3174">
    <p class='ocr_par' dir='ltr' id='par_1_75' title="bbox 1777 3102 3348 3174">
     <span class='ocr_line' id='line_1_75' title="bbox 1777 3102 3348 3174; baseline 0.004 -21"><span class='ocrx_word' id='word_1_564' title='bbox 1777 3114 1896 3154; x_wconf 88' lang='lat' dir='ltr'><strong>nem</strong></span> <span class='ocrx_word' id='word_1_565' title='bbox 1938 3109 2178 3154; x_wconf 89' lang='lat' dir='ltr'><strong>nostram</strong></span> <span class='ocrx_word' id='word_1_566' title='bbox 2231 3109 2286 3154; x_wconf 90' lang='lat' dir='ltr'><strong>et</strong></span> <span class='ocrx_word' id='word_1_567' title='bbox 2334 3102 2582 3171; x_wconf 88' lang='lat' dir='ltr'><strong>spiritum</strong></span> <span class='ocrx_word' id='word_1_568' title='bbox 2615 3104 2683 3158; x_wconf 90' lang='lat' dir='ltr'><strong>ab</strong></span> <span class='ocrx_word' id='word_1_569' title='bbox 2732 3104 3137 3173; x_wconf 84' lang='lat' dir='ltr'><strong>inquinatione;</strong></span> <span class='ocrx_word' id='word_1_570' title='bbox 3168 3107 3348 3174; x_wconf 85' lang='lat' dir='ltr'><strong>palam</strong></span> 
     </span>
    </p>
   </div>
   <div class='ocr_carea' id='block_1_76' title="bbox 1777 3194 3353 3265">
    <p class='ocr_par' dir='ltr' id='par_1_76' title="bbox 1777 3194 3353 3265">
     <span class='ocr_line' id='line_1_76' title="bbox 1777 3194 3353 3265; baseline 0.002 -17"><span class='ocrx_word' id='word_1_571' title='bbox 1777 3203 1860 3249; x_wconf 92' lang='lat' dir='ltr'><strong>est</strong></span> <span class='ocrx_word' id='word_1_572' title='bbox 1892 3195 2186 3247; x_wconf 88' lang='lat' dir='ltr'><strong>accedente</strong></span> <span class='ocrx_word' id='word_1_573' title='bbox 2211 3195 2364 3249; x_wconf 87' lang='lat' dir='ltr'><strong>nobis</strong></span> <span class='ocrx_word' id='word_1_574' title='bbox 2392 3194 2684 3250; x_wconf 86' lang='lat' dir='ltr'><strong>sanctitate</strong></span> <span class='ocrx_word' id='word_1_575' title='bbox 2708 3197 2849 3249; x_wconf 83' lang='lat' dir='ltr'><strong>istud</strong></span> <span class='ocrx_word' id='word_1_576' title='bbox 2880 3196 3147 3265; x_wconf 72' lang='lat' dir='ltr'><strong>prazstari.</strong></span> <span class='ocrx_word' id='word_1_577' title='bbox 3198 3196 3353 3252; x_wconf 82' lang='lat' dir='ltr'><strong>Sicut</strong></span> 
     </span>
    </p>
   </div>
   <div class='ocr_carea' id='block_1_77' title="bbox 1772 3286 3352 3358">
    <p class='ocr_par' dir='ltr' id='par_1_77' title="bbox 1772 3286 3352 3358">
     <span class='ocr_line' id='line_1_77' title="bbox 1772 3286 3352 3358; baseline 0.001 -17"><span class='ocrx_word' id='word_1_578' title='bbox 1772 3287 1913 3342; x_wconf 88' lang='lat' dir='ltr'><strong>enim</strong></span> <span class='ocrx_word' id='word_1_579' title='bbox 1943 3286 2155 3340; x_wconf 88' lang='lat' dir='ltr'><strong>animus</strong></span> <span class='ocrx_word' id='word_1_580' title='bbox 2181 3286 2249 3341; x_wconf 78' lang='lat' dir='ltr'><strong>ab</strong></span> <span class='ocrx_word' id='word_1_581' title='bbox 2283 3287 2581 3356; x_wconf 80' lang='lat' dir='ltr'><strong>ignorantia</strong></span> <span class='ocrx_word' id='word_1_582' title='bbox 2612 3302 2676 3342; x_wconf 85' lang='lat' dir='ltr'><strong>ac</strong></span> <span class='ocrx_word' id='word_1_583' title='bbox 2715 3286 2991 3354; x_wconf 80' lang='lat' dir='ltr'><strong>injustitiis</strong></span> <span class='ocrx_word' id='word_1_584' title='bbox 3032 3298 3352 3358; x_wconf 78' lang='lat' dir='ltr'><strong>repurgatur</strong></span> 
     </span>
    </p>
   </div>
   <div class='ocr_carea' id='block_1_78' title="bbox 1772 3377 3352 3451">
    <p class='ocr_par' dir='ltr' id='par_1_78' title="bbox 1772 3377 3352 3451">
     <span class='ocr_line' id='line_1_78' title="bbox 1772 3377 3352 3451; baseline -0.002 -16"><span class='ocrx_word' id='word_1_585' title='bbox 1772 3395 1834 3435; x_wconf 82' lang='lat' dir='ltr'><strong>ea</strong></span> <span class='ocrx_word' id='word_1_586' title='bbox 1866 3381 2093 3443; x_wconf 87' lang='lat' dir='ltr'><strong>ratione,</strong></span> <span class='ocrx_word' id='word_1_587' title='bbox 2129 3380 2271 3449; x_wconf 88' lang='lat' dir='ltr'><strong>quod</strong></span> <span class='ocrx_word' id='word_1_588' title='bbox 2333 3381 2557 3434; x_wconf 88' lang='lat' dir='ltr'><strong>scientia</strong></span> <span class='ocrx_word' id='word_1_589' title='bbox 2585 3390 2637 3451; x_wconf 82' lang='lat' dir='ltr'><strong>et</strong></span> <span class='ocrx_word' id='word_1_590' title='bbox 2683 3377 2890 3447; x_wconf 74' lang='lat' dir='ltr'><strong>iustitia</strong></span> <span class='ocrx_word' id='word_1_591' title='bbox 2942 3379 3017 3435; x_wconf 89' lang='lat' dir='ltr'><strong>illi</strong></span> <span class='ocrx_word' id='word_1_592' title='bbox 3065 3380 3352 3433; x_wconf 70' lang='lat' dir='ltr'><strong>adveniant</strong></span> 
     </span>
    </p>
   </div>
   <div class='ocr_carea' id='block_1_79' title="bbox 1774 3469 3345 3542">
    <p class='ocr_par' dir='ltr' id='par_1_79' title="bbox 1774 3469 3345 3542">
     <span class='ocr_line' id='line_1_79' title="bbox 1774 3469 3345 3542; baseline -0.001 -17"><span class='ocrx_word' id='word_1_593' title='bbox 1774 3471 1919 3542; x_wconf 82' lang='lat' dir='ltr'><strong>(fuga</strong></span> <span class='ocrx_word' id='word_1_594' title='bbox 1968 3472 2110 3526; x_wconf 89' lang='lat' dir='ltr'><strong>enim</strong></span> <span class='ocrx_word' id='word_1_595' title='bbox 2169 3471 2306 3539; x_wconf 88' lang='lat' dir='ltr'><strong>vitii,</strong></span> <span class='ocrx_word' id='word_1_596' title='bbox 2331 3487 2360 3524; x_wconf 86' lang='lat' dir='ltr'><strong>a</strong></span> <span class='ocrx_word' id='word_1_597' title='bbox 2399 3472 2672 3526; x_wconf 88' lang='lat' dir='ltr'><strong>contrario</strong></span> <span class='ocrx_word' id='word_1_598' title='bbox 2700 3472 2885 3525; x_wconf 81' lang='lat' dir='ltr'><strong>virtuti</strong></span> <span class='ocrx_word' id='word_1_599' title='bbox 2919 3470 3124 3524; x_wconf 86' lang='lat' dir='ltr'><strong>aditum</strong></span> <span class='ocrx_word' id='word_1_600' title='bbox 3163 3469 3345 3539; x_wconf 85' lang='lat' dir='ltr'><strong>facit),</strong></span> 
     </span>
    </p>
   </div>
   <div class='ocr_carea' id='block_1_80' title="bbox 1773 3562 3350 3631">
    <p class='ocr_par' dir='ltr' id='par_1_80' title="bbox 1773 3562 3350 3631">
     <span class='ocr_line' id='line_1_80' title="bbox 1773 3562 3350 3631; baseline -0.002 -12"><span class='ocrx_word' id='word_1_601' title='bbox 1773 3564 1853 3619; x_wconf 90' lang='lat' dir='ltr'><strong>sic</strong></span> <span class='ocrx_word' id='word_1_602' title='bbox 1878 3563 2324 3619; x_wconf 83' lang='lat' dir='ltr'><strong>sanctiﬁcationis</strong></span> <span class='ocrx_word' id='word_1_603' title='bbox 2348 3564 2605 3628; x_wconf 88' lang='lat' dir='ltr'><strong>adventu,</strong></span> <span class='ocrx_word' id='word_1_604' title='bbox 2631 3578 2760 3618; x_wconf 91' lang='lat' dir='ltr'><strong>caro</strong></span> <span class='ocrx_word' id='word_1_605' title='bbox 2786 3573 2840 3618; x_wconf 88' lang='lat' dir='ltr'><strong>et</strong></span> <span class='ocrx_word' id='word_1_606' title='bbox 2881 3562 3103 3631; x_wconf 84' lang='lat' dir='ltr'><strong>spiritus</strong></span> <span class='ocrx_word' id='word_1_607' title='bbox 3157 3564 3225 3618; x_wconf 90' lang='lat' dir='ltr'><strong>ab</strong></span> <span class='ocrx_word' id='word_1_608' title='bbox 3267 3564 3350 3616; x_wconf 90' lang='lat' dir='ltr'><strong>in-</strong></span> 
     </span>
    </p>
   </div>
   <div class='ocr_carea' id='block_1_81' title="bbox 1774 3654 3351 3724">
    <p class='ocr_par' dir='ltr' id='par_1_81' title="bbox 1774 3654 3351 3724">
     <span class='ocr_line' id='line_1_81' title="bbox 1774 3654 3351 3724; baseline 0.001 -17"><span class='ocrx_word' id='word_1_609' title='bbox 1774 3654 2122 3724; x_wconf 88' lang='lat' dir='ltr'><strong>quinamento</strong></span> <span class='ocrx_word' id='word_1_610' title='bbox 2150 3654 2456 3709; x_wconf 87' lang='lat' dir='ltr'><strong>mundatur.</strong></span> <span class='ocrx_word' id='word_1_611' title='bbox 2490 3654 2793 3709; x_wconf 84' lang='lat' dir='ltr'><strong>Hic-autem</strong></span> <span class='ocrx_word' id='word_1_612' title='bbox 2823 3654 3070 3724; x_wconf 85' lang='lat' dir='ltr'><strong>spiritum</strong></span> <span class='ocrx_word' id='word_1_613' title='bbox 3115 3656 3351 3708; x_wconf 78' lang='lat' dir='ltr'><strong>animam</strong></span> 
     </span>
    </p>
   </div>
   <div class='ocr_carea' id='block_1_82' title="bbox 1775 3744 3351 3816">
    <p class='ocr_par' dir='ltr' id='par_1_82' title="bbox 1775 3744 3351 3816">
     <span class='ocr_line' id='line_1_82' title="bbox 1775 3744 3351 3816; baseline 0.002 -17"><span class='ocrx_word' id='word_1_614' title='bbox 1775 3744 2059 3813; x_wconf 81' lang='lat' dir='ltr'><strong>signiﬁcat,</strong></span> <span class='ocrx_word' id='word_1_615' title='bbox 2089 3747 2408 3800; x_wconf 88' lang='lat' dir='ltr'><strong>sicutetiam</strong></span> <span class='ocrx_word' id='word_1_616' title='bbox 2444 3747 2496 3800; x_wconf 82' lang='lat' dir='ltr'><strong>in</strong></span> <span class='ocrx_word' id='word_1_617' title='bbox 2538 3748 2764 3801; x_wconf 74' lang='lat' dir='ltr'><strong>Artibus</strong></span> <span class='ocrx_word' id='word_1_618' title='bbox 2802 3747 3164 3816; x_wconf 87' lang='lat' dir='ltr'><strong>apostolorum</strong></span> <span class='ocrx_word' id='word_1_619' title='bbox 3224 3747 3351 3802; x_wconf 46' lang='lat' dir='ltr'><strong>Ste‘</strong></span> 
     </span>
    </p>
   </div>
   <div class='ocr_carea' id='block_1_83' title="bbox 1775 3834 3354 3907">
    <p class='ocr_par' dir='ltr' id='par_1_83' title="bbox 1775 3834 3354 3907">
     <span class='ocr_line' id='line_1_83' title="bbox 1775 3834 3354 3907; baseline 0.001 -19"><span class='ocrx_word' id='word_1_620' title='bbox 1775 3834 1985 3903; x_wconf 90' lang='lat' dir='ltr'><strong>phanus</strong></span> <span class='ocrx_word' id='word_1_621' title='bbox 2042 3836 2316 3905; x_wconf 87' lang='lat' dir='ltr'><strong>apostolus</strong></span> <span class='ocrx_word' id='word_1_622' title='bbox 2356 3839 2480 3888; x_wconf 84' lang='lat' dir='ltr'><strong>dum</strong></span> <span class='ocrx_word' id='word_1_623' title='bbox 2529 3837 2880 3905; x_wconf 81' lang='lat' dir='ltr'><strong>lnpidaretur,</strong></span> <span class='ocrx_word' id='word_1_624' title='bbox 2930 3847 2980 3891; x_wconf 91' lang='lat' dir='ltr'><strong>et</strong></span> <span class='ocrx_word' id='word_1_625' title='bbox 3010 3851 3177 3907; x_wconf 88' lang='lat' dir='ltr'><strong>prope</strong></span> <span class='ocrx_word' id='word_1_626' title='bbox 3207 3849 3354 3892; x_wconf 87' lang='lat' dir='ltr'><strong>esset</strong></span> 
     </span>
    </p>
   </div>
   <div class='ocr_carea' id='block_1_84' title="bbox 1776 3916 3351 3994">
    <p class='ocr_par' dir='ltr' id='par_1_84' title="bbox 1776 3916 3351 3994">
     <span class='ocr_line' id='line_1_84' title="bbox 1776 3916 3351 3994; baseline 0.004 -19"><span class='ocrx_word' id='word_1_627' title='bbox 1776 3924 2092 3988; x_wconf 89' lang='lat' dir='ltr'><strong>moriturus,</strong></span> <span class='ocrx_word' id='word_1_628' title='bbox 2123 3926 2371 3994; x_wconf 87' lang='lat' dir='ltr'><strong>precibus</strong></span> <span class='ocrx_word' id='word_1_629' title='bbox 2400 3929 2465 3980; x_wconf 89' lang='lat' dir='ltr'><strong>ad</strong></span> <span class='ocrx_word' id='word_1_630' title='bbox 2500 3916 2662 3981; x_wconf 76' lang='lat' dir='ltr'><strong>Deum</strong></span> <span class='ocrx_word' id='word_1_631' title='bbox 2701 3928 2875 3982; x_wconf 82' lang='lat' dir='ltr'><strong>dixit:</strong></span> <span class='ocrx_word' id='word_1_632' title='bbox 2928 3927 3149 3983; x_wconf 80' lang='lat' dir='ltr'><strong>Domine</strong></span> <span class='ocrx_word' id='word_1_633' title='bbox 3175 3928 3351 3993; x_wconf 75' lang='lat' dir='ltr'><strong>&#39;Jesu,</strong></span> 
     </span>
    </p>
   </div>
   <div class='ocr_carea' id='block_1_85' title="bbox 1775 4014 3352 4082">
    <p class='ocr_par' dir='ltr' id='par_1_85' title="bbox 1775 4014 3352 4082">
     <span class='ocr_line' id='line_1_85' title="bbox 1775 4014 3352 4082; baseline 0.004 -16"><span class='ocrx_word' id='word_1_634' title='bbox 1775 4015 1978 4081; x_wconf 88' lang='lat' dir='ltr'><strong>suscipe</strong></span> <span class='ocrx_word' id='word_1_635' title='bbox 2008 4015 2248 4082; x_wconf 85' lang='lat' dir='ltr'><strong>spiritum</strong></span> <span class='ocrx_word' id='word_1_636' title='bbox 2274 4032 2441 4069; x_wconf 86' lang='lat' dir='ltr'><strong>meum</strong></span> <span class='ocrx_word' id='word_1_637' title='bbox 2456 4014 2524 4074; x_wconf 78' lang='grc'><strong>⁷⁵.</strong></span> <span class='ocrx_word' id='word_1_638' title='bbox 2557 4016 2670 4070; x_wconf 82' lang='lat' dir='ltr'><strong>Non</strong></span> <span class='ocrx_word' id='word_1_639' title='bbox 2697 4017 2974 4073; x_wconf 82' lang='lat' dir='ltr'><strong>enim-illis</strong></span> <span class='ocrx_word' id='word_1_640' title='bbox 3004 4019 3180 4073; x_wconf 85' lang='lat' dir='ltr'><strong>verbis</strong></span> <span class='ocrx_word' id='word_1_641' title='bbox 3210 4018 3352 4072; x_wconf 83' lang='lat' dir='ltr'><strong>aliud</strong></span> 
     </span>
    </p>
   </div>
   <div class='ocr_carea' id='block_1_86' title="bbox 1776 4101 3262 4175">
    <p class='ocr_par' dir='ltr' id='par_1_86' title="bbox 1776 4101 3262 4175">
     <span class='ocr_line' id='line_1_86' title="bbox 1776 4101 3262 4175; baseline 0.007 -25"><span class='ocrx_word' id='word_1_642' title='bbox 1776 4101 2047 4170; x_wconf 83' lang='lat' dir='ltr'><strong>quidpiam</strong></span> <span class='ocrx_word' id='word_1_643' title='bbox 2085 4102 2330 4171; x_wconf 89' lang='lat' dir='ltr'><strong>spiritum</strong></span> <span class='ocrx_word' id='word_1_644' title='bbox 2360 4120 2515 4158; x_wconf 90' lang='lat' dir='ltr'><strong>suum</strong></span> <span class='ocrx_word' id='word_1_645' title='bbox 2550 4105 2781 4170; x_wconf 81' lang='lat' dir='ltr'><strong>dicebat,</strong></span> <span class='ocrx_word' id='word_1_646' title='bbox 2814 4122 2974 4175; x_wconf 85' lang='lat' dir='ltr'><strong>quam</strong></span> <span class='ocrx_word' id='word_1_647' title='bbox 3005 4108 3262 4161; x_wconf 80' lang='lat' dir='ltr'><strong>animam.</strong></span> 
     </span>
    </p>
   </div>
   <div class='ocr_carea' id='block_1_87' title="bbox 1852 4192 3351 4268">
    <p class='ocr_par' dir='ltr' id='par_1_87' title="bbox 1852 4192 3351 4268">
     <span class='ocr_line' id='line_1_87' title="bbox 1852 4192 3351 4268; baseline 0.004 -21"><span class='ocrx_word' id='word_1_648' title='bbox 1852 4192 1984 4248; x_wconf 88' lang='lat' dir='ltr'><strong>Cum</strong></span> <span class='ocrx_word' id='word_1_649' title='bbox 2013 4193 2175 4263; x_wconf 77' lang='lat' dir='ltr'><strong>igitur</strong></span> <span class='ocrx_word' id='word_1_650' title='bbox 2206 4195 2449 4264; x_wconf 82' lang='lat' dir='ltr'><strong>pluribus</strong></span> <span class='ocrx_word' id='word_1_651' title='bbox 2479 4198 2609 4253; x_wconf 89' lang='lat' dir='ltr'><strong>locis</strong></span> <span class='ocrx_word' id='word_1_652' title='bbox 2641 4213 2771 4254; x_wconf 92' lang='lat' dir='ltr'><strong>caro</strong></span> <span class='ocrx_word' id='word_1_653' title='bbox 2800 4209 2855 4253; x_wconf 90' lang='lat' dir='ltr'><strong>et</strong></span> <span class='ocrx_word' id='word_1_654' title='bbox 2897 4200 3137 4268; x_wconf 86' lang='lat' dir='ltr'><strong>spiritus.</strong></span> <span class='ocrx_word' id='word_1_655' title='bbox 3174 4215 3351 4268; x_wconf 82' lang='lat' dir='ltr'><strong>quan-</strong></span> 
     </span>
    </p>
   </div>
   <div class='ocr_carea' id='block_1_88' title="bbox 1780 4276 3349 4360">
    <p class='ocr_par' dir='ltr' id='par_1_88' title="bbox 1780 4276 3349 4360">
     <span class='ocr_line' id='line_1_88' title="bbox 1780 4276 3349 4360; baseline 0.003 -21"><span class='ocrx_word' id='word_1_656' title='bbox 1780 4284 1953 4354; x_wconf 88' lang='lat' dir='ltr'><strong>doque</strong></span> <span class='ocrx_word' id='word_1_657' title='bbox 1982 4286 2185 4353; x_wconf 84' lang='lat' dir='ltr'><strong>peccati</strong></span> <span class='ocrx_word' id='word_1_658' title='bbox 2218 4287 2491 4352; x_wconf 85' lang='lat' dir='ltr'><strong>dicantur,</strong></span> <span class='ocrx_word' id='word_1_659' title='bbox 2514 4276 2844 4360; x_wconf 79' lang='lat' dir='ltr'><strong>quandoque</strong></span> <span class='ocrx_word' id='word_1_660' title='bbox 2887 4291 3349 4355; x_wconf 78' lang='lat' dir='ltr'><strong>sanctiﬁcationis,</strong></span> 
     </span>
    </p>
   </div>
   <div class='ocr_carea' id='block_1_89' title="bbox 1778 4374 3351 4445">
    <p class='ocr_par' dir='ltr' id='par_1_89' title="bbox 1778 4374 3351 4445">
     <span class='ocr_line' id='line_1_89' title="bbox 1778 4374 3351 4445; baseline 0.001 -17"><span class='ocrx_word' id='word_1_661' title='bbox 1778 4382 1834 4428; x_wconf 86' lang='lat' dir='ltr'><strong>et</strong></span> <span class='ocrx_word' id='word_1_662' title='bbox 1897 4382 2202 4441; x_wconf 79' lang='lat' dir='ltr'><strong>comparata</strong></span> <span class='ocrx_word' id='word_1_663' title='bbox 2276 4377 2341 4428; x_wconf 87' lang='lat' dir='ltr'><strong>ad</strong></span> <span class='ocrx_word' id='word_1_664' title='bbox 2389 4374 2556 4430; x_wconf 81' lang='lat' dir='ltr'><strong>Deum</strong></span> <span class='ocrx_word' id='word_1_665' title='bbox 2611 4377 3044 4445; x_wconf 79' lang='lat' dir='ltr'><strong>glorilicandum,</strong></span> <span class='ocrx_word' id='word_1_666' title='bbox 3104 4390 3351 4430; x_wconf 83' lang='lat' dir='ltr'><strong>neutrum</strong></span> 
     </span>
    </p>
   </div>
   <div class='ocr_carea' id='block_1_90' title="bbox 76 4463 1675 4551">
    <p class='ocr_par' dir='ltr' id='par_1_90' title="bbox 76 4463 1671 4545">
     <span class='ocr_line' id='line_1_90' title="bbox 76 4463 1671 4545; baseline 0.005 -31"><span class='ocrx_word' id='word_1_667' title='bbox 76 4464 116 4533; x_wconf 78' lang='grc' dir='ltr'>ἦ</span> <span class='ocrx_word' id='word_1_668' title='bbox 156 4463 374 4532; x_wconf 83' lang='grc' dir='ltr'><em>ἀγαθόν</em></span> <span class='ocrx_word' id='word_1_669' title='bbox 402 4465 573 4545; x_wconf 60' lang='grc' dir='ltr'><em>ἐστινξ</em></span> <span class='ocrx_word' id='word_1_670' title='bbox 596 4464 708 4518; x_wconf 88' lang='grc' dir='ltr'><em>ἀλλ’</em></span> <span class='ocrx_word' id='word_1_671' title='bbox 732 4467 1091 4532; x_wconf 81' lang='grc' dir='ltr'><em>αὐτεξουσίως</em></span> <span class='ocrx_word' id='word_1_672' title='bbox 1113 4470 1386 4542; x_wconf 84' lang='grc' dir='ltr'><em>ἑκατέρων</em></span> <span class='ocrx_word' id='word_1_673' title='bbox 1405 4470 1671 4525; x_wconf 79' lang='grc' dir='ltr'><strong>δεκτικὸν⁸</strong></span> 
     </span>
    </p>
   </div>
   <div class='ocr_carea' id='block_1_91' title="bbox 1833 4463 3349 4551">
    <p class='ocr_par' dir='ltr' id='par_1_91' title="bbox 1836 4468 3349 4538">
     <span class='ocr_line' id='line_1_91' title="bbox 1836 4468 3349 4538; baseline 0.003 -19"><span class='ocrx_word' id='word_1_674' title='bbox 1836 4480 2017 4519; x_wconf 89' lang='lat' dir='ltr'><strong>sorum</strong></span> <span class='ocrx_word' id='word_1_675' title='bbox 2070 4476 2259 4520; x_wconf 82' lang='lat' dir='ltr'><strong>natura</strong></span> <span class='ocrx_word' id='word_1_676' title='bbox 2313 4468 2511 4521; x_wconf 89' lang='lat' dir='ltr'><strong>malum</strong></span> <span class='ocrx_word' id='word_1_677' title='bbox 2557 4471 2631 4524; x_wconf 89' lang='lat' dir='ltr'><strong>sit</strong></span> <span class='ocrx_word' id='word_1_678' title='bbox 2679 4482 2771 4524; x_wconf 88' lang='lat' dir='ltr'><strong>aut</strong></span> <span class='ocrx_word' id='word_1_679' title='bbox 2806 4472 3035 4534; x_wconf 87' lang='lat' dir='ltr'><strong>bonum;</strong></span> <span class='ocrx_word' id='word_1_680' title='bbox 3075 4469 3168 4522; x_wconf 89' lang='lat' dir='ltr'><strong>sed</strong></span> <span class='ocrx_word' id='word_1_681' title='bbox 3204 4470 3349 4538; x_wconf 82' lang='lat' dir='ltr'><strong>ejus-</strong></span> 
     </span>
    </p>
   </div>
   <div class='ocr_carea' id='block_1_92' title="bbox 76 4555 1673 4634">
    <p class='ocr_par' dir='ltr' id='par_1_92' title="bbox 76 4555 1673 4634">
     <span class='ocr_line' id='line_1_92' title="bbox 76 4555 1673 4634; baseline 0.007 -28"><span class='ocrx_word' id='word_1_682' title='bbox 76 4556 115 4625; x_wconf 75' lang='grc' dir='ltr'><strong>ἢ</strong></span> <span class='ocrx_word' id='word_1_683' title='bbox 158 4555 323 4627; x_wconf 69' lang='grc' dir='ltr'><em>παρὰ</em></span> <span class='ocrx_word' id='word_1_684' title='bbox 363 4556 485 4627; x_wconf 78' lang='grc' dir='ltr'><em>τὴν</em></span> <span class='ocrx_word' id='word_1_685' title='bbox 509 4558 702 4627; x_wconf 84' lang='grc' dir='ltr'><em>χρῆσιν</em></span> <span class='ocrx_word' id='word_1_686' title='bbox 736 4559 827 4612; x_wconf 87' lang='grc' dir='ltr'><strong>τοῦ</strong></span> <span class='ocrx_word' id='word_1_687' title='bbox 866 4560 1077 4630; x_wconf 77' lang='grc' dir='ltr'><em>ἔχοντος</em></span> <span class='ocrx_word' id='word_1_688' title='bbox 1110 4561 1215 4615; x_wconf 82' lang='grc' dir='ltr'><em>ἀνὰ</em></span> <span class='ocrx_word' id='word_1_689' title='bbox 1240 4564 1404 4634; x_wconf 83' lang='grc' dir='ltr'><em>μέρος</em></span> <span class='ocrx_word' id='word_1_690' title='bbox 1441 4563 1673 4633; x_wconf 84' lang='grc' dir='ltr'><em>δέχεται,</em></span> 
     </span>
    </p>
   </div>
   <div class='ocr_carea' id='block_1_93' title="bbox 76 4646 1679 4725">
    <p class='ocr_par' dir='ltr' id='par_1_93' title="bbox 76 4646 1679 4725">
     <span class='ocr_line' id='line_1_93' title="bbox 76 4646 1679 4725; baseline 0.004 -25"><span class='ocrx_word' id='word_1_691' title='bbox 76 4649 174 4701; x_wconf 79' lang='grc' dir='ltr'><strong>ὁτὲ</strong></span> <span class='ocrx_word' id='word_1_692' title='bbox 204 4650 316 4719; x_wconf 78' lang='grc' dir='ltr'><em>μὲν</em></span> <span class='ocrx_word' id='word_1_693' title='bbox 348 4648 630 4721; x_wconf 80' lang='grc' dir='ltr'><em>ἁμαρτίας</em></span> <span class='ocrx_word' id='word_1_694' title='bbox 669 4646 830 4714; x_wconf 80' lang='grc' dir='ltr'><em>εἶναι,</em></span> <span class='ocrx_word' id='word_1_695' title='bbox 862 4651 952 4705; x_wconf 83' lang='grc' dir='ltr'><strong>ὁτὲ</strong></span> <span class='ocrx_word' id='word_1_696' title='bbox 989 4652 1047 4706; x_wconf 89' lang='grc' dir='ltr'><em>δὲ</em></span> <span class='ocrx_word' id='word_1_697' title='bbox 1068 4653 1378 4725; x_wconf 85' lang='grc' dir='ltr'><em>ἀγιασμοῦ;</em></span> <span class='ocrx_word' id='word_1_698' title='bbox 1409 4655 1472 4708; x_wconf 77' lang='grc' dir='ltr'><strong>Εἰ</strong></span> <span class='ocrx_word' id='word_1_699' title='bbox 1505 4655 1560 4707; x_wconf 82' lang='grc' dir='ltr'><em>δὲ</em></span> <span class='ocrx_word' id='word_1_700' title='bbox 1584 4654 1679 4708; x_wconf 71' lang='grc' dir='ltr'><strong>καὶ</strong></span> 
     </span>
    </p>
   </div>
   <div class='ocr_carea' id='block_1_94' title="bbox 75 4732 1680 4817">
    <p class='ocr_par' dir='ltr' id='par_1_94' title="bbox 75 4732 1680 4817">
     <span class='ocr_line' id='line_1_94' title="bbox 75 4732 1680 4817; baseline 0.004 -26"><span class='ocrx_word' id='word_1_701' title='bbox 75 4732 146 4791; x_wconf 70' lang='grc' dir='ltr'><strong>’έὸ</strong></span> <span class='ocrx_word' id='word_1_702' title='bbox 194 4740 373 4810; x_wconf 77' lang='grc' dir='ltr'><em>ῥητὸν</em></span> <span class='ocrx_word' id='word_1_703' title='bbox 394 4741 736 4808; x_wconf 83' lang='grc' dir='ltr'><em>ἀγνοοῦντες,</em></span> <span class='ocrx_word' id='word_1_704' title='bbox 779 4743 869 4812; x_wconf 79' lang='grc' dir='ltr'><strong>ἀφ’</strong></span> <span class='ocrx_word' id='word_1_705' title='bbox 902 4737 963 4797; x_wconf 75' lang='grc' dir='ltr'><em>οὗ</em></span> <span class='ocrx_word' id='word_1_706' title='bbox 999 4745 1362 4816; x_wconf 74' lang='grc' dir='ltr'><em>προφέρουσιν</em></span> <span class='ocrx_word' id='word_1_707' title='bbox 1407 4746 1680 4817; x_wconf 85' lang='grc' dir='ltr'><em>ἁμαρτίας</em></span> 
     </span>
    </p>
   </div>
   <div class='ocr_carea' id='block_1_95' title="bbox 78 4827 1679 4908">
    <p class='ocr_par' dir='ltr' id='par_1_95' title="bbox 78 4827 1679 4908">
     <span class='ocr_line' id='line_1_95' title="bbox 78 4827 1679 4908; baseline 0.005 -27"><span class='ocrx_word' id='word_1_708' title='bbox 78 4827 228 4883; x_wconf 77' lang='grc' dir='ltr'><em>εἶναι</em></span> <span class='ocrx_word' id='word_1_709' title='bbox 250 4830 359 4900; x_wconf 78' lang='grc' dir='ltr'><em>τὴν</em></span> <span class='ocrx_word' id='word_1_710' title='bbox 380 4831 581 4901; x_wconf 74' lang='grc' dir='ltr'><em>σάρκα,</em></span> <span class='ocrx_word' id='word_1_711' title='bbox 611 4831 770 4885; x_wconf 82' lang='grc' dir='ltr'><em>τοῦτο</em></span> <span class='ocrx_word' id='word_1_712' title='bbox 802 4834 1110 4905; x_wconf 78' lang='grc' dir='ltr'><em>νομίζουσιν</em></span> <span class='ocrx_word' id='word_1_713' title='bbox 1132 4853 1145 4866; x_wconf 86' lang='grc'><strong>·</strong></span> <span class='ocrx_word' id='word_1_714' title='bbox 1194 4836 1307 4890; x_wconf 86' lang='grc' dir='ltr'><em>ἀλλ’</em></span> <span class='ocrx_word' id='word_1_715' title='bbox 1357 4839 1516 4908; x_wconf 74' lang='grc' dir='ltr'><em>ἡμεῖς</em></span> <span class='ocrx_word' id='word_1_716' title='bbox 1560 4838 1679 4890; x_wconf 83' lang='grc' dir='ltr'><em>ὅλον</em></span> 
     </span>
    </p>
   </div>
   <div class='ocr_carea' id='block_1_96' title="bbox 77 4922 1680 4999">
    <p class='ocr_par' dir='ltr' id='par_1_96' title="bbox 77 4922 1680 4999">
     <span class='ocr_line' id='line_1_96' title="bbox 77 4922 1680 4999; baseline 0.004 -26"><span class='ocrx_word' id='word_1_717' title='bbox 77 4922 224 4974; x_wconf 71' lang='grc' dir='ltr'><em>αὐτὸ</em></span> <span class='ocrx_word' id='word_1_718' title='bbox 250 4922 503 4991; x_wconf 84' lang='grc' dir='ltr'><em>Θέμενοι,</em></span> <span class='ocrx_word' id='word_1_719' title='bbox 539 4922 635 4994; x_wconf 78' lang='grc' dir='ltr'><em>τὴν</em></span> <span class='ocrx_word' id='word_1_720' title='bbox 659 4923 894 4979; x_wconf 79' lang='grc' dir='ltr'><em>διάνοιαν</em></span> <span class='ocrx_word' id='word_1_721' title='bbox 919 4926 1158 4999; x_wconf 71' lang='grc' dir='ltr'><em>φανερὰν</em></span> <span class='ocrx_word' id='word_1_722' title='bbox 1186 4929 1505 4999; x_wconf 83' lang='grc' dir='ltr'><em>ποιήσομεν.</em></span> <span class='ocrx_word' id='word_1_723' title='bbox 1528 4929 1680 4998; x_wconf 87' lang='grc' dir='ltr'><em>Ἔχει</em></span> 
     </span>
    </p>
   </div>
   <div class='ocr_carea' id='block_1_97' title="bbox 77 5013 376 5077">
    <p class='ocr_par' dir='ltr' id='par_1_97' title="bbox 77 5013 376 5077">
     <span class='ocr_line' id='line_1_97' title="bbox 77 5013 376 5077; baseline 0.01 -12"><span class='ocrx_word' id='word_1_724' title='bbox 77 5013 146 5065; x_wconf 73' lang='grc' dir='ltr'><em>δὲ</em></span> <span class='ocrx_word' id='word_1_725' title='bbox 165 5014 376 5077; x_wconf 70' lang='grc' dir='ltr'><em>οὕτως.</em></span> 
     </span>
    </p>
   </div>
   <div class='ocr_carea' id='block_1_98' title="bbox 1785 4554 3348 4627">
    <p class='ocr_par' dir='ltr' id='par_1_98' title="bbox 1785 4554 3348 4627">
     <span class='ocr_line' id='line_1_98' title="bbox 1785 4554 3348 4627; baseline -0.001 -17"><span class='ocrx_word' id='word_1_726' title='bbox 1785 4555 1948 4617; x_wconf 87' lang='lat' dir='ltr'><strong>modi,</strong></span> <span class='ocrx_word' id='word_1_727' title='bbox 1975 4565 2033 4608; x_wconf 90' lang='lat' dir='ltr'><strong>ut</strong></span> <span class='ocrx_word' id='word_1_728' title='bbox 2057 4554 2225 4610; x_wconf 89' lang='lat' dir='ltr'><strong>libera</strong></span> <span class='ocrx_word' id='word_1_729' title='bbox 2244 4557 2521 4612; x_wconf 84' lang='lat' dir='ltr'><strong>voluntate</strong></span> <span class='ocrx_word' id='word_1_730' title='bbox 2544 4569 2832 4627; x_wconf 85' lang='lat' dir='ltr'><strong>utrumque</strong></span> <span class='ocrx_word' id='word_1_731' title='bbox 2859 4560 3096 4627; x_wconf 82' lang='lat' dir='ltr'><strong>recipere</strong></span> <span class='ocrx_word' id='word_1_732' title='bbox 3112 4558 3348 4627; x_wconf 87' lang='lat' dir='ltr'><strong>possint:</strong></span> 
     </span>
    </p>
   </div>
   <div class='ocr_carea' id='block_1_99' title="bbox 1778 4645 3354 4720">
    <p class='ocr_par' dir='ltr' id='par_1_99' title="bbox 1778 4645 3354 4720">
     <span class='ocr_line' id='line_1_99' title="bbox 1778 4645 3354 4720; baseline 0.001 -22"><span class='ocrx_word' id='word_1_733' title='bbox 1778 4657 1955 4698; x_wconf 85' lang='lat' dir='ltr'><strong>nonne</strong></span> <span class='ocrx_word' id='word_1_734' title='bbox 1999 4657 2065 4697; x_wconf 83' lang='lat' dir='ltr'><strong>ex</strong></span> <span class='ocrx_word' id='word_1_735' title='bbox 2110 4645 2226 4712; x_wconf 88' lang='lat' dir='ltr'><strong>ejus</strong></span> <span class='ocrx_word' id='word_1_736' title='bbox 2264 4645 2353 4713; x_wconf 92' lang='lat' dir='ltr'><strong>qui</strong></span> <span class='ocrx_word' id='word_1_737' title='bbox 2409 4646 2601 4720; x_wconf 77' lang='lat' dir='ltr'><strong>habeat</strong></span> <span class='ocrx_word' id='word_1_738' title='bbox 2646 4663 2765 4712; x_wconf 85' lang='lat' dir='ltr'><strong>usu,</strong></span> <span class='ocrx_word' id='word_1_739' title='bbox 2819 4647 3089 4716; x_wconf 75' lang='lat' dir='ltr'><strong>sigillatim</strong></span> <span class='ocrx_word' id='word_1_740' title='bbox 3131 4656 3231 4709; x_wconf 85' lang='lat' dir='ltr'><strong>est,</strong></span> <span class='ocrx_word' id='word_1_741' title='bbox 3296 4654 3354 4700; x_wconf 91' lang='lat' dir='ltr'><strong>ut</strong></span> 
     </span>
    </p>
   </div>
   <div class='ocr_carea' id='block_1_100' title="bbox 1778 4734 3351 4803">
    <p class='ocr_par' dir='ltr' id='par_1_100' title="bbox 1778 4734 3351 4803">
     <span class='ocr_line' id='line_1_100' title="bbox 1778 4734 3351 4803; baseline -0.001 -14"><span class='ocrx_word' id='word_1_742' title='bbox 1778 4737 1934 4789; x_wconf 86' lang='lat' dir='ltr'><strong>modo</strong></span> <span class='ocrx_word' id='word_1_743' title='bbox 1961 4734 2190 4803; x_wconf 86' lang='lat' dir='ltr'><strong>peccati,</strong></span> <span class='ocrx_word' id='word_1_744' title='bbox 2227 4734 2383 4787; x_wconf 90' lang='lat' dir='ltr'><strong>modo</strong></span> <span class='ocrx_word' id='word_1_745' title='bbox 2409 4734 2853 4790; x_wconf 83' lang='lat' dir='ltr'><strong>sanctiﬁcationis</strong></span> <span class='ocrx_word' id='word_1_746' title='bbox 2896 4735 3179 4789; x_wconf 86' lang='lat' dir='ltr'><strong>dicantur?</strong></span> <span class='ocrx_word' id='word_1_747' title='bbox 3201 4734 3351 4802; x_wconf 85' lang='lat' dir='ltr'><strong>Quod</strong></span> 
     </span>
    </p>
   </div>
   <div class='ocr_carea' id='block_1_101' title="bbox 1778 4816 3354 4894">
    <p class='ocr_par' dir='ltr' id='par_1_101' title="bbox 1778 4816 3354 4894">
     <span class='ocr_line' id='line_1_101' title="bbox 1778 4816 3354 4894; baseline -0.001 -15"><span class='ocrx_word' id='word_1_748' title='bbox 1778 4825 1822 4879; x_wconf 87' lang='lat' dir='ltr'><strong>si</strong></span> <span class='ocrx_word' id='word_1_749' title='bbox 1855 4826 2023 4894; x_wconf 89' lang='lat' dir='ltr'><strong>ipsam</strong></span> <span class='ocrx_word' id='word_1_750' title='bbox 2058 4838 2272 4893; x_wconf 87' lang='lat' dir='ltr'><strong>quoque</strong></span> <span class='ocrx_word' id='word_1_751' title='bbox 2305 4816 2679 4880; x_wconf 88' lang='lat' dir='ltr'><strong>auctoritatem</strong></span> <span class='ocrx_word' id='word_1_752' title='bbox 2703 4826 3028 4891; x_wconf 85' lang='lat' dir='ltr'><strong>nescientes,</strong></span> <span class='ocrx_word' id='word_1_753' title='bbox 3063 4817 3203 4879; x_wconf 74' lang='lat' dir='ltr'><strong>unde</strong></span> <span class='ocrx_word' id='word_1_754' title='bbox 3230 4839 3354 4892; x_wconf 83' lang='lat' dir='ltr'><strong>pru-</strong></span> 
     </span>
    </p>
   </div>
   <div class='ocr_carea' id='block_1_102' title="bbox 1778 4914 3355 4982">
    <p class='ocr_par' dir='ltr' id='par_1_102' title="bbox 1778 4914 3355 4982">
     <span class='ocr_line' id='line_1_102' title="bbox 1778 4914 3355 4982; baseline 0 -14"><span class='ocrx_word' id='word_1_755' title='bbox 1778 4914 1955 4969; x_wconf 77' lang='lat' dir='ltr'><strong>i‘erunt</strong></span> <span class='ocrx_word' id='word_1_756' title='bbox 2004 4928 2123 4968; x_wconf 89' lang='lat' dir='ltr'><strong>esse</strong></span> <span class='ocrx_word' id='word_1_757' title='bbox 2170 4930 2388 4969; x_wconf 81' lang='lat' dir='ltr'><strong>carnem</strong></span> <span class='ocrx_word' id='word_1_758' title='bbox 2450 4915 2680 4982; x_wconf 81' lang='lat' dir='ltr'><strong>peccati,</strong></span> <span class='ocrx_word' id='word_1_759' title='bbox 2738 4916 2808 4968; x_wconf 85' lang='lat' dir='ltr'><strong>ita</strong></span> <span class='ocrx_word' id='word_1_760' title='bbox 2868 4916 3212 4977; x_wconf 78' lang='lat' dir='ltr'><strong>existimant;</strong></span> <span class='ocrx_word' id='word_1_761' title='bbox 3256 4929 3355 4968; x_wconf 85' lang='lat' dir='ltr'><strong>nos</strong></span> 
     </span>
    </p>
   </div>
   <div class='ocr_carea' id='block_1_103' title="bbox 1776 5003 3355 5073">
    <p class='ocr_par' dir='ltr' id='par_1_103' title="bbox 1776 5003 3355 5073">
     <span class='ocr_line' id='line_1_103' title="bbox 1776 5003 3355 5073; baseline -0.001 -16"><span class='ocrx_word' id='word_1_762' title='bbox 1776 5007 2051 5058; x_wconf 79' lang='lat' dir='ltr'><strong>enimvero</strong></span> <span class='ocrx_word' id='word_1_763' title='bbox 2076 5003 2485 5071; x_wconf 61' lang='lat' dir='ltr'><strong>integrameam</strong></span> <span class='ocrx_word' id='word_1_764' title='bbox 2516 5018 2794 5073; x_wconf 66' lang='lat' dir='ltr'><strong>ponentes,</strong></span> <span class='ocrx_word' id='word_1_765' title='bbox 2848 5004 3182 5072; x_wconf 84' lang='lat' dir='ltr'><strong>perspicuam</strong></span> <span class='ocrx_word' id='word_1_766' title='bbox 3236 5006 3355 5056; x_wconf 86' lang='lat' dir='ltr'><strong>red-</strong></span> 
     </span>
    </p>
   </div>
   <div class='ocr_carea' id='block_1_104' title="bbox 1779 5093 2870 5149">
    <p class='ocr_par' dir='ltr' id='par_1_104' title="bbox 1779 5093 2870 5149">
     <span class='ocr_line' id='line_1_104' title="bbox 1779 5093 2870 5149; baseline -0.003 -1"><span class='ocrx_word' id='word_1_767' title='bbox 1779 5096 1965 5149; x_wconf 85' lang='lat' dir='ltr'><strong>demus</strong></span> <span class='ocrx_word' id='word_1_768' title='bbox 1991 5095 2332 5149; x_wconf 86' lang='lat' dir='ltr'><strong>sententiam.</strong></span> <span class='ocrx_word' id='word_1_769' title='bbox 2367 5093 2456 5148; x_wconf 81' lang='lat' dir='ltr'><strong>Sic</strong></span> <span class='ocrx_word' id='word_1_770' title='bbox 2482 5103 2659 5146; x_wconf 87' lang='lat' dir='ltr'><strong>autem</strong></span> <span class='ocrx_word' id='word_1_771' title='bbox 2688 5095 2870 5149; x_wconf 86' lang='lat' dir='ltr'><strong>habet.</strong></span> 
     </span>
    </p>
   </div>
   <div class='ocr_carea' id='block_1_105' title="bbox 162 5182 3285 5266">
    <p class='ocr_par' dir='ltr' id='par_1_105' title="bbox 162 5182 3285 5266">
     <span class='ocr_line' id='line_1_105' title="bbox 162 5182 3285 5266; baseline -0.001 -27"><span class='ocrx_word' id='word_1_772' title='bbox 162 5184 303 5239; x_wconf 70' lang='grc' dir='ltr'><em>ειν.</em></span> <span class='ocrx_word' id='word_1_773' title='bbox 344 5182 459 5237; x_wconf 79' lang='lat' dir='ltr'><strong>VII.</strong></span> <span class='ocrx_word' id='word_1_774' title='bbox 499 5182 737 5240; x_wconf 80' lang='lat' dir='ltr'><strong>Christus</strong></span> <span class='ocrx_word' id='word_1_775' title='bbox 780 5203 876 5238; x_wconf 88' lang='lat' dir='ltr'><strong>cur</strong></span> <span class='ocrx_word' id='word_1_776' title='bbox 912 5202 976 5240; x_wconf 76' lang='lat' dir='ltr'><strong>ea;</strong></span> <span class='ocrx_word' id='word_1_777' title='bbox 1017 5187 1211 5255; x_wconf 84' lang='lat' dir='ltr'><strong>virgine</strong></span> <span class='ocrx_word' id='word_1_778' title='bbox 1268 5185 1451 5240; x_wconf 82' lang='lat' dir='ltr'><strong>ortus?</strong></span> <span class='ocrx_word' id='word_1_779' title='bbox 1496 5183 1665 5265; x_wconf 78' lang='lat' dir='ltr'><strong>Lacus</strong></span> <span class='ocrx_word' id='word_1_780' title='bbox 1712 5183 1949 5266; x_wconf 69' lang='lat' dir='ltr'><strong>Apostoli</strong></span> <span class='ocrx_word' id='word_1_781' title='bbox 1999 5184 2054 5237; x_wconf 82' lang='lat' dir='ltr'><strong>in</strong></span> <span class='ocrx_word' id='word_1_782' title='bbox 2096 5182 2423 5240; x_wconf 64' lang='lat' dir='ltr'><strong>Manichacus</strong></span> <span class='ocrx_word' id='word_1_783' title='bbox 2470 5195 2703 5239; x_wconf 77' lang='lat' dir='ltr'><strong>uexatus.</strong></span> <span class='ocrx_word' id='word_1_784' title='bbox 2757 5183 3063 5239; x_wconf 84' lang='lat' dir='ltr'><strong>Similitudo</strong></span> <span class='ocrx_word' id='word_1_785' title='bbox 3109 5184 3285 5237; x_wconf 85' lang='lat' dir='ltr'><strong>carnis</strong></span> 
     </span>
    </p>
   </div>
   <div class='ocr_carea' id='block_1_106' title="bbox 1393 5263 2069 5322">
    <p class='ocr_par' dir='ltr' id='par_1_106' title="bbox 1393 5263 2069 5322">
     <span class='ocr_line' id='line_1_106' title="bbox 1393 5263 2069 5322; baseline -0.003 -14"><span class='ocrx_word' id='word_1_786' title='bbox 1393 5263 1625 5322; x_wconf 79' lang='lat' dir='ltr'><strong>peccati,</strong></span> <span class='ocrx_word' id='word_1_787' title='bbox 1655 5270 1718 5308; x_wconf 80' lang='lat' dir='ltr'><strong>ea:</strong></span> <span class='ocrx_word' id='word_1_788' title='bbox 1755 5263 1896 5307; x_wconf 82' lang='lat' dir='ltr'><strong>coitu</strong></span> <span class='ocrx_word' id='word_1_789' title='bbox 1930 5263 2069 5322; x_wconf 53' lang='lat' dir='ltr'><strong>orta;</strong></span> 
     </span>
    </p>
   </div>
   <div class='ocr_carea' id='block_1_107' title="bbox 182 5343 1676 5417">
    <p class='ocr_par' dir='ltr' id='par_1_107' title="bbox 182 5343 1676 5417">
     <span class='ocr_line' id='line_1_107' title="bbox 182 5343 1676 5417; baseline 0 -18"><span class='ocrx_word' id='word_1_790' title='bbox 182 5347 247 5399; x_wconf 89' lang='lat'><strong>&#39;0</strong></span> <span class='ocrx_word' id='word_1_791' title='bbox 290 5345 441 5409; x_wconf 81' lang='grc' dir='ltr'><em>Θεὸς</em></span> <span class='ocrx_word' id='word_1_792' title='bbox 478 5345 588 5399; x_wconf 81' lang='grc' dir='ltr'><em>τὸν</em></span> <span class='ocrx_word' id='word_1_793' title='bbox 622 5346 759 5400; x_wconf 83' lang='grc' dir='ltr'><em>Υὶὸν</em></span> <span class='ocrx_word' id='word_1_794' title='bbox 782 5345 1000 5401; x_wconf 76' lang='grc' dir='ltr'><em>ἑαυτοῦ</em></span> <span class='ocrx_word' id='word_1_795' title='bbox 1031 5343 1272 5417; x_wconf 70' lang='grc' dir='ltr'><em>πέμψας</em></span> <span class='ocrx_word' id='word_1_796' title='bbox 1293 5346 1364 5400; x_wconf 87' lang='grc' dir='ltr'><em>ἐν</em></span> <span class='ocrx_word' id='word_1_797' title='bbox 1389 5346 1676 5416; x_wconf 83' lang='grc' dir='ltr'><em>ὁμοιώμα-</em></span> 
     </span>
    </p>
   </div>
   <div class='ocr_carea' id='block_1_108' title="bbox 1858 5311 3356 5399">
    <p class='ocr_par' dir='ltr' id='par_1_108' title="bbox 1858 5311 3356 5399">
     <span class='ocr_line' id='line_1_108' title="bbox 1858 5311 3356 5399; baseline -0.001 0"><span class='ocrx_word' id='word_1_798' title='bbox 1858 5344 1997 5399; x_wconf 89' lang='lat' dir='ltr'><strong>Deus</strong></span> <span class='ocrx_word' id='word_1_799' title='bbox 2022 5311 2225 5398; x_wconf 44' lang='lat' dir='ltr'><strong>filium</strong></span> <span class='ocrx_word' id='word_1_800' title='bbox 2258 5361 2409 5399; x_wconf 83' lang='lat' dir='ltr'><strong>suum</strong></span> <span class='ocrx_word' id='word_1_801' title='bbox 2432 5327 2643 5399; x_wconf 75' lang='lat' dir='ltr'><strong>mittens</strong></span> <span class='ocrx_word' id='word_1_802' title='bbox 2675 5325 2734 5397; x_wconf 14' lang='lat' dir='ltr'><strong>in.</strong></span> <span class='ocrx_word' id='word_1_803' title='bbox 2756 5343 3150 5398; x_wconf 78' lang='lat' dir='ltr'><strong>similitudinem</strong></span> <span class='ocrx_word' id='word_1_804' title='bbox 3177 5347 3356 5397; x_wconf 79' lang='lat' dir='ltr'><strong>carnis</strong></span> 
     </span>
    </p>
   </div>
   <div class='ocr_carea' id='block_1_109' title="bbox 84 5433 1675 5507">
    <p class='ocr_par' dir='ltr' id='par_1_109' title="bbox 84 5436 1675 5507">
     <span class='ocr_line' id='line_1_109' title="bbox 84 5436 1675 5507; baseline -0.002 -14"><span class='ocrx_word' id='word_1_805' title='bbox 84 5457 153 5493; x_wconf 78' lang='grc' dir='ltr'><strong>τι</strong></span> <span class='ocrx_word' id='word_1_806' title='bbox 197 5437 430 5506; x_wconf 80' lang='grc' dir='ltr'><em>σαρκὸς</em></span> <span class='ocrx_word' id='word_1_807' title='bbox 458 5437 777 5505; x_wconf 79' lang='grc' dir='ltr'><em>ἁμαρτιας,</em></span> <span class='ocrx_word' id='word_1_808' title='bbox 829 5438 960 5506; x_wconf 75' lang='grc' dir='ltr'><em>περὶ</em></span> <span class='ocrx_word' id='word_1_809' title='bbox 1003 5437 1291 5507; x_wconf 79' lang='grc' dir='ltr'><em>ἁμαρτίας</em></span> <span class='ocrx_word' id='word_1_810' title='bbox 1334 5436 1675 5505; x_wconf 80' lang='grc' dir='ltr'><em>κατέκρινεν</em></span> 
     </span>
    </p>
   </div>
   <div class='ocr_carea' id='block_1_110' title="bbox 1833 5433 3351 5507">
    <p class='ocr_par' dir='ltr' id='par_1_110' title="bbox 1833 5433 3351 5504">
     <span class='ocr_line' id='line_1_110' title="bbox 1833 5433 3351 5504; baseline -0.003 -16"><span class='ocrx_word' id='word_1_811' title='bbox 1833 5436 2004 5498; x_wconf 69' lang='lat' dir='ltr'><strong>eccati,</strong></span> <span class='ocrx_word' id='word_1_812' title='bbox 2036 5435 2100 5489; x_wconf 86' lang='lat' dir='ltr'><strong>de</strong></span> <span class='ocrx_word' id='word_1_813' title='bbox 2131 5446 2341 5504; x_wconf 87' lang='lat' dir='ltr'><strong>peccato</strong></span> <span class='ocrx_word' id='word_1_814' title='bbox 2381 5436 2645 5490; x_wconf 76' lang='lat' dir='ltr'><strong>damnavit</strong></span> <span class='ocrx_word' id='word_1_815' title='bbox 2697 5449 2964 5503; x_wconf 81' lang='lat' dir='ltr'><strong>peccatum</strong></span> <span class='ocrx_word' id='word_1_816' title='bbox 3010 5435 3067 5487; x_wconf 87' lang='lat' dir='ltr'><strong>in</strong></span> <span class='ocrx_word' id='word_1_817' title='bbox 3114 5433 3351 5487; x_wconf 82' lang='lat' dir='ltr'><strong>carne&quot;.</strong></span> 
     </span>
    </p>
   </div>
   <div class='ocr_carea' id='block_1_111' title="bbox 84 5527 1674 5600">
    <p class='ocr_par' dir='ltr' id='par_1_111' title="bbox 84 5527 1674 5600">
     <span class='ocr_line' id='line_1_111' title="bbox 84 5527 1674 5600; baseline -0.002 -14"><span class='ocrx_word' id='word_1_818' title='bbox 84 5531 219 5600; x_wconf 72' lang='grc' dir='ltr'><em>τὴν</em></span> <span class='ocrx_word' id='word_1_819' title='bbox 240 5529 535 5599; x_wconf 76' lang='grc' dir='ltr'><em>ἁμαρτίαν</em></span> <span class='ocrx_word' id='word_1_820' title='bbox 561 5529 633 5583; x_wconf 70' lang='grc' dir='ltr'><em>ἐν</em></span> <span class='ocrx_word' id='word_1_821' title='bbox 653 5527 724 5597; x_wconf 76' lang='grc' dir='ltr'><strong>τῇ</strong></span> <span class='ocrx_word' id='word_1_822' title='bbox 747 5530 946 5598; x_wconf 73' lang='grc' dir='ltr'><em>σαρκί.</em></span> <span class='ocrx_word' id='word_1_823' title='bbox 983 5530 1047 5581; x_wconf 90' lang='grc' dir='ltr'><strong>Ὃ</strong></span> <span class='ocrx_word' id='word_1_824' title='bbox 1072 5528 1218 5598; x_wconf 82' lang='grc' dir='ltr'><em>λέγει</em></span> <span class='ocrx_word' id='word_1_825' title='bbox 1240 5527 1479 5583; x_wconf 79' lang='grc' dir='ltr'><em>τοιοῦτόν</em></span> <span class='ocrx_word' id='word_1_826' title='bbox 1506 5529 1674 5583; x_wconf 84' lang='grc' dir='ltr'><em>ἑστιν.</em></span> 
     </span>
    </p>
   </div>
   <div class='ocr_carea' id='block_1_112' title="bbox 1760 5525 3354 5606">
    <p class='ocr_par' dir='ltr' id='par_1_112' title="bbox 1760 5525 3354 5606">
     <span class='ocr_line' id='line_1_112' title="bbox 1760 5525 3354 5606; baseline -0.003 -26"><span class='ocrx_word' id='word_1_827' title='bbox 1760 5528 1936 5596; x_wconf 86' lang='lat' dir='ltr'><strong>Quod</strong></span> <span class='ocrx_word' id='word_1_828' title='bbox 1967 5527 2123 5593; x_wconf 89' lang='lat' dir='ltr'><strong>dicit,</strong></span> <span class='ocrx_word' id='word_1_829' title='bbox 2158 5527 2421 5597; x_wconf 84' lang='lat' dir='ltr'><strong>ejusmodi</strong></span> <span class='ocrx_word' id='word_1_830' title='bbox 2450 5536 2554 5582; x_wconf 88' lang='lat' dir='ltr'><strong>est.</strong></span> <span class='ocrx_word' id='word_1_831' title='bbox 2603 5525 2854 5606; x_wconf 85' lang='lat' dir='ltr'><strong>Omnium</strong></span> <span class='ocrx_word' id='word_1_832' title='bbox 2906 5526 3178 5581; x_wconf 87' lang='lat' dir='ltr'><strong>hominum</strong></span> <span class='ocrx_word' id='word_1_833' title='bbox 3227 5537 3354 5578; x_wconf 82' lang='lat' dir='ltr'><strong>caro</strong></span> 
     </span>
    </p>
   </div>
   <div class='ocr_carea' id='block_1_113' title="bbox 180 5767 2432 5843">
    <p class='ocr_par' dir='ltr' id='par_1_113' title="bbox 180 5767 2432 5843">
     <span class='ocr_line' id='line_1_113' title="bbox 180 5767 2432 5843; baseline -0.001 -13"><span class='ocrx_word' id='word_1_834' title='bbox 180 5775 225 5810; x_wconf 83' lang='lat'><strong>&quot;</strong></span> <span class='ocrx_word' id='word_1_835' title='bbox 260 5774 281 5830; x_wconf 81' lang='lat' dir='ltr'><strong>l</strong></span> <span class='ocrx_word' id='word_1_836' title='bbox 337 5775 532 5834; x_wconf 73' lang='lat' dir='ltr'><strong>Thess.</strong></span> <span class='ocrx_word' id='word_1_837' title='bbox 578 5788 635 5843; x_wconf 76' lang='grc' dir='ltr'><strong>ν,</strong></span> <span class='ocrx_word' id='word_1_838' title='bbox 689 5772 783 5830; x_wconf 72' lang='lat'><strong>23.</strong></span> <span class='ocrx_word' id='word_1_839' title='bbox 822 5771 868 5805; x_wconf 85' lang='lat'>&quot;</span> <span class='ocrx_word' id='word_1_840' title='bbox 910 5769 950 5827; x_wconf 88' lang='lat' dir='ltr'><strong>ll</strong></span> <span class='ocrx_word' id='word_1_841' title='bbox 980 5771 1107 5829; x_wconf 84' lang='lat' dir='ltr'><strong>Cor.</strong></span> <span class='ocrx_word' id='word_1_842' title='bbox 1156 5786 1252 5836; x_wconf 85' lang='lat' dir='ltr'><strong>vn,</strong></span> <span class='ocrx_word' id='word_1_843' title='bbox 1307 5770 1359 5825; x_wconf 80' lang='lat' dir='ltr'><strong>‘l.</strong></span> <span class='ocrx_word' id='word_1_844' title='bbox 1433 5768 1481 5805; x_wconf 78' lang='lat'>&quot;</span> <span class='ocrx_word' id='word_1_845' title='bbox 1520 5767 1642 5828; x_wconf 82' lang='lat' dir='ltr'><strong>Act.</strong></span> <span class='ocrx_word' id='word_1_846' title='bbox 1684 5788 1777 5842; x_wconf 77' lang='lat' dir='ltr'><strong>vn,</strong></span> <span class='ocrx_word' id='word_1_847' title='bbox 1806 5774 1894 5831; x_wconf 74' lang='lat'><strong>58.</strong></span> <span class='ocrx_word' id='word_1_848' title='bbox 1967 5770 2432 5840; x_wconf 51' lang='lat' dir='ltr'><strong>&quot;.ﬁonnvmﬁ.</strong></span> 
     </span>
    </p>
   </div>
  </div>
