  <div class='ocr_page' id='page_1' title='image "/cluster/home/n/w/nwhite01/storage/ocr_20150623/39/hvd.32044019207778/555.png"; bbox 0 0 3774 6322; ppageno 0'>
   <div class='ocr_carea' id='block_1_1' title="bbox 407 346 545 404">
    <p class='ocr_par' dir='ltr' id='par_1_1' title="bbox 407 346 545 404">
     <span class='ocr_line' id='line_1_1' title="bbox 407 346 545 404; baseline 0.007 -2"><span class='ocrx_word' id='word_1_1' title='bbox 407 346 545 404; x_wconf 70' lang='lat'><strong>1095</strong></span> 
     </span>
    </p>
   </div>
   <div class='ocr_carea' id='block_1_2' title="bbox 1638 326 2380 387">
    <p class='ocr_par' dir='ltr' id='par_1_2' title="bbox 1638 326 2380 387">
     <span class='ocr_line' id='line_1_2' title="bbox 1638 326 2380 387; baseline -0.008 0"><span class='ocrx_word' id='word_1_2' title='bbox 1638 330 1874 387; x_wconf 77' lang='lat' dir='ltr'><strong>DlDYMl</strong></span> <span class='ocrx_word' id='word_1_3' title='bbox 1915 326 2380 385; x_wconf 73' lang='lat' dir='ltr'><strong>ALEXANDRINI</strong></span> 
     </span>
    </p>
   </div>
   <div class='ocr_carea' id='block_1_3' title="bbox 3530 316 3670 371">
    <p class='ocr_par' dir='ltr' id='par_1_3' title="bbox 3530 316 3670 371">
     <span class='ocr_line' id='line_1_3' title="bbox 3530 316 3670 371; baseline 0 0"><span class='ocrx_word' id='word_1_4' title='bbox 3530 316 3670 371; x_wconf 66' lang='lat'><strong>£096</strong></span> 
     </span>
    </p>
   </div>
   <div class='ocr_carea' id='block_1_4' title="bbox 405 435 1999 534">
    <p class='ocr_par' dir='ltr' id='par_1_4' title="bbox 405 457 1981 534">
     <span class='ocr_line' id='line_1_4' title="bbox 405 457 1981 534; baseline -0.011 -11"><span class='ocrx_word' id='word_1_5' title='bbox 405 485 473 523; x_wconf 83' lang='lat' dir='ltr'><strong>ex</strong></span> <span class='ocrx_word' id='word_1_6' title='bbox 516 464 895 534; x_wconf 78' lang='lat' dir='ltr'><strong>conjunctione</strong></span> <span class='ocrx_word' id='word_1_7' title='bbox 937 463 1038 517; x_wconf 85' lang='lat' dir='ltr'><strong>viri</strong></span> <span class='ocrx_word' id='word_1_8' title='bbox 1103 472 1160 518; x_wconf 87' lang='lat' dir='ltr'><strong>et</strong></span> <span class='ocrx_word' id='word_1_9' title='bbox 1219 459 1430 515; x_wconf 68' lang='lat' dir='ltr'><strong>feminae</strong></span> <span class='ocrx_word' id='word_1_10' title='bbox 1475 457 1707 519; x_wconf 79' lang='lat' dir='ltr'><strong>exsistit,</strong></span> <span class='ocrx_word' id='word_1_11' title='bbox 1760 463 1981 522; x_wconf 89' lang='lat' dir='ltr'><strong>excepta</strong></span> 
     </span>
    </p>
   </div>
   <div class='ocr_carea' id='block_1_5' title="bbox 2125 435 3677 534">
    <p class='ocr_par' dir='ltr' id='par_1_5' title="bbox 2125 435 3677 519">
     <span class='ocr_line' id='line_1_5' title="bbox 2125 435 3677 519; baseline -0.011 -15"><span class='ocrx_word' id='word_1_12' title='bbox 2125 453 2164 505; x_wconf 81' lang='lat' dir='ltr'><strong>il</strong></span> <span class='ocrx_word' id='word_1_13' title='bbox 2202 450 2421 503; x_wconf 81' lang='grc' dir='ltr'>πάντων</span> <span class='ocrx_word' id='word_1_14' title='bbox 2448 444 2749 519; x_wconf 74' lang='grc' dir='ltr'><strong>ἀνθρώπιον</strong></span> <span class='ocrx_word' id='word_1_15' title='bbox 2783 440 2944 516; x_wconf 76' lang='grc' dir='ltr'>σὰρξ,</span> <span class='ocrx_word' id='word_1_16' title='bbox 2986 442 3050 493; x_wconf 75' lang='grc' dir='ltr'>ἐκ</span> <span class='ocrx_word' id='word_1_17' title='bbox 3089 435 3434 506; x_wconf 70' lang='grc' dir='ltr'>συνδυασμοῦ</span> <span class='ocrx_word' id='word_1_18' title='bbox 3467 435 3590 507; x_wconf 74' lang='grc' dir='ltr'>ἔχει</span> <span class='ocrx_word' id='word_1_19' title='bbox 3617 437 3677 487; x_wconf 67' lang='grc' dir='ltr'><strong>τὸ</strong></span> 
     </span>
    </p>
   </div>
   <div class='ocr_carea' id='block_1_6' title="bbox 404 545 1980 626">
    <p class='ocr_par' dir='ltr' id='par_1_6' title="bbox 404 545 1980 626">
     <span class='ocr_line' id='line_1_6' title="bbox 404 545 1980 626; baseline -0.01 -14"><span class='ocrx_word' id='word_1_20' title='bbox 404 573 568 612; x_wconf 90' lang='lat' dir='ltr'><strong>carne</strong></span> <span class='ocrx_word' id='word_1_21' title='bbox 602 555 756 626; x_wconf 86' lang='lat' dir='ltr'><strong>primi</strong></span> <span class='ocrx_word' id='word_1_22' title='bbox 787 557 1021 624; x_wconf 88' lang='lat' dir='ltr'><strong>parentis</strong></span> <span class='ocrx_word' id='word_1_23' title='bbox 1043 563 1097 607; x_wconf 90' lang='lat' dir='ltr'><strong>et</strong></span> <span class='ocrx_word' id='word_1_24' title='bbox 1121 567 1183 608; x_wconf 89' lang='lat' dir='ltr'><strong>ea</strong></span> <span class='ocrx_word' id='word_1_25' title='bbox 1212 567 1369 621; x_wconf 86' lang='lat' dir='ltr'><strong>quam</strong></span> <span class='ocrx_word' id='word_1_26' title='bbox 1398 550 1641 606; x_wconf 76' lang='lat' dir='ltr'><strong>Christus</strong></span> <span class='ocrx_word' id='word_1_27' title='bbox 1672 545 1980 614; x_wconf 86' lang='lat' dir='ltr'><strong>assumpsit.</strong></span> 
     </span>
    </p>
   </div>
   <div class='ocr_carea' id='block_1_7' title="bbox 408 639 1980 711">
    <p class='ocr_par' dir='ltr' id='par_1_7' title="bbox 408 639 1980 711">
     <span class='ocr_line' id='line_1_7' title="bbox 408 639 1980 711; baseline -0.01 -7"><span class='ocrx_word' id='word_1_28' title='bbox 408 649 523 704; x_wconf 80' lang='lat' dir='ltr'><strong>Non</strong></span> <span class='ocrx_word' id='word_1_29' title='bbox 579 649 722 701; x_wconf 90' lang='lat' dir='ltr'><strong>enim</strong></span> <span class='ocrx_word' id='word_1_30' title='bbox 774 647 878 700; x_wconf 88' lang='lat' dir='ltr'><strong>alia</strong></span> <span class='ocrx_word' id='word_1_31' title='bbox 929 647 1133 702; x_wconf 79' lang='lat' dir='ltr'><strong>ratione</strong></span> <span class='ocrx_word' id='word_1_32' title='bbox 1179 645 1415 701; x_wconf 85' lang='lat' dir='ltr'><strong>hominis</strong></span> <span class='ocrx_word' id='word_1_33' title='bbox 1472 656 1668 711; x_wconf 89' lang='lat' dir='ltr'><strong>corpus</strong></span> <span class='ocrx_word' id='word_1_34' title='bbox 1695 639 1980 701; x_wconf 79' lang='lat' dir='ltr'><strong>exstiterit,</strong></span> 
     </span>
    </p>
   </div>
   <div class='ocr_carea' id='block_1_8' title="bbox 410 727 1986 800">
    <p class='ocr_par' dir='ltr' id='par_1_8' title="bbox 410 727 1986 800">
     <span class='ocr_line' id='line_1_8' title="bbox 410 727 1986 800; baseline -0.01 -5"><span class='ocrx_word' id='word_1_35' title='bbox 410 741 510 795; x_wconf 88' lang='lat' dir='ltr'><strong>nisi</strong></span> <span class='ocrx_word' id='word_1_36' title='bbox 539 737 806 793; x_wconf 87' lang='lat' dir='ltr'><strong>masculus</strong></span> <span class='ocrx_word' id='word_1_37' title='bbox 833 746 886 790; x_wconf 92' lang='lat' dir='ltr'><strong>et</strong></span> <span class='ocrx_word' id='word_1_38' title='bbox 914 737 1108 791; x_wconf 83' lang='lat' dir='ltr'><strong>femina</strong></span> <span class='ocrx_word' id='word_1_39' title='bbox 1128 737 1476 790; x_wconf 83' lang='lat' dir='ltr'><strong>misceantur.</strong></span> <span class='ocrx_word' id='word_1_40' title='bbox 1521 732 1688 800; x_wconf 77' lang='lat' dir='ltr'><strong>Igitur</strong></span> <span class='ocrx_word' id='word_1_41' title='bbox 1711 731 1836 800; x_wconf 87' lang='lat' dir='ltr'><strong>quia</strong></span> <span class='ocrx_word' id='word_1_42' title='bbox 1867 727 1986 782; x_wconf 86' lang='lat' dir='ltr'><strong>Sal-</strong></span> 
     </span>
    </p>
   </div>
   <div class='ocr_carea' id='block_1_9' title="bbox 409 824 1982 900">
    <p class='ocr_par' dir='ltr' id='par_1_9' title="bbox 409 824 1982 900">
     <span class='ocr_line' id='line_1_9' title="bbox 409 824 1982 900; baseline -0.009 -16"><span class='ocrx_word' id='word_1_43' title='bbox 409 841 566 885; x_wconf 78' lang='lat' dir='ltr'><strong>vator</strong></span> <span class='ocrx_word' id='word_1_44' title='bbox 595 845 660 884; x_wconf 83' lang='lat' dir='ltr'><strong>ex</strong></span> <span class='ocrx_word' id='word_1_45' title='bbox 694 830 804 884; x_wconf 88' lang='lat' dir='ltr'><strong>sola</strong></span> <span class='ocrx_word' id='word_1_46' title='bbox 830 828 1051 900; x_wconf 77' lang='lat' dir='ltr'><strong>Virgine</strong></span> <span class='ocrx_word' id='word_1_47' title='bbox 1068 844 1263 898; x_wconf 89' lang='lat' dir='ltr'><strong>corpus</strong></span> <span class='ocrx_word' id='word_1_48' title='bbox 1290 826 1603 894; x_wconf 81' lang='lat' dir='ltr'><strong>assumpsit,</strong></span> <span class='ocrx_word' id='word_1_49' title='bbox 1629 824 1767 893; x_wconf 86' lang='lat' dir='ltr'><strong>quod</strong></span> <span class='ocrx_word' id='word_1_50' title='bbox 1787 837 1851 873; x_wconf 82' lang='lat' dir='ltr'><strong>ex</strong></span> <span class='ocrx_word' id='word_1_51' title='bbox 1880 834 1982 872; x_wconf 90' lang='lat' dir='ltr'><strong>non</strong></span> 
     </span>
    </p>
   </div>
   <div class='ocr_carea' id='block_1_10' title="bbox 410 910 1983 991">
    <p class='ocr_par' dir='ltr' id='par_1_10' title="bbox 410 910 1983 991">
     <span class='ocr_line' id='line_1_10' title="bbox 410 910 1983 991; baseline -0.009 -15"><span class='ocrx_word' id='word_1_52' title='bbox 410 923 554 976; x_wconf 84' lang='lat' dir='ltr'><strong>coitu</strong></span> <span class='ocrx_word' id='word_1_53' title='bbox 608 921 926 991; x_wconf 90' lang='lat' dir='ltr'><strong>principium</strong></span> <span class='ocrx_word' id='word_1_54' title='bbox 984 921 1167 984; x_wconf 88' lang='lat' dir='ltr'><strong>duxit;</strong></span> <span class='ocrx_word' id='word_1_55' title='bbox 1223 920 1424 972; x_wconf 82' lang='lat' dir='ltr'><strong>idcirco</strong></span> <span class='ocrx_word' id='word_1_56' title='bbox 1477 930 1694 970; x_wconf 90' lang='lat' dir='ltr'><strong>carnem</strong></span> <span class='ocrx_word' id='word_1_57' title='bbox 1753 910 1983 975; x_wconf 88' lang='lat' dir='ltr'><strong>Domini,</strong></span> 
     </span>
    </p>
   </div>
   <div class='ocr_carea' id='block_1_11' title="bbox 410 1001 1982 1080">
    <p class='ocr_par' dir='ltr' id='par_1_11' title="bbox 410 1001 1982 1080">
     <span class='ocr_line' id='line_1_11' title="bbox 410 1001 1982 1080; baseline -0.009 -16"><span class='ocrx_word' id='word_1_58' title='bbox 410 1013 524 1076; x_wconf 80' lang='lat' dir='ltr'><strong>ejus</strong></span> <span class='ocrx_word' id='word_1_59' title='bbox 553 1015 730 1067; x_wconf 85' lang='lat' dir='ltr'><strong>carnis</strong></span> <span class='ocrx_word' id='word_1_60' title='bbox 765 1028 882 1080; x_wconf 71' lang='lat' dir='ltr'><strong>qua:</strong></span> <span class='ocrx_word' id='word_1_61' title='bbox 909 1028 973 1066; x_wconf 75' lang='lat' dir='ltr'><strong>ex</strong></span> <span class='ocrx_word' id='word_1_62' title='bbox 1011 1012 1152 1064; x_wconf 89' lang='lat' dir='ltr'><strong>coitu</strong></span> <span class='ocrx_word' id='word_1_63' title='bbox 1187 1021 1292 1070; x_wconf 89' lang='lat' dir='ltr'><strong>est,</strong></span> <span class='ocrx_word' id='word_1_64' title='bbox 1321 1005 1724 1062; x_wconf 89' lang='lat' dir='ltr'><strong>similitudinem</strong></span> <span class='ocrx_word' id='word_1_65' title='bbox 1751 1001 1982 1056; x_wconf 88' lang='lat' dir='ltr'><strong>vocavit.</strong></span> 
     </span>
    </p>
   </div>
   <div class='ocr_carea' id='block_1_12' title="bbox 411 1092 1985 1170">
    <p class='ocr_par' dir='ltr' id='par_1_12' title="bbox 411 1092 1985 1170">
     <span class='ocr_line' id='line_1_12' title="bbox 411 1092 1985 1170; baseline -0.009 -14"><span class='ocrx_word' id='word_1_66' title='bbox 411 1103 527 1157; x_wconf 87' lang='lat' dir='ltr'><strong>Non</strong></span> <span class='ocrx_word' id='word_1_67' title='bbox 563 1105 707 1158; x_wconf 89' lang='lat' dir='ltr'><strong>enim</strong></span> <span class='ocrx_word' id='word_1_68' title='bbox 739 1103 1057 1170; x_wconf 84' lang='lat' dir='ltr'><strong>simpliciter</strong></span> <span class='ocrx_word' id='word_1_69' title='bbox 1095 1101 1293 1155; x_wconf 83' lang='lat' dir='ltr'><strong>habere</strong></span> <span class='ocrx_word' id='word_1_70' title='bbox 1320 1114 1437 1153; x_wconf 91' lang='lat' dir='ltr'><strong>eam</strong></span> <span class='ocrx_word' id='word_1_71' title='bbox 1469 1099 1651 1151; x_wconf 88' lang='lat' dir='ltr'><strong>carnis</strong></span> <span class='ocrx_word' id='word_1_72' title='bbox 1679 1092 1985 1147; x_wconf 86' lang='lat' dir='ltr'><strong>similitudi-</strong></span> 
     </span>
    </p>
   </div>
   <div class='ocr_carea' id='block_1_13' title="bbox 413 1180 1988 1258">
    <p class='ocr_par' dir='ltr' id='par_1_13' title="bbox 413 1180 1988 1258">
     <span class='ocr_line' id='line_1_13' title="bbox 413 1180 1988 1258; baseline -0.01 -11"><span class='ocrx_word' id='word_1_73' title='bbox 413 1208 532 1247; x_wconf 86' lang='lat' dir='ltr'><strong>nem</strong></span> <span class='ocrx_word' id='word_1_74' title='bbox 565 1194 719 1258; x_wconf 80' lang='lat' dir='ltr'><strong>dixit,</strong></span> <span class='ocrx_word' id='word_1_75' title='bbox 756 1194 848 1248; x_wconf 77' lang='lat' dir='ltr'><strong>sctl</strong></span> <span class='ocrx_word' id='word_1_76' title='bbox 882 1190 1290 1246; x_wconf 90' lang='lat' dir='ltr'><strong>similitudinem</strong></span> <span class='ocrx_word' id='word_1_77' title='bbox 1315 1187 1494 1245; x_wconf 89' lang='lat' dir='ltr'><strong>carnis</strong></span> <span class='ocrx_word' id='word_1_78' title='bbox 1525 1185 1752 1256; x_wconf 85' lang='lat' dir='ltr'><strong>peccati.</strong></span> <span class='ocrx_word' id='word_1_79' title='bbox 1785 1180 1988 1236; x_wconf 85' lang='lat' dir='ltr'><strong>Simili-</strong></span> 
     </span>
    </p>
   </div>
   <div class='ocr_carea' id='block_1_14' title="bbox 414 1276 1987 1352">
    <p class='ocr_par' dir='ltr' id='par_1_14' title="bbox 414 1276 1987 1352">
     <span class='ocr_line' id='line_1_14' title="bbox 414 1276 1987 1352; baseline -0.007 -14"><span class='ocrx_word' id='word_1_80' title='bbox 414 1289 541 1340; x_wconf 76' lang='lat' dir='ltr'><strong>tutlo</strong></span> <span class='ocrx_word' id='word_1_81' title='bbox 569 1297 744 1340; x_wconf 87' lang='lat' dir='ltr'><strong>autem</strong></span> <span class='ocrx_word' id='word_1_82' title='bbox 774 1285 954 1339; x_wconf 90' lang='lat' dir='ltr'><strong>carnis</strong></span> <span class='ocrx_word' id='word_1_83' title='bbox 992 1283 1217 1352; x_wconf 81' lang='lat' dir='ltr'><strong>peccati,</strong></span> <span class='ocrx_word' id='word_1_84' title='bbox 1252 1296 1377 1335; x_wconf 90' lang='lat' dir='ltr'><strong>caro</strong></span> <span class='ocrx_word' id='word_1_85' title='bbox 1425 1289 1546 1342; x_wconf 90' lang='lat' dir='ltr'><strong>est;</strong></span> <span class='ocrx_word' id='word_1_86' title='bbox 1585 1292 1689 1329; x_wconf 90' lang='lat' dir='ltr'><strong>uno</strong></span> <span class='ocrx_word' id='word_1_87' title='bbox 1730 1276 1987 1328; x_wconf 79' lang='lat' dir='ltr'><strong>duntaxat</strong></span> 
     </span>
    </p>
   </div>
   <div class='ocr_carea' id='block_1_15' title="bbox 413 1364 1984 1438">
    <p class='ocr_par' dir='ltr' id='par_1_15' title="bbox 413 1364 1984 1438">
     <span class='ocr_line' id='line_1_15' title="bbox 413 1364 1984 1438; baseline -0.01 -7"><span class='ocrx_word' id='word_1_88' title='bbox 413 1393 477 1431; x_wconf 86' lang='lat' dir='ltr'><strong>ex</strong></span> <span class='ocrx_word' id='word_1_89' title='bbox 534 1376 653 1430; x_wconf 90' lang='lat' dir='ltr'><strong>aliis</strong></span> <span class='ocrx_word' id='word_1_90' title='bbox 707 1369 958 1429; x_wconf 73' lang='lat' dir='ltr'><strong>carnibus</strong></span> <span class='ocrx_word' id='word_1_91' title='bbox 1010 1374 1082 1426; x_wconf 88' lang='lat' dir='ltr'><strong>illi</strong></span> <span class='ocrx_word' id='word_1_92' title='bbox 1133 1371 1453 1434; x_wconf 88' lang='lat' dir='ltr'><strong>desiderato,</strong></span> <span class='ocrx_word' id='word_1_93' title='bbox 1508 1369 1648 1438; x_wconf 89' lang='lat' dir='ltr'><strong>quod</strong></span> <span class='ocrx_word' id='word_1_94' title='bbox 1701 1365 1842 1420; x_wconf 89' lang='lat' dir='ltr'><strong>nulla</strong></span> <span class='ocrx_word' id='word_1_95' title='bbox 1884 1364 1984 1418; x_wconf 91' lang='lat' dir='ltr'><strong>viri</strong></span> 
     </span>
    </p>
   </div>
   <div class='ocr_carea' id='block_1_16' title="bbox 413 1455 1984 1537">
    <p class='ocr_par' dir='ltr' id='par_1_16' title="bbox 413 1455 1984 1537">
     <span class='ocr_line' id='line_1_16' title="bbox 413 1455 1984 1537; baseline -0.01 -16"><span class='ocrx_word' id='word_1_96' title='bbox 413 1483 577 1537; x_wconf 82' lang='lat' dir='ltr'><strong>opera</strong></span> <span class='ocrx_word' id='word_1_97' title='bbox 614 1477 767 1521; x_wconf 90' lang='lat' dir='ltr'><strong>nacta</strong></span> <span class='ocrx_word' id='word_1_98' title='bbox 796 1466 1171 1520; x_wconf 75' lang='lat' dir='ltr'><strong>exsistentiam</strong></span> <span class='ocrx_word' id='word_1_99' title='bbox 1205 1474 1308 1517; x_wconf 90' lang='lat' dir='ltr'><strong>est.</strong></span> <span class='ocrx_word' id='word_1_100' title='bbox 1355 1461 1586 1514; x_wconf 81' lang='lat' dir='ltr'><strong>Derebat</strong></span> <span class='ocrx_word' id='word_1_101' title='bbox 1618 1457 1783 1520; x_wconf 89' lang='lat' dir='ltr'><strong>enim,</strong></span> <span class='ocrx_word' id='word_1_102' title='bbox 1815 1465 1873 1508; x_wconf 89' lang='lat' dir='ltr'><strong>ut</strong></span> <span class='ocrx_word' id='word_1_103' title='bbox 1895 1455 1984 1522; x_wconf 82' lang='lat' dir='ltr'><strong>qui</strong></span> 
     </span>
    </p>
   </div>
   <div class='ocr_carea' id='block_1_17' title="bbox 416 1546 1986 1615">
    <p class='ocr_par' dir='ltr' id='par_1_17' title="bbox 416 1546 1986 1615">
     <span class='ocr_line' id='line_1_17' title="bbox 416 1546 1986 1615; baseline -0.009 -4"><span class='ocrx_word' id='word_1_104' title='bbox 416 1558 481 1611; x_wconf 90' lang='lat' dir='ltr'><strong>ad</strong></span> <span class='ocrx_word' id='word_1_105' title='bbox 507 1558 734 1611; x_wconf 83' lang='lat' dir='ltr'><strong>salutem</strong></span> <span class='ocrx_word' id='word_1_106' title='bbox 769 1557 1043 1609; x_wconf 86' lang='lat' dir='ltr'><strong>hominum</strong></span> <span class='ocrx_word' id='word_1_107' title='bbox 1082 1553 1350 1615; x_wconf 81' lang='lat' dir='ltr'><strong>veniebat,</strong></span> <span class='ocrx_word' id='word_1_108' title='bbox 1385 1566 1451 1603; x_wconf 80' lang='lat' dir='ltr'><strong>ex</strong></span> <span class='ocrx_word' id='word_1_109' title='bbox 1479 1547 1852 1615; x_wconf 84' lang='lat' dir='ltr'><strong>conjunctione</strong></span> <span class='ocrx_word' id='word_1_110' title='bbox 1889 1546 1986 1598; x_wconf 91' lang='lat' dir='ltr'><strong>viri</strong></span> 
     </span>
    </p>
   </div>
   <div class='ocr_carea' id='block_1_18' title="bbox 417 1639 1988 1718">
    <p class='ocr_par' dir='ltr' id='par_1_18' title="bbox 417 1639 1988 1718">
     <span class='ocr_line' id='line_1_18' title="bbox 417 1639 1988 1718; baseline -0.008 -15"><span class='ocrx_word' id='word_1_111' title='bbox 417 1664 612 1718; x_wconf 89' lang='lat' dir='ltr'><strong>corpus</strong></span> <span class='ocrx_word' id='word_1_112' title='bbox 675 1663 778 1701; x_wconf 92' lang='lat' dir='ltr'><strong>non</strong></span> <span class='ocrx_word' id='word_1_113' title='bbox 832 1647 1137 1714; x_wconf 88' lang='lat' dir='ltr'><strong>acciperet;</strong></span> <span class='ocrx_word' id='word_1_114' title='bbox 1194 1659 1367 1712; x_wconf 90' lang='lat' dir='ltr'><strong>neque</strong></span> <span class='ocrx_word' id='word_1_115' title='bbox 1409 1657 1596 1695; x_wconf 90' lang='lat' dir='ltr'><strong>rursus</strong></span> <span class='ocrx_word' id='word_1_116' title='bbox 1625 1649 1777 1693; x_wconf 83' lang='lat' dir='ltr'><strong>extra</strong></span> <span class='ocrx_word' id='word_1_117' title='bbox 1814 1639 1988 1691; x_wconf 86' lang='lat' dir='ltr'><strong>homi-</strong></span> 
     </span>
    </p>
   </div>
   <div class='ocr_carea' id='block_1_19' title="bbox 2086 522 3678 607">
    <p class='ocr_par' dir='ltr' id='par_1_19' title="bbox 2086 522 3678 607">
     <span class='ocr_line' id='line_1_19' title="bbox 2086 522 3678 607; baseline -0.011 -14"><span class='ocrx_word' id='word_1_118' title='bbox 2086 537 2255 606; x_wconf 76' lang='grc' dir='ltr'>εἶναι,</span> <span class='ocrx_word' id='word_1_119' title='bbox 2294 540 2417 607; x_wconf 85' lang='grc' dir='ltr'>δίχα</span> <span class='ocrx_word' id='word_1_120' title='bbox 2453 535 2545 589; x_wconf 75' lang='grc' dir='ltr'>τοῦ</span> <span class='ocrx_word' id='word_1_121' title='bbox 2589 534 3035 604; x_wconf 79' lang='grc' dir='ltr'>πρωτοπλάστου,</span> <span class='ocrx_word' id='word_1_122' title='bbox 3077 530 3170 583; x_wconf 77' lang='grc' dir='ltr'>καὶ</span> <span class='ocrx_word' id='word_1_123' title='bbox 3215 522 3275 581; x_wconf 67' lang='grc' dir='ltr'>οὗ</span> <span class='ocrx_word' id='word_1_124' title='bbox 3328 525 3608 581; x_wconf 70' lang='grc' dir='ltr'>ἀνέλαϐεν</span> <span class='ocrx_word' id='word_1_125' title='bbox 3652 527 3678 577; x_wconf 71' lang='grc' dir='ltr'>ὁ</span> 
     </span>
    </p>
   </div>
   <div class='ocr_carea' id='block_1_20' title="bbox 2085 617 3677 701">
    <p class='ocr_par' dir='ltr' id='par_1_20' title="bbox 2085 617 3677 701">
     <span class='ocr_line' id='line_1_20' title="bbox 2085 617 3677 701; baseline -0.012 -16"><span class='ocrx_word' id='word_1_126' title='bbox 2085 634 2294 701; x_wconf 78' lang='grc' dir='ltr'>Σωτήρ.</span> <span class='ocrx_word' id='word_1_127' title='bbox 2333 630 2445 682; x_wconf 78' lang='grc' dir='ltr'>Οὐκ</span> <span class='ocrx_word' id='word_1_128' title='bbox 2482 627 2547 680; x_wconf 89' lang='grc' dir='ltr'><strong>ἂν</strong></span> <span class='ocrx_word' id='word_1_129' title='bbox 2575 627 2683 696; x_wconf 80' lang='grc' dir='ltr'>γὰρ</span> <span class='ocrx_word' id='word_1_130' title='bbox 2720 625 2892 686; x_wconf 80' lang='grc' dir='ltr'>ἄλλως</span> <span class='ocrx_word' id='word_1_131' title='bbox 2915 623 3074 692; x_wconf 83' lang='grc' dir='ltr'>σῶμα</span> <span class='ocrx_word' id='word_1_132' title='bbox 3105 619 3398 690; x_wconf 72' lang='grc' dir='ltr'>ἀνθρώπου</span> <span class='ocrx_word' id='word_1_133' title='bbox 3432 617 3677 684; x_wconf 78' lang='grc' dir='ltr'>γένοιτο,</span> 
     </span>
    </p>
   </div>
   <div class='ocr_carea' id='block_1_21' title="bbox 2089 704 3680 795">
    <p class='ocr_par' dir='ltr' id='par_1_21' title="bbox 2089 704 3680 795">
     <span class='ocr_line' id='line_1_21' title="bbox 2089 704 3680 795; baseline -0.011 -19"><span class='ocrx_word' id='word_1_134' title='bbox 2089 725 2163 795; x_wconf 79' lang='grc' dir='ltr'>μὴ</span> <span class='ocrx_word' id='word_1_135' title='bbox 2195 720 2586 784; x_wconf 81' lang='grc' dir='ltr'>ὲπιπλακέντος</span> <span class='ocrx_word' id='word_1_136' title='bbox 2613 718 2688 789; x_wconf 81' lang='grc' dir='ltr'>τῷ</span> <span class='ocrx_word' id='word_1_137' title='bbox 2713 717 2863 788; x_wconf 82' lang='grc' dir='ltr'>θήλει</span> <span class='ocrx_word' id='word_1_138' title='bbox 2898 715 2992 768; x_wconf 79' lang='grc' dir='ltr'>τοῦ</span> <span class='ocrx_word' id='word_1_139' title='bbox 3036 715 3281 786; x_wconf 76' lang='grc' dir='ltr'>ἄρρενος.</span> <span class='ocrx_word' id='word_1_140' title='bbox 3317 709 3484 762; x_wconf 69' lang='grc' dir='ltr'>Ἐπεὶ</span> <span class='ocrx_word' id='word_1_141' title='bbox 3519 704 3617 760; x_wconf 74' lang='grc' dir='ltr'><strong>οὖν</strong></span> <span class='ocrx_word' id='word_1_142' title='bbox 3653 708 3680 758; x_wconf 71' lang='grc' dir='ltr'><strong>ὁ</strong></span> 
     </span>
    </p>
   </div>
   <div class='ocr_carea' id='block_1_22' title="bbox 2087 801 3680 886">
    <p class='ocr_par' dir='ltr' id='par_1_22' title="bbox 2087 801 3680 886">
     <span class='ocr_line' id='line_1_22' title="bbox 2087 801 3680 886; baseline -0.012 -17"><span class='ocrx_word' id='word_1_143' title='bbox 2087 815 2278 886; x_wconf 75' lang='grc' dir='ltr'>Σωτὴρ</span> <span class='ocrx_word' id='word_1_144' title='bbox 2304 817 2367 867; x_wconf 82' lang='grc' dir='ltr'><strong>ὲκ</strong></span> <span class='ocrx_word' id='word_1_145' title='bbox 2405 813 2571 883; x_wconf 82' lang='grc' dir='ltr'>μόνης</span> <span class='ocrx_word' id='word_1_146' title='bbox 2595 813 2693 881; x_wconf 78' lang='grc' dir='ltr'><strong>τῆς</strong></span> <span class='ocrx_word' id='word_1_147' title='bbox 2723 809 2998 881; x_wconf 83' lang='grc' dir='ltr'><strong>Παρθένου</strong></span> <span class='ocrx_word' id='word_1_148' title='bbox 3033 805 3190 858; x_wconf 75' lang='grc' dir='ltr'>ἔλαϐε</span> <span class='ocrx_word' id='word_1_149' title='bbox 3219 803 3406 873; x_wconf 79' lang='grc' dir='ltr'>σῶμα,</span> <span class='ocrx_word' id='word_1_150' title='bbox 3430 803 3542 871; x_wconf 71' lang='grc' dir='ltr'><strong>τὴν</strong></span> <span class='ocrx_word' id='word_1_151' title='bbox 3583 801 3680 870; x_wconf 84' lang='grc' dir='ltr'><strong>ἀρ-</strong></span> 
     </span>
    </p>
   </div>
   <div class='ocr_carea' id='block_1_23' title="bbox 2086 892 3682 979">
    <p class='ocr_par' dir='ltr' id='par_1_23' title="bbox 2086 892 3682 979">
     <span class='ocr_line' id='line_1_23' title="bbox 2086 892 3682 979; baseline -0.012 -17"><span class='ocrx_word' id='word_1_152' title='bbox 2086 909 2186 979; x_wconf 80' lang='grc' dir='ltr'><strong>χὴν</strong></span> <span class='ocrx_word' id='word_1_153' title='bbox 2213 910 2312 960; x_wconf 80' lang='grc' dir='ltr'><strong>οὐκ</strong></span> <span class='ocrx_word' id='word_1_154' title='bbox 2349 907 2469 976; x_wconf 76' lang='grc' dir='ltr'>ἕχον</span> <span class='ocrx_word' id='word_1_155' title='bbox 2501 906 2565 957; x_wconf 76' lang='grc' dir='ltr'><strong>ἐκ</strong></span> <span class='ocrx_word' id='word_1_156' title='bbox 2601 902 2905 964; x_wconf 76' lang='grc' dir='ltr'><strong>συνουσίας,</strong></span> <span class='ocrx_word' id='word_1_157' title='bbox 2935 899 3186 969; x_wconf 81' lang='grc' dir='ltr'>ὁμοίωμα</span> <span class='ocrx_word' id='word_1_158' title='bbox 3227 896 3331 967; x_wconf 76' lang='grc' dir='ltr'>τὴν</span> <span class='ocrx_word' id='word_1_159' title='bbox 3367 896 3560 965; x_wconf 78' lang='grc' dir='ltr'>σάρκα</span> <span class='ocrx_word' id='word_1_160' title='bbox 3588 892 3682 961; x_wconf 72' lang='grc' dir='ltr'>τὴν</span> 
     </span>
    </p>
   </div>
   <div class='ocr_carea' id='block_1_24' title="bbox 2087 985 3681 1070">
    <p class='ocr_par' dir='ltr' id='par_1_24' title="bbox 2087 985 3681 1070">
     <span class='ocr_line' id='line_1_24' title="bbox 2087 985 3681 1070; baseline -0.011 -17"><span class='ocrx_word' id='word_1_161' title='bbox 2087 997 2372 1070; x_wconf 79' lang='grc' dir='ltr'>Κυριακὴν</span> <span class='ocrx_word' id='word_1_162' title='bbox 2394 992 2512 1049; x_wconf 75' lang='grc' dir='ltr'>εἷπε</span> <span class='ocrx_word' id='word_1_163' title='bbox 2546 997 2645 1065; x_wconf 87' lang='grc' dir='ltr'><strong>τῆς</strong></span> <span class='ocrx_word' id='word_1_164' title='bbox 2687 993 2888 1063; x_wconf 81' lang='grc' dir='ltr'>σαρκὸς</span> <span class='ocrx_word' id='word_1_165' title='bbox 2919 992 3017 1061; x_wconf 88' lang='grc' dir='ltr'><strong>τῆς</strong></span> <span class='ocrx_word' id='word_1_166' title='bbox 3046 994 3110 1044; x_wconf 82' lang='grc' dir='ltr'>ὲκ</span> <span class='ocrx_word' id='word_1_167' title='bbox 3134 989 3446 1050; x_wconf 72' lang='grc' dir='ltr'><strong>συνουσίας.</strong></span> <span class='ocrx_word' id='word_1_168' title='bbox 3477 987 3561 1038; x_wconf 73' lang='grc' dir='ltr'>υύ</span> <span class='ocrx_word' id='word_1_169' title='bbox 3575 985 3681 1054; x_wconf 69' lang='grc' dir='ltr'>γὰρ</span> 
     </span>
    </p>
   </div>
   <div class='ocr_carea' id='block_1_25' title="bbox 2092 1074 3684 1154">
    <p class='ocr_par' dir='ltr' id='par_1_25' title="bbox 2092 1074 3684 1154">
     <span class='ocr_line' id='line_1_25' title="bbox 2092 1074 3684 1154; baseline -0.01 -12"><span class='ocrx_word' id='word_1_170' title='bbox 2092 1087 2348 1152; x_wconf 79' lang='grc' dir='ltr'>καθάπαξ</span> <span class='ocrx_word' id='word_1_171' title='bbox 2396 1083 2570 1147; x_wconf 74' lang='grc' dir='ltr'>εἶπεν,</span> <span class='ocrx_word' id='word_1_172' title='bbox 2615 1083 2862 1154; x_wconf 85' lang='grc' dir='ltr'>ὁμοίωμα</span> <span class='ocrx_word' id='word_1_173' title='bbox 2913 1079 3113 1150; x_wconf 76' lang='grc' dir='ltr'>σαρκὸς</span> <span class='ocrx_word' id='word_1_174' title='bbox 3139 1078 3302 1132; x_wconf 72' lang='grc' dir='ltr'>αὑτὸν</span> <span class='ocrx_word' id='word_1_175' title='bbox 3353 1077 3531 1146; x_wconf 74' lang='grc' dir='ltr'>ἔχειν,</span> <span class='ocrx_word' id='word_1_176' title='bbox 3571 1074 3684 1127; x_wconf 74' lang='grc' dir='ltr'>ἁλλ’</span> 
     </span>
    </p>
   </div>
   <div class='ocr_carea' id='block_1_26' title="bbox 2086 1169 3685 1251">
    <p class='ocr_par' dir='ltr' id='par_1_26' title="bbox 2086 1169 3685 1251">
     <span class='ocr_line' id='line_1_26' title="bbox 2086 1169 3685 1251; baseline -0.008 -19"><span class='ocrx_word' id='word_1_177' title='bbox 2086 1180 2336 1251; x_wconf 83' lang='grc' dir='ltr'>ὁμοίωμα</span> <span class='ocrx_word' id='word_1_178' title='bbox 2365 1179 2566 1249; x_wconf 75' lang='grc' dir='ltr'>σαρκὸς</span> <span class='ocrx_word' id='word_1_179' title='bbox 2599 1174 2897 1246; x_wconf 85' lang='grc' dir='ltr'>ἁμαρτίας.</span> <span class='ocrx_word' id='word_1_180' title='bbox 2925 1173 2999 1226; x_wconf 81' lang='grc' dir='ltr'>Τὸ</span> <span class='ocrx_word' id='word_1_181' title='bbox 3037 1171 3093 1224; x_wconf 86' lang='grc' dir='ltr'>δὲ</span> <span class='ocrx_word' id='word_1_182' title='bbox 3123 1171 3382 1242; x_wconf 80' lang='grc' dir='ltr'>ὁμοίωμα</span> <span class='ocrx_word' id='word_1_183' title='bbox 3408 1169 3524 1239; x_wconf 78' lang='grc' dir='ltr'><strong>τῆς</strong></span> <span class='ocrx_word' id='word_1_184' title='bbox 3554 1185 3685 1236; x_wconf 60' lang='lat' dir='ltr'><strong>ca;-</strong></span> 
     </span>
    </p>
   </div>
   <div class='ocr_carea' id='block_1_27' title="bbox 2089 1259 3681 1339">
    <p class='ocr_par' dir='ltr' id='par_1_27' title="bbox 2089 1259 3681 1339">
     <span class='ocr_line' id='line_1_27' title="bbox 2089 1259 3681 1339; baseline -0.009 -16"><span class='ocrx_word' id='word_1_185' title='bbox 2089 1272 2184 1333; x_wconf 75' lang='grc' dir='ltr'><strong>κὸς</strong></span> <span class='ocrx_word' id='word_1_186' title='bbox 2223 1270 2530 1339; x_wconf 87' lang='grc' dir='ltr'>ἁμαρτίας,</span> <span class='ocrx_word' id='word_1_187' title='bbox 2578 1265 2714 1337; x_wconf 75' lang='grc' dir='ltr'>σάρξ</span> <span class='ocrx_word' id='word_1_188' title='bbox 2755 1266 2937 1328; x_wconf 78' lang='grc' dir='ltr'>ἐστιν,</span> <span class='ocrx_word' id='word_1_189' title='bbox 2982 1263 3124 1335; x_wconf 73' lang='grc' dir='ltr'>μόνῳ</span> <span class='ocrx_word' id='word_1_190' title='bbox 3158 1262 3334 1330; x_wconf 78' lang='grc' dir='ltr'>τούτῳ</span> <span class='ocrx_word' id='word_1_191' title='bbox 3373 1259 3681 1327; x_wconf 68' lang='grc' dir='ltr'>λειπομένη</span> 
     </span>
    </p>
   </div>
   <div class='ocr_carea' id='block_1_28' title="bbox 2089 1348 3684 1426">
    <p class='ocr_par' dir='ltr' id='par_1_28' title="bbox 2089 1348 3684 1426">
     <span class='ocr_line' id='line_1_28' title="bbox 2089 1348 3684 1426; baseline -0.009 -13"><span class='ocrx_word' id='word_1_192' title='bbox 2089 1360 2196 1413; x_wconf 82' lang='grc' dir='ltr'>τῶν</span> <span class='ocrx_word' id='word_1_193' title='bbox 2238 1359 2410 1412; x_wconf 77' lang='grc' dir='ltr'>ἄλλων</span> <span class='ocrx_word' id='word_1_194' title='bbox 2459 1357 2703 1426; x_wconf 82' lang='grc' dir='ltr'>σαρκῶν,</span> <span class='ocrx_word' id='word_1_195' title='bbox 2743 1355 2803 1407; x_wconf 78' lang='grc' dir='ltr'><strong>τὸ</strong></span> <span class='ocrx_word' id='word_1_196' title='bbox 2850 1355 2977 1408; x_wconf 82' lang='grc' dir='ltr'>ἄνευ</span> <span class='ocrx_word' id='word_1_197' title='bbox 3019 1352 3209 1423; x_wconf 84' lang='grc' dir='ltr'>ἀνδρὸς</span> <span class='ocrx_word' id='word_1_198' title='bbox 3251 1353 3565 1420; x_wconf 76' lang='grc' dir='ltr'><strong>ἐσχηκέναι</strong></span> <span class='ocrx_word' id='word_1_199' title='bbox 3590 1348 3684 1416; x_wconf 66' lang='grc' dir='ltr'>τὴν</span> 
     </span>
    </p>
   </div>
   <div class='ocr_carea' id='block_1_29' title="bbox 2093 1441 3682 1521">
    <p class='ocr_par' dir='ltr' id='par_1_29' title="bbox 2093 1441 3682 1521">
     <span class='ocr_line' id='line_1_29' title="bbox 2093 1441 3682 1521; baseline -0.008 -18"><span class='ocrx_word' id='word_1_200' title='bbox 2093 1450 2347 1521; x_wconf 76' lang='grc' dir='ltr'>ὓπαρξιν.</span> <span class='ocrx_word' id='word_1_201' title='bbox 2386 1449 2531 1501; x_wconf 84' lang='grc' dir='ltr'>Ἔδει</span> <span class='ocrx_word' id='word_1_202' title='bbox 2556 1448 2664 1516; x_wconf 76' lang='grc' dir='ltr'>γὰρ</span> <span class='ocrx_word' id='word_1_203' title='bbox 2696 1447 2786 1498; x_wconf 84' lang='grc' dir='ltr'>τὸν</span> <span class='ocrx_word' id='word_1_204' title='bbox 2817 1446 2908 1497; x_wconf 79' lang='grc' dir='ltr'>ἐπὶ</span> <span class='ocrx_word' id='word_1_205' title='bbox 2944 1443 3185 1515; x_wconf 77' lang='grc' dir='ltr'><strong>σωτηρίᾳ</strong></span> <span class='ocrx_word' id='word_1_206' title='bbox 3214 1444 3325 1497; x_wconf 85' lang='grc' dir='ltr'><strong>τῶν</strong></span> <span class='ocrx_word' id='word_1_207' title='bbox 3365 1441 3682 1513; x_wconf 74' lang='grc' dir='ltr'>ἀνθρώπων</span> 
     </span>
    </p>
   </div>
   <div class='ocr_carea' id='block_1_30' title="bbox 2092 1529 3680 1613">
    <p class='ocr_par' dir='ltr' id='par_1_30' title="bbox 2092 1529 3680 1613">
     <span class='ocr_line' id='line_1_30' title="bbox 2092 1529 3680 1613; baseline -0.005 -19"><span class='ocrx_word' id='word_1_208' title='bbox 2092 1543 2404 1613; x_wconf 75' lang='grc' dir='ltr'><strong>ἐρχόμενον,</strong></span> <span class='ocrx_word' id='word_1_209' title='bbox 2445 1541 2518 1611; x_wconf 84' lang='grc' dir='ltr'>μὴ</span> <span class='ocrx_word' id='word_1_210' title='bbox 2547 1542 2610 1592; x_wconf 75' lang='grc' dir='ltr'>ἐκ</span> <span class='ocrx_word' id='word_1_211' title='bbox 2636 1535 2972 1606; x_wconf 82' lang='grc' dir='ltr'>συνδυασμοῦ</span> <span class='ocrx_word' id='word_1_212' title='bbox 2997 1536 3156 1605; x_wconf 84' lang='grc' dir='ltr'>σῶμα</span> <span class='ocrx_word' id='word_1_213' title='bbox 3187 1535 3404 1589; x_wconf 78' lang='grc' dir='ltr'><strong>λαὸεἶν.</strong></span> <span class='ocrx_word' id='word_1_214' title='bbox 3443 1533 3598 1605; x_wconf 62' lang='grc' dir='ltr'><strong>Μηδ</strong></span> <span class='ocrx_word' id='word_1_215' title='bbox 3619 1529 3680 1586; x_wconf 70' lang='grc' dir='ltr'><strong>αὖ</strong></span> 
     </span>
    </p>
   </div>
   <div class='ocr_carea' id='block_1_31' title="bbox 2093 1628 3679 1704">
    <p class='ocr_par' dir='ltr' id='par_1_31' title="bbox 2093 1628 3679 1704">
     <span class='ocr_line' id='line_1_31' title="bbox 2093 1628 3679 1704; baseline -0.007 -15"><span class='ocrx_word' id='word_1_216' title='bbox 2093 1636 2291 1702; x_wconf 77' lang='grc' dir='ltr'>ἔξωθεν</span> <span class='ocrx_word' id='word_1_217' title='bbox 2317 1635 2416 1703; x_wconf 79' lang='grc' dir='ltr'><strong>τῆς</strong></span> <span class='ocrx_word' id='word_1_218' title='bbox 2446 1635 2553 1687; x_wconf 83' lang='grc' dir='ltr'><strong>τῶν</strong></span> <span class='ocrx_word' id='word_1_219' title='bbox 2583 1631 2881 1704; x_wconf 83' lang='grc' dir='ltr'>ἀνθρώπων</span> <span class='ocrx_word' id='word_1_220' title='bbox 2907 1630 3188 1701; x_wconf 79' lang='grc' dir='ltr'><strong>διαδοχῆς,</strong></span> <span class='ocrx_word' id='word_1_221' title='bbox 3223 1628 3417 1700; x_wconf 77' lang='grc' dir='ltr'>ὥσπερ</span> <span class='ocrx_word' id='word_1_222' title='bbox 3455 1628 3488 1679; x_wconf 81' lang='grc' dir='ltr'>ὁ</span> <span class='ocrx_word' id='word_1_223' title='bbox 3531 1629 3679 1700; x_wconf 78' lang='grc' dir='ltr'>ττρῶ-</span> 
     </span>
    </p>
   </div>
   <div class='ocr_carea' id='block_1_32' title="bbox 416 1721 1999 1804">
    <p class='ocr_par' dir='ltr' id='par_1_32' title="bbox 416 1730 1989 1804">
     <span class='ocr_line' id='line_1_32' title="bbox 416 1730 1989 1804; baseline -0.008 -10"><span class='ocrx_word' id='word_1_224' title='bbox 416 1757 543 1795; x_wconf 88' lang='lat' dir='ltr'><strong>num</strong></span> <span class='ocrx_word' id='word_1_225' title='bbox 571 1739 988 1800; x_wconf 89' lang='lat' dir='ltr'><strong>successionem,</strong></span> <span class='ocrx_word' id='word_1_226' title='bbox 1022 1737 1165 1790; x_wconf 88' lang='lat' dir='ltr'><strong>velut</strong></span> <span class='ocrx_word' id='word_1_227' title='bbox 1191 1738 1397 1804; x_wconf 89' lang='lat' dir='ltr'><strong>primus</strong></span> <span class='ocrx_word' id='word_1_228' title='bbox 1423 1733 1606 1793; x_wconf 87' lang='lat' dir='ltr'><strong>homo.</strong></span> <span class='ocrx_word' id='word_1_229' title='bbox 1643 1746 1708 1785; x_wconf 91' lang='lat' dir='ltr'><strong>ue</strong></span> <span class='ocrx_word' id='word_1_230' title='bbox 1734 1730 1848 1798; x_wconf 84' lang='lat' dir='ltr'><strong>ejus</strong></span> <span class='ocrx_word' id='word_1_231' title='bbox 1869 1745 1989 1783; x_wconf 90' lang='lat' dir='ltr'><strong>cor-</strong></span> 
     </span>
    </p>
   </div>
   <div class='ocr_carea' id='block_1_33' title="bbox 2125 1721 3682 1804">
    <p class='ocr_par' dir='ltr' id='par_1_33' title="bbox 2125 1721 3682 1799">
     <span class='ocr_line' id='line_1_33' title="bbox 2125 1721 3682 1799; baseline -0.015 -6"><span class='ocrx_word' id='word_1_232' title='bbox 2125 1747 2179 1792; x_wconf 83' lang='grc' dir='ltr'><strong>ος</strong></span> <span class='ocrx_word' id='word_1_233' title='bbox 2217 1727 2531 1799; x_wconf 79' lang='grc' dir='ltr'>ἄνθρωπος.</span> <span class='ocrx_word' id='word_1_234' title='bbox 2572 1726 2660 1779; x_wconf 77' lang='grc' dir='ltr'><strong>ἵνα</strong></span> <span class='ocrx_word' id='word_1_235' title='bbox 2699 1725 2772 1796; x_wconf 81' lang='grc' dir='ltr'><strong>μὴ</strong></span> <span class='ocrx_word' id='word_1_236' title='bbox 2818 1724 3130 1796; x_wconf 78' lang='grc' dir='ltr'>ἑτερογενὲς</span> <span class='ocrx_word' id='word_1_237' title='bbox 3155 1722 3324 1777; x_wconf 70' lang='grc' dir='ltr'>αὑτοῦ</span> <span class='ocrx_word' id='word_1_238' title='bbox 3361 1721 3605 1793; x_wconf 70' lang='grc' dir='ltr'>νομισθῇ</span> <span class='ocrx_word' id='word_1_239' title='bbox 3628 1723 3682 1773; x_wconf 61' lang='grc' dir='ltr'>τὲ</span> 
     </span>
    </p>
   </div>
   <div class='ocr_carea' id='block_1_34' title="bbox 416 1818 1993 1901">
    <p class='ocr_par' dir='ltr' id='par_1_34' title="bbox 416 1818 1993 1901">
     <span class='ocr_line' id='line_1_34' title="bbox 416 1818 1993 1901; baseline -0.004 -21"><span class='ocrx_word' id='word_1_240' title='bbox 416 1845 516 1901; x_wconf 83' lang='lat' dir='ltr'><strong>pus</strong></span> <span class='ocrx_word' id='word_1_241' title='bbox 568 1828 764 1883; x_wconf 78' lang='lat' dir='ltr'><strong>diversi</strong></span> <span class='ocrx_word' id='word_1_242' title='bbox 823 1827 1033 1895; x_wconf 79' lang='lat' dir='ltr'><strong>generis</strong></span> <span class='ocrx_word' id='word_1_243' title='bbox 1088 1840 1208 1879; x_wconf 86' lang='lat' dir='ltr'><strong>esse</strong></span> <span class='ocrx_word' id='word_1_244' title='bbox 1250 1833 1551 1892; x_wconf 85' lang='lat' dir='ltr'><strong>putaretur.</strong></span> <span class='ocrx_word' id='word_1_245' title='bbox 1599 1818 1731 1872; x_wconf 86' lang='lat' dir='ltr'><strong>Nam</strong></span> <span class='ocrx_word' id='word_1_246' title='bbox 1779 1820 1822 1872; x_wconf 87' lang='lat' dir='ltr'><strong>si</strong></span> <span class='ocrx_word' id='word_1_247' title='bbox 1880 1819 1993 1888; x_wconf 90' lang='lat' dir='ltr'><strong>ipse</strong></span> 
     </span>
    </p>
   </div>
   <div class='ocr_carea' id='block_1_35' title="bbox 416 1912 1992 1993">
    <p class='ocr_par' dir='ltr' id='par_1_35' title="bbox 416 1912 1992 1993">
     <span class='ocr_line' id='line_1_35' title="bbox 416 1912 1992 1993; baseline -0.008 -17"><span class='ocrx_word' id='word_1_248' title='bbox 416 1938 631 1993; x_wconf 88' lang='lat' dir='ltr'><strong>quoque</strong></span> <span class='ocrx_word' id='word_1_249' title='bbox 658 1937 720 1974; x_wconf 79' lang='lat' dir='ltr'><strong>ex</strong></span> <span class='ocrx_word' id='word_1_250' title='bbox 766 1931 904 1972; x_wconf 89' lang='lat' dir='ltr'><strong>terra</strong></span> <span class='ocrx_word' id='word_1_251' title='bbox 943 1920 1201 1972; x_wconf 82' lang='lat' dir='ltr'><strong>formatus</strong></span> <span class='ocrx_word' id='word_1_252' title='bbox 1240 1925 1406 1978; x_wconf 86' lang='lat' dir='ltr'><strong>esset,</strong></span> <span class='ocrx_word' id='word_1_253' title='bbox 1440 1915 1576 1967; x_wconf 91' lang='lat' dir='ltr'><strong>sicut</strong></span> <span class='ocrx_word' id='word_1_254' title='bbox 1602 1913 1700 1966; x_wconf 75' lang='lat' dir='ltr'><strong>fuit</strong></span> <span class='ocrx_word' id='word_1_255' title='bbox 1742 1912 1992 1980; x_wconf 87' lang='lat' dir='ltr'><strong>princeps</strong></span> 
     </span>
    </p>
   </div>
   <div class='ocr_carea' id='block_1_36' title="bbox 416 2003 1988 2080">
    <p class='ocr_par' dir='ltr' id='par_1_36' title="bbox 416 2003 1988 2080">
     <span class='ocr_line' id='line_1_36' title="bbox 416 2003 1988 2080; baseline -0.008 -13"><span class='ocrx_word' id='word_1_256' title='bbox 416 2013 636 2069; x_wconf 85' lang='lat' dir='ltr'><strong>humani</strong></span> <span class='ocrx_word' id='word_1_257' title='bbox 669 2010 916 2080; x_wconf 80' lang='lat' dir='ltr'><strong>generis;</strong></span> <span class='ocrx_word' id='word_1_258' title='bbox 943 2007 1254 2078; x_wconf 87' lang='lat' dir='ltr'><strong>suspicaudi</strong></span> <span class='ocrx_word' id='word_1_259' title='bbox 1306 2023 1491 2060; x_wconf 89' lang='lat' dir='ltr'><strong>ausam</strong></span> <span class='ocrx_word' id='word_1_260' title='bbox 1526 2004 1865 2067; x_wconf 79' lang='lat' dir='ltr'><strong>habuissent,</strong></span> <span class='ocrx_word' id='word_1_261' title='bbox 1897 2003 1988 2072; x_wconf 86' lang='lat' dir='ltr'><strong>qui</strong></span> 
     </span>
    </p>
   </div>
   <div class='ocr_carea' id='block_1_37' title="bbox 416 2095 1991 2168">
    <p class='ocr_par' dir='ltr' id='par_1_37' title="bbox 416 2095 1991 2168">
     <span class='ocr_line' id='line_1_37' title="bbox 416 2095 1991 2168; baseline -0.009 -9"><span class='ocrx_word' id='word_1_262' title='bbox 416 2105 562 2159; x_wconf 86' lang='lat' dir='ltr'><strong>nudo</strong></span> <span class='ocrx_word' id='word_1_263' title='bbox 589 2103 787 2157; x_wconf 91' lang='lat' dir='ltr'><strong>mentis</strong></span> <span class='ocrx_word' id='word_1_264' title='bbox 818 2113 1121 2154; x_wconf 89' lang='lat' dir='ltr'><strong>commento</strong></span> <span class='ocrx_word' id='word_1_265' title='bbox 1149 2100 1328 2168; x_wconf 90' lang='lat' dir='ltr'><strong>specie</strong></span> <span class='ocrx_word' id='word_1_266' title='bbox 1359 2099 1516 2151; x_wconf 87' lang='lat' dir='ltr'><strong>tenus</strong></span> <span class='ocrx_word' id='word_1_267' title='bbox 1562 2095 1991 2150; x_wconf 87' lang='lat' dir='ltr'><strong>inearnationem</strong></span> 
     </span>
    </p>
   </div>
   <div class='ocr_carea' id='block_1_38' title="bbox 417 2185 1994 2258">
    <p class='ocr_par' dir='ltr' id='par_1_38' title="bbox 417 2185 1994 2258">
     <span class='ocr_line' id='line_1_38' title="bbox 417 2185 1994 2258; baseline -0.007 -10"><span class='ocrx_word' id='word_1_268' title='bbox 417 2195 632 2258; x_wconf 88' lang='lat' dir='ltr'><strong>docent,</strong></span> <span class='ocrx_word' id='word_1_269' title='bbox 669 2209 774 2248; x_wconf 91' lang='lat' dir='ltr'><strong>non</strong></span> <span class='ocrx_word' id='word_1_270' title='bbox 811 2191 946 2246; x_wconf 80' lang='lat' dir='ltr'><strong>forte</strong></span> <span class='ocrx_word' id='word_1_271' title='bbox 973 2192 1264 2245; x_wconf 91' lang='lat' dir='ltr'><strong>humanum</strong></span> <span class='ocrx_word' id='word_1_272' title='bbox 1304 2204 1501 2258; x_wconf 86' lang='lat' dir='ltr'><strong>corpus</strong></span> <span class='ocrx_word' id='word_1_273' title='bbox 1534 2201 1590 2242; x_wconf 89' lang='lat' dir='ltr'><strong>re</strong></span> <span class='ocrx_word' id='word_1_274' title='bbox 1645 2201 1708 2240; x_wconf 90' lang='lat' dir='ltr'><strong>ac</strong></span> <span class='ocrx_word' id='word_1_275' title='bbox 1761 2185 1994 2238; x_wconf 84' lang='lat' dir='ltr'><strong>veritate</strong></span> 
     </span>
    </p>
   </div>
   <div class='ocr_carea' id='block_1_39' title="bbox 419 2295 677 2357">
    <p class='ocr_par' dir='ltr' id='par_1_39' title="bbox 419 2295 677 2357">
     <span class='ocr_line' id='line_1_39' title="bbox 419 2295 677 2357; baseline -0.012 -16"><span class='ocrx_word' id='word_1_276' title='bbox 419 2295 677 2357; x_wconf 86' lang='lat' dir='ltr'><strong>gestasse.</strong></span> 
     </span>
    </p>
   </div>
   <div class='ocr_carea' id='block_1_40' title="bbox 2092 1813 3684 1889">
    <p class='ocr_par' dir='ltr' id='par_1_40' title="bbox 2092 1813 3684 1889">
     <span class='ocr_line' id='line_1_40' title="bbox 2092 1813 3684 1889; baseline -0.005 -17"><span class='ocrx_word' id='word_1_277' title='bbox 2092 1819 2272 1889; x_wconf 85' lang='grc' dir='ltr'>σῶμα.</span> <span class='ocrx_word' id='word_1_278' title='bbox 2303 1819 2364 1870; x_wconf 84' lang='grc' dir='ltr'>Εἰ</span> <span class='ocrx_word' id='word_1_279' title='bbox 2407 1817 2516 1888; x_wconf 79' lang='grc' dir='ltr'>γὰρ</span> <span class='ocrx_word' id='word_1_280' title='bbox 2560 1815 2654 1868; x_wconf 68' lang='grc' dir='ltr'>καὶ</span> <span class='ocrx_word' id='word_1_281' title='bbox 2699 1816 2857 1876; x_wconf 79' lang='grc' dir='ltr'>αὐτὸς</span> <span class='ocrx_word' id='word_1_282' title='bbox 2887 1817 2950 1867; x_wconf 86' lang='grc' dir='ltr'>ὲκ</span> <span class='ocrx_word' id='word_1_283' title='bbox 2987 1816 3085 1884; x_wconf 84' lang='grc' dir='ltr'><strong>τῆς</strong></span> <span class='ocrx_word' id='word_1_284' title='bbox 3106 1813 3210 1882; x_wconf 88' lang='grc' dir='ltr'><strong>γῆς</strong></span> <span class='ocrx_word' id='word_1_285' title='bbox 3237 1813 3584 1872; x_wconf 73' lang='grc' dir='ltr'>ὲπέπλαστο,</span> <span class='ocrx_word' id='word_1_286' title='bbox 3613 1814 3684 1874; x_wconf 67' lang='grc' dir='ltr'>ὡς</span> 
     </span>
    </p>
   </div>
   <div class='ocr_carea' id='block_1_41' title="bbox 2091 1906 3679 1982">
    <p class='ocr_par' dir='ltr' id='par_1_41' title="bbox 2091 1906 3679 1982">
     <span class='ocr_line' id='line_1_41' title="bbox 2091 1906 3679 1982; baseline -0.004 -19"><span class='ocrx_word' id='word_1_287' title='bbox 2091 1910 2332 1982; x_wconf 75' lang='grc' dir='ltr'>ἀρχηγὸς</span> <span class='ocrx_word' id='word_1_288' title='bbox 2361 1909 2452 1962; x_wconf 83' lang='grc' dir='ltr'>τοῦ</span> <span class='ocrx_word' id='word_1_289' title='bbox 2482 1911 2669 1977; x_wconf 76' lang='grc' dir='ltr'>γένους</span> <span class='ocrx_word' id='word_1_290' title='bbox 2709 1908 2816 1960; x_wconf 81' lang='grc' dir='ltr'><strong>τῶν</strong></span> <span class='ocrx_word' id='word_1_291' title='bbox 2856 1907 3175 1976; x_wconf 82' lang='grc' dir='ltr'>ἀνθρώπων,</span> <span class='ocrx_word' id='word_1_292' title='bbox 3213 1906 3480 1959; x_wconf 80' lang='grc' dir='ltr'>ὑπόνοιαν</span> <span class='ocrx_word' id='word_1_293' title='bbox 3513 1906 3679 1974; x_wconf 68' lang='grc' dir='ltr'><strong>ἐλάμ-</strong></span> 
     </span>
    </p>
   </div>
   <div class='ocr_carea' id='block_1_42' title="bbox 2092 2000 3682 2073">
    <p class='ocr_par' dir='ltr' id='par_1_42' title="bbox 2092 2000 3682 2073">
     <span class='ocr_line' id='line_1_42' title="bbox 2092 2000 3682 2073; baseline -0.003 -17"><span class='ocrx_word' id='word_1_294' title='bbox 2092 2004 2253 2056; x_wconf 78' lang='grc' dir='ltr'>ϐανον</span> <span class='ocrx_word' id='word_1_295' title='bbox 2286 2002 2444 2056; x_wconf 89' lang='grc' dir='ltr'>οἱδιὰ</span> <span class='ocrx_word' id='word_1_296' title='bbox 2468 2002 2766 2070; x_wconf 78' lang='grc' dir='ltr'>φαντασίας</span> <span class='ocrx_word' id='word_1_297' title='bbox 2784 2001 2881 2073; x_wconf 76' lang='grc' dir='ltr'>τὴν</span> <span class='ocrx_word' id='word_1_298' title='bbox 2909 2001 3129 2072; x_wconf 81' lang='grc' dir='ltr'><strong>δόκησιν</strong></span> <span class='ocrx_word' id='word_1_299' title='bbox 3162 2000 3508 2067; x_wconf 70' lang='grc' dir='ltr'>εἰσάγοντες,</span> <span class='ocrx_word' id='word_1_300' title='bbox 3551 2002 3682 2069; x_wconf 70' lang='grc' dir='ltr'>μήτε</span> 
     </span>
    </p>
   </div>
   <div class='ocr_carea' id='block_1_43' title="bbox 2091 2092 3527 2168">
    <p class='ocr_par' dir='ltr' id='par_1_43' title="bbox 2091 2092 3527 2168">
     <span class='ocr_line' id='line_1_43' title="bbox 2091 2092 3527 2168; baseline -0.003 -18"><span class='ocrx_word' id='word_1_301' title='bbox 2091 2095 2199 2168; x_wconf 79' lang='grc' dir='ltr'>ἄρα</span> <span class='ocrx_word' id='word_1_302' title='bbox 2236 2095 2298 2147; x_wconf 76' lang='grc' dir='ltr'>οὐ</span> <span class='ocrx_word' id='word_1_303' title='bbox 2331 2094 2473 2147; x_wconf 73' lang='grc' dir='ltr'>κατὰ</span> <span class='ocrx_word' id='word_1_304' title='bbox 2502 2093 2755 2166; x_wconf 76' lang='grc' dir='ltr'>ἀλήθειαν</span> <span class='ocrx_word' id='word_1_305' title='bbox 2782 2095 2974 2165; x_wconf 76' lang='grc' dir='ltr'>ἔφερεν</span> <span class='ocrx_word' id='word_1_306' title='bbox 3009 2092 3296 2165; x_wconf 76' lang='grc' dir='ltr'>ἀνθρώπου</span> <span class='ocrx_word' id='word_1_307' title='bbox 3337 2093 3527 2162; x_wconf 80' lang='grc' dir='ltr'>σῶμα.</span> 
     </span>
    </p>
   </div>
   <div class='ocr_carea' id='block_1_44' title="bbox 3441 2329 3472 2348">
    <p class='ocr_par' dir='ltr' id='par_1_44' title="bbox 3441 2329 3472 2348">
     <span class='ocr_line' id='line_1_44' title="bbox 3441 2329 3472 2348; baseline 0 0"><span class='ocrx_word' id='word_1_308' title='bbox 3441 2329 3472 2348; x_wconf 68' lang='grc' dir='ltr'><strong><em>ο</em></strong></span> 
     </span>
    </p>
   </div>
   <div class='ocr_carea' id='block_1_45' title="bbox 418 2374 3683 2512">
    <p class='ocr_par' dir='ltr' id='par_1_45' title="bbox 418 2374 3683 2512">
     <span class='ocr_line' id='line_1_45' title="bbox 418 2374 3683 2512; baseline -0.007 -59"><span class='ocrx_word' id='word_1_309' title='bbox 418 2399 548 2454; x_wconf 69' lang='lat' dir='ltr'><strong>CAP.</strong></span> <span class='ocrx_word' id='word_1_310' title='bbox 598 2396 728 2451; x_wconf 74' lang='lat' dir='ltr'><strong>Vill.</strong></span> <span class='ocrx_word' id='word_1_311' title='bbox 765 2397 844 2447; x_wconf 82' lang='grc' dir='ltr'><strong>Αη</strong></span> <span class='ocrx_word' id='word_1_312' title='bbox 872 2396 1069 2464; x_wconf 66' lang='lat' dir='ltr'><strong>nuptiae</strong></span> <span class='ocrx_word' id='word_1_313' title='bbox 1099 2394 1272 2448; x_wconf 67' lang='lat' dir='ltr'><strong>multa.</strong></span> <span class='ocrx_word' id='word_1_314' title='bbox 1318 2392 1455 2446; x_wconf 75' lang='lat' dir='ltr'><strong>Caro</strong></span> <span class='ocrx_word' id='word_1_315' title='bbox 1481 2393 1703 2462; x_wconf 79' lang='lat' dir='ltr'><strong>peccati,</strong></span> <span class='ocrx_word' id='word_1_316' title='bbox 1729 2387 1931 2512; x_wconf 50' lang='lat' dir='ltr'><strong>conuelli</strong></span> <span class='ocrx_word' id='word_1_317' title='bbox 1959 2383 2144 2466; x_wconf 74' lang='lat' dir='ltr'><strong>copula</strong></span> <span class='ocrx_word' id='word_1_318' title='bbox 2173 2388 2480 2501; x_wconf 46' lang='lat' dir='ltr'><strong>pcopngata,</strong></span> <span class='ocrx_word' id='word_1_319' title='bbox 2510 2378 2658 2448; x_wconf 81' lang='lat' dir='ltr'><strong>cujus</strong></span> <span class='ocrx_word' id='word_1_320' title='bbox 2683 2395 2715 2430; x_wconf 89' lang='lat' dir='ltr'><strong>a</strong></span> <span class='ocrx_word' id='word_1_321' title='bbox 2741 2390 2946 2445; x_wconf 78' lang='lat' dir='ltr'><strong>peccato</strong></span> <span class='ocrx_word' id='word_1_322' title='bbox 2973 2389 3118 2431; x_wconf 82' lang='lat' dir='ltr'><strong>ortus</strong></span> <span class='ocrx_word' id='word_1_323' title='bbox 3145 2379 3384 2430; x_wconf 69' lang='lat' dir='ltr'><strong>exsistat.</strong></span> <span class='ocrx_word' id='word_1_324' title='bbox 3414 2374 3683 2430; x_wconf 68' lang='lat' dir='ltr'><strong>Fidelica</strong></span> 
     </span>
     <span class='ocr_line' id='line_1_46' title="bbox 1761 2462 2322 2512; baseline -0.018 0"><span class='ocrx_word' id='word_1_325' title='bbox 1761 2462 1812 2512; x_wconf 86' lang='lat' dir='ltr'><strong>in</strong></span> <span class='ocrx_word' id='word_1_326' title='bbox 1920 2468 2064 2510; x_wconf 83' lang='lat' dir='ltr'><strong>tristo</strong></span> <span class='ocrx_word' id='word_1_327' title='bbox 2111 2467 2213 2512; x_wconf 84' lang='lat' dir='ltr'><strong>nup</strong></span> <span class='ocrx_word' id='word_1_328' title='bbox 2240 2467 2322 2503; x_wconf 77' lang='lat' dir='ltr'><strong>ne.</strong></span> 
     </span>
    </p>
   </div>
   <div class='ocr_carea' id='block_1_46' title="bbox 1761 2462 2322 2519">
    <p class='ocr_par' dir='ltr' id='par_1_46' title="bbox 1761 2462 2322 2519">
     <span class='ocr_line' id='line_1_47' title="bbox 1761 2462 2322 2519; baseline -0.014 -8"><span class='ocrx_word' id='word_1_329' title='bbox 1761 2462 1812 2513; x_wconf 85' lang='lat' dir='ltr'><strong>in</strong></span> <span class='ocrx_word' id='word_1_330' title='bbox 1858 2462 2064 2512; x_wconf 78' lang='lat' dir='ltr'><strong>Christo</strong></span> <span class='ocrx_word' id='word_1_331' title='bbox 2111 2463 2322 2519; x_wconf 69' lang='lat' dir='ltr'><strong>nuptm.</strong></span> 
     </span>
    </p>
   </div>
   <div class='ocr_carea' id='block_1_47' title="bbox 488 2551 2000 2622">
    <p class='ocr_par' dir='ltr' id='par_1_47' title="bbox 488 2551 2000 2622">
     <span class='ocr_line' id='line_1_48' title="bbox 488 2551 2000 2622; baseline -0.007 -12"><span class='ocrx_word' id='word_1_332' title='bbox 488 2555 778 2620; x_wconf 60' lang='lat' dir='ltr'><strong>Praeterea,</strong></span> <span class='ocrx_word' id='word_1_333' title='bbox 836 2554 880 2608; x_wconf 89' lang='lat' dir='ltr'><strong>si</strong></span> <span class='ocrx_word' id='word_1_334' title='bbox 929 2569 1124 2620; x_wconf 86' lang='lat' dir='ltr'><strong>corpus</strong></span> <span class='ocrx_word' id='word_1_335' title='bbox 1175 2569 1239 2607; x_wconf 79' lang='lat' dir='ltr'><strong>ex</strong></span> <span class='ocrx_word' id='word_1_336' title='bbox 1287 2553 1386 2606; x_wconf 90' lang='lat' dir='ltr'><strong>viri</strong></span> <span class='ocrx_word' id='word_1_337' title='bbox 1439 2551 1817 2622; x_wconf 79' lang='lat' dir='ltr'><strong>conjunctione</strong></span> <span class='ocrx_word' id='word_1_338' title='bbox 1847 2567 2000 2603; x_wconf 68' lang='lat'><strong>$11.&quot;-</strong></span> 
     </span>
    </p>
   </div>
   <div class='ocr_carea' id='block_1_48' title="bbox 419 2640 2002 2713">
    <p class='ocr_par' dir='ltr' id='par_1_48' title="bbox 419 2640 2002 2713">
     <span class='ocr_line' id='line_1_49' title="bbox 419 2640 2002 2713; baseline -0.001 -18"><span class='ocrx_word' id='word_1_339' title='bbox 419 2643 636 2713; x_wconf 89' lang='lat' dir='ltr'><strong>psisset,</strong></span> <span class='ocrx_word' id='word_1_340' title='bbox 669 2659 789 2697; x_wconf 90' lang='lat' dir='ltr'><strong>cum</strong></span> <span class='ocrx_word' id='word_1_341' title='bbox 823 2643 873 2696; x_wconf 91' lang='lat' dir='ltr'><strong>in</strong></span> <span class='ocrx_word' id='word_1_342' title='bbox 925 2643 1068 2695; x_wconf 90' lang='lat' dir='ltr'><strong>nullo</strong></span> <span class='ocrx_word' id='word_1_343' title='bbox 1103 2640 1373 2707; x_wconf 67' lang='lat' dir='ltr'><strong>differret;</strong></span> <span class='ocrx_word' id='word_1_344' title='bbox 1419 2642 1530 2708; x_wconf 86' lang='lat' dir='ltr'><strong>ipse</strong></span> <span class='ocrx_word' id='word_1_345' title='bbox 1575 2656 1787 2711; x_wconf 87' lang='lat' dir='ltr'><strong>quoque</strong></span> <span class='ocrx_word' id='word_1_346' title='bbox 1820 2641 2002 2708; x_wconf 90' lang='lat' dir='ltr'><strong>utique</strong></span> 
     </span>
    </p>
   </div>
   <div class='ocr_carea' id='block_1_49' title="bbox 420 2733 2002 2804">
    <p class='ocr_par' dir='ltr' id='par_1_49' title="bbox 420 2733 2002 2804">
     <span class='ocr_line' id='line_1_50' title="bbox 420 2733 2002 2804; baseline 0.001 -19"><span class='ocrx_word' id='word_1_347' title='bbox 420 2746 662 2804; x_wconf 82' lang='lat' dir='ltr'><strong>peccato,</strong></span> <span class='ocrx_word' id='word_1_348' title='bbox 692 2735 833 2802; x_wconf 87' lang='lat' dir='ltr'><strong>quod</strong></span> <span class='ocrx_word' id='word_1_349' title='bbox 883 2751 949 2788; x_wconf 84' lang='lat' dir='ltr'><strong>ex</strong></span> <span class='ocrx_word' id='word_1_350' title='bbox 992 2735 1199 2786; x_wconf 88' lang='lat' dir='ltr'><strong>Adamo</strong></span> <span class='ocrx_word' id='word_1_351' title='bbox 1251 2733 1364 2800; x_wconf 86' lang='lat' dir='ltr'><strong>ejus</strong></span> <span class='ocrx_word' id='word_1_352' title='bbox 1408 2748 1594 2787; x_wconf 87' lang='lat' dir='ltr'><strong>omnes</strong></span> <span class='ocrx_word' id='word_1_353' title='bbox 1652 2733 1850 2801; x_wconf 90' lang='lat' dir='ltr'><strong>posteri</strong></span> <span class='ocrx_word' id='word_1_354' title='bbox 1908 2747 2002 2800; x_wconf 87' lang='lat' dir='ltr'><strong>per</strong></span> 
     </span>
    </p>
   </div>
   <div class='ocr_carea' id='block_1_50' title="bbox 420 2825 1996 2891">
    <p class='ocr_par' dir='ltr' id='par_1_50' title="bbox 420 2825 1996 2891">
     <span class='ocr_line' id='line_1_51' title="bbox 420 2825 1996 2891; baseline -0.001 -11"><span class='ocrx_word' id='word_1_355' title='bbox 420 2827 818 2881; x_wconf 85' lang='lat' dir='ltr'><strong>successionem</strong></span> <span class='ocrx_word' id='word_1_356' title='bbox 860 2827 1206 2891; x_wconf 67' lang='lat' dir='ltr'><strong>coxitrahunt,</strong></span> <span class='ocrx_word' id='word_1_357' title='bbox 1256 2828 1522 2878; x_wconf 81' lang='lat' dir='ltr'><strong>obnoxius</strong></span> <span class='ocrx_word' id='word_1_358' title='bbox 1571 2825 1785 2879; x_wconf 90' lang='lat' dir='ltr'><strong>habitus</strong></span> <span class='ocrx_word' id='word_1_359' title='bbox 1832 2835 1996 2879; x_wconf 85' lang='lat' dir='ltr'><strong>esset.</strong></span> 
     </span>
    </p>
   </div>
   <div class='ocr_carea' id='block_1_51' title="bbox 2168 2539 3684 2612">
    <p class='ocr_par' dir='ltr' id='par_1_51' title="bbox 2168 2539 3684 2612">
     <span class='ocr_line' id='line_1_52' title="bbox 2168 2539 3684 2612; baseline -0.002 -16"><span class='ocrx_word' id='word_1_360' title='bbox 2168 2543 2357 2602; x_wconf 84' lang='grc' dir='ltr'>Πάλιν,</span> <span class='ocrx_word' id='word_1_361' title='bbox 2383 2543 2430 2594; x_wconf 90' lang='grc' dir='ltr'><strong>εί</strong></span> <span class='ocrx_word' id='word_1_362' title='bbox 2453 2541 2518 2594; x_wconf 81' lang='grc' dir='ltr'>ὲκ</span> <span class='ocrx_word' id='word_1_363' title='bbox 2545 2541 2880 2612; x_wconf 79' lang='grc' dir='ltr'>συνδυασμοῦ</span> <span class='ocrx_word' id='word_1_364' title='bbox 2904 2539 3176 2609; x_wconf 75' lang='grc' dir='ltr'><strong>ἀνειλήφει</strong></span> <span class='ocrx_word' id='word_1_365' title='bbox 3210 2539 3392 2608; x_wconf 80' lang='grc' dir='ltr'>σῶμα.</span> <span class='ocrx_word' id='word_1_366' title='bbox 3419 2542 3529 2594; x_wconf 70' lang='grc' dir='ltr'><strong>οὐκ</strong></span> <span class='ocrx_word' id='word_1_367' title='bbox 3552 2543 3684 2612; x_wconf 74' lang='grc' dir='ltr'>ἔχων</span> 
     </span>
    </p>
   </div>
   <div class='ocr_carea' id='block_1_52' title="bbox 2096 2633 3684 2706">
    <p class='ocr_par' dir='ltr' id='par_1_52' title="bbox 2096 2633 3684 2706">
     <span class='ocr_line' id='line_1_53' title="bbox 2096 2633 3684 2706; baseline -0.001 -18"><span class='ocrx_word' id='word_1_368' title='bbox 2096 2636 2157 2688; x_wconf 79' lang='grc' dir='ltr'>τὸ</span> <span class='ocrx_word' id='word_1_369' title='bbox 2190 2633 2656 2706; x_wconf 80' lang='grc' dir='ltr'><strong>παρηλλαγμένον,</strong></span> <span class='ocrx_word' id='word_1_370' title='bbox 2702 2635 2956 2704; x_wconf 78' lang='grc' dir='ltr'><strong>ἐνομίσθη</strong></span> <span class='ocrx_word' id='word_1_371' title='bbox 2990 2633 3056 2686; x_wconf 86' lang='grc' dir='ltr'><strong>ἂν</strong></span> <span class='ocrx_word' id='word_1_372' title='bbox 3078 2635 3171 2686; x_wconf 75' lang='grc' dir='ltr'><strong>καὶ</strong></span> <span class='ocrx_word' id='word_1_373' title='bbox 3196 2633 3361 2696; x_wconf 74' lang='grc' dir='ltr'>αὐτὸς</span> <span class='ocrx_word' id='word_1_374' title='bbox 3384 2635 3684 2697; x_wconf 45' lang='lat' dir='ltr'><strong>{itaita-ao;</strong></span> 
     </span>
    </p>
   </div>
   <div class='ocr_carea' id='block_1_53' title="bbox 2099 2719 3682 2797">
    <p class='ocr_par' dir='ltr' id='par_1_53' title="bbox 2099 2719 3682 2797">
     <span class='ocr_line' id='line_1_54' title="bbox 2099 2719 3682 2797; baseline 0.001 -19"><span class='ocrx_word' id='word_1_375' title='bbox 2099 2720 2238 2779; x_wconf 78' lang='grc' dir='ltr'>εἶναι</span> <span class='ocrx_word' id='word_1_376' title='bbox 2270 2725 2452 2797; x_wconf 74' lang='grc' dir='ltr'>ἐκείνῃ</span> <span class='ocrx_word' id='word_1_377' title='bbox 2479 2727 2542 2794; x_wconf 83' lang='grc' dir='ltr'>τῇ</span> <span class='ocrx_word' id='word_1_378' title='bbox 2597 2726 2860 2796; x_wconf 81' lang='grc' dir='ltr'>ἁμαρτίᾳ,</span> <span class='ocrx_word' id='word_1_379' title='bbox 2915 2719 3058 2797; x_wconf 73' lang='grc' dir='ltr'>ᾗπερ</span> <span class='ocrx_word' id='word_1_380' title='bbox 3080 2727 3172 2777; x_wconf 75' lang='grc' dir='ltr'><strong>καὶ</strong></span> <span class='ocrx_word' id='word_1_381' title='bbox 3200 2726 3251 2776; x_wconf 85' lang='grc' dir='ltr'>οἱ</span> <span class='ocrx_word' id='word_1_382' title='bbox 3283 2728 3345 2777; x_wconf 77' lang='grc' dir='ltr'><strong>ἐκ</strong></span> <span class='ocrx_word' id='word_1_383' title='bbox 3375 2725 3470 2777; x_wconf 76' lang='grc' dir='ltr'>τοῦ</span> <span class='ocrx_word' id='word_1_384' title='bbox 3521 2727 3682 2794; x_wconf 63' lang='grc' dir='ltr'>Ἀδὰμ</span> 
     </span>
    </p>
   </div>
   <div class='ocr_carea' id='block_1_54' title="bbox 2101 2815 3684 2886">
    <p class='ocr_par' dir='ltr' id='par_1_54' title="bbox 2101 2815 3684 2886">
     <span class='ocr_line' id='line_1_55' title="bbox 2101 2815 3684 2886; baseline 0.002 -18"><span class='ocrx_word' id='word_1_385' title='bbox 2101 2817 2303 2878; x_wconf 80' lang='grc' dir='ltr'>πάντες</span> <span class='ocrx_word' id='word_1_386' title='bbox 2337 2815 2478 2867; x_wconf 87' lang='grc' dir='ltr'><strong>κατὰ</strong></span> <span class='ocrx_word' id='word_1_387' title='bbox 2506 2815 2754 2886; x_wconf 73' lang='grc' dir='ltr'>διαδοχὴν</span> <span class='ocrx_word' id='word_1_388' title='bbox 2803 2817 3065 2886; x_wconf 75' lang='grc' dir='ltr'>ὑπῆρχον.</span> <span class='ocrx_word' id='word_1_389' title='bbox 3120 2817 3180 2868; x_wconf 73' lang='lat' dir='ltr'><strong>Ei</strong></span> <span class='ocrx_word' id='word_1_390' title='bbox 3215 2816 3272 2868; x_wconf 80' lang='grc' dir='ltr'><strong>δὲ</strong></span> <span class='ocrx_word' id='word_1_391' title='bbox 3329 2816 3578 2886; x_wconf 75' lang='grc' dir='ltr'>λέγοιενο</span> <span class='ocrx_word' id='word_1_392' title='bbox 3629 2820 3684 2871; x_wconf 74' lang='lat' dir='ltr'><strong>Ei</strong></span> 
     </span>
    </p>
   </div>
   <div class='ocr_carea' id='block_1_55' title="bbox 423 2905 1999 3007">
    <p class='ocr_par' dir='ltr' id='par_1_55' title="bbox 423 2916 1997 2986">
     <span class='ocr_line' id='line_1_56' title="bbox 423 2916 1997 2986; baseline -0.001 -16"><span class='ocrx_word' id='word_1_393' title='bbox 423 2917 480 2970; x_wconf 85' lang='lat' dir='ltr'><strong>Si</strong></span> <span class='ocrx_word' id='word_1_394' title='bbox 526 2932 654 2972; x_wconf 88' lang='lat' dir='ltr'><strong>vero</strong></span> <span class='ocrx_word' id='word_1_395' title='bbox 711 2917 945 2969; x_wconf 80' lang='lat' dir='ltr'><strong>dixerint</strong></span> <span class='ocrx_word' id='word_1_396' title='bbox 973 2932 986 2966; x_wconf 74' lang='grc' dir='ltr'><strong>ε</strong></span> <span class='ocrx_word' id='word_1_397' title='bbox 1045 2916 1099 2969; x_wconf 89' lang='lat' dir='ltr'><strong>Si</strong></span> <span class='ocrx_word' id='word_1_398' title='bbox 1129 2931 1254 2969; x_wconf 92' lang='lat' dir='ltr'><strong>caro</strong></span> <span class='ocrx_word' id='word_1_399' title='bbox 1278 2917 1485 2983; x_wconf 90' lang='lat' dir='ltr'><strong>peccati</strong></span> <span class='ocrx_word' id='word_1_400' title='bbox 1518 2925 1600 2970; x_wconf 87' lang='lat' dir='ltr'><strong>est</strong></span> <span class='ocrx_word' id='word_1_401' title='bbox 1628 2932 1747 2986; x_wconf 74' lang='lat' dir='ltr'><strong>qua:</strong></span> <span class='ocrx_word' id='word_1_402' title='bbox 1779 2931 1841 2970; x_wconf 84' lang='lat' dir='ltr'><strong>ex</strong></span> <span class='ocrx_word' id='word_1_403' title='bbox 1867 2931 1997 2971; x_wconf 92' lang='lat' dir='ltr'><strong>cou-</strong></span> 
     </span>
    </p>
   </div>
   <div class='ocr_carea' id='block_1_56' title="bbox 2125 2905 3684 3007">
    <p class='ocr_par' dir='ltr' id='par_1_56' title="bbox 2125 2905 3684 2980">
     <span class='ocr_line' id='line_1_57' title="bbox 2125 2905 3684 2980; baseline 0.003 -22"><span class='ocrx_word' id='word_1_404' title='bbox 2125 2905 2240 2978; x_wconf 69' lang='grc' dir='ltr'>ῖὰρξ</span> <span class='ocrx_word' id='word_1_405' title='bbox 2268 2907 2541 2977; x_wconf 78' lang='grc' dir='ltr'>ἁμαρτίας</span> <span class='ocrx_word' id='word_1_406' title='bbox 2569 2907 2713 2960; x_wconf 74' lang='grc' dir='ltr'>ἐστὶν</span> <span class='ocrx_word' id='word_1_407' title='bbox 2762 2910 2793 2978; x_wconf 80' lang='grc' dir='ltr'><strong>ἡ</strong></span> <span class='ocrx_word' id='word_1_408' title='bbox 2839 2907 2904 2960; x_wconf 85' lang='grc' dir='ltr'>ὲκ</span> <span class='ocrx_word' id='word_1_409' title='bbox 2934 2908 3214 2970; x_wconf 77' lang='grc' dir='ltr'>συνουσία;</span> <span class='ocrx_word' id='word_1_410' title='bbox 3240 2909 3429 2980; x_wconf 74' lang='grc' dir='ltr'>ἀνδρὸς</span> <span class='ocrx_word' id='word_1_411' title='bbox 3463 2912 3564 2962; x_wconf 80' lang='grc' dir='ltr'>καὶ</span> <span class='ocrx_word' id='word_1_412' title='bbox 3595 2930 3684 2979; x_wconf 63' lang='lat' dir='ltr'><strong>ra-</strong></span> 
     </span>
    </p>
   </div>
   <div class='ocr_carea' id='block_1_57' title="bbox 419 3007 1996 3076">
    <p class='ocr_par' dir='ltr' id='par_1_57' title="bbox 419 3007 1996 3076">
     <span class='ocr_line' id='line_1_58' title="bbox 419 3007 1996 3076; baseline 0 -16"><span class='ocrx_word' id='word_1_413' title='bbox 419 3008 700 3076; x_wconf 90' lang='lat' dir='ltr'><strong>junctioue</strong></span> <span class='ocrx_word' id='word_1_414' title='bbox 731 3007 830 3060; x_wconf 87' lang='lat' dir='ltr'><strong>viri</strong></span> <span class='ocrx_word' id='word_1_415' title='bbox 864 3016 916 3060; x_wconf 90' lang='lat' dir='ltr'><strong>et</strong></span> <span class='ocrx_word' id='word_1_416' title='bbox 948 3007 1156 3060; x_wconf 71' lang='lat' dir='ltr'><strong>feminae</strong></span> <span class='ocrx_word' id='word_1_417' title='bbox 1191 3017 1314 3060; x_wconf 86' lang='lat' dir='ltr'><strong>nata</strong></span> <span class='ocrx_word' id='word_1_418' title='bbox 1365 3017 1468 3072; x_wconf 91' lang='lat' dir='ltr'><strong>est,</strong></span> <span class='ocrx_word' id='word_1_419' title='bbox 1518 3007 1672 3061; x_wconf 67' lang='lat' dir='ltr'><strong>mala:</strong></span> <span class='ocrx_word' id='word_1_420' title='bbox 1717 3018 1840 3061; x_wconf 91' lang='lat' dir='ltr'><strong>sunt</strong></span> <span class='ocrx_word' id='word_1_421' title='bbox 1898 3024 1996 3060; x_wconf 89' lang='lat' dir='ltr'><strong>nu-</strong></span> 
     </span>
    </p>
   </div>
   <div class='ocr_carea' id='block_1_58' title="bbox 421 3097 1996 3168">
    <p class='ocr_par' dir='ltr' id='par_1_58' title="bbox 421 3097 1996 3168">
     <span class='ocr_line' id='line_1_59' title="bbox 421 3097 1996 3168; baseline -0.001 -17"><span class='ocrx_word' id='word_1_422' title='bbox 421 3099 582 3168; x_wconf 69' lang='lat' dir='ltr'><strong>ptiae;</strong></span> <span class='ocrx_word' id='word_1_423' title='bbox 640 3099 858 3152; x_wconf 84' lang='lat' dir='ltr'><strong>audiant</strong></span> <span class='ocrx_word' id='word_1_424' title='bbox 899 3099 984 3152; x_wconf 90' lang='lat' dir='ltr'><strong>isti</strong></span> <span class='ocrx_word' id='word_1_425' title='bbox 1016 3115 1030 3150; x_wconf 88' lang='lat'><strong>:</strong></span> <span class='ocrx_word' id='word_1_426' title='bbox 1060 3098 1197 3152; x_wconf 83' lang='lat' dir='ltr'><strong>Ante</strong></span> <span class='ocrx_word' id='word_1_427' title='bbox 1235 3100 1518 3152; x_wconf 87' lang='lat' dir='ltr'><strong>adventum</strong></span> <span class='ocrx_word' id='word_1_428' title='bbox 1553 3099 1871 3167; x_wconf 86' lang='lat' dir='ltr'><strong>Salvatoris,</strong></span> <span class='ocrx_word' id='word_1_429' title='bbox 1907 3097 1996 3168; x_wconf 91' lang='lat' dir='ltr'><strong>qui</strong></span> 
     </span>
    </p>
   </div>
   <div class='ocr_carea' id='block_1_59' title="bbox 425 3191 1994 3258">
    <p class='ocr_par' dir='ltr' id='par_1_59' title="bbox 425 3191 1994 3258">
     <span class='ocr_line' id='line_1_60' title="bbox 425 3191 1994 3258; baseline 0 -14"><span class='ocrx_word' id='word_1_430' title='bbox 425 3191 647 3244; x_wconf 86' lang='lat' dir='ltr'><strong>abstulit</strong></span> <span class='ocrx_word' id='word_1_431' title='bbox 681 3198 956 3258; x_wconf 89' lang='lat' dir='ltr'><strong>peccatum</strong></span> <span class='ocrx_word' id='word_1_432' title='bbox 981 3191 1187 3253; x_wconf 89' lang='lat' dir='ltr'><strong>mundi,</strong></span> <span class='ocrx_word' id='word_1_433' title='bbox 1217 3207 1408 3244; x_wconf 91' lang='lat' dir='ltr'><strong>omnes</strong></span> <span class='ocrx_word' id='word_1_434' title='bbox 1439 3191 1688 3245; x_wconf 91' lang='lat' dir='ltr'><strong>homines</strong></span> <span class='ocrx_word' id='word_1_435' title='bbox 1723 3192 1864 3245; x_wconf 88' lang='lat' dir='ltr'><strong>sicut</strong></span> <span class='ocrx_word' id='word_1_436' title='bbox 1890 3191 1994 3244; x_wconf 85' lang='lat' dir='ltr'><strong>alia</strong></span> 
     </span>
    </p>
   </div>
   <div class='ocr_carea' id='block_1_60' title="bbox 426 3281 1999 3352">
    <p class='ocr_par' dir='ltr' id='par_1_60' title="bbox 426 3281 1999 3352">
     <span class='ocr_line' id='line_1_61' title="bbox 426 3281 1999 3352; baseline 0.001 -18"><span class='ocrx_word' id='word_1_437' title='bbox 426 3296 548 3334; x_wconf 92' lang='lat' dir='ltr'><strong>cum</strong></span> <span class='ocrx_word' id='word_1_438' title='bbox 582 3290 802 3349; x_wconf 88' lang='lat' dir='ltr'><strong>peccato</strong></span> <span class='ocrx_word' id='word_1_439' title='bbox 825 3282 1071 3350; x_wconf 77' lang='lat' dir='ltr'><strong>agebant,</strong></span> <span class='ocrx_word' id='word_1_440' title='bbox 1101 3281 1179 3334; x_wconf 88' lang='lat' dir='ltr'><strong>sic</strong></span> <span class='ocrx_word' id='word_1_441' title='bbox 1200 3281 1361 3335; x_wconf 92' lang='lat' dir='ltr'><strong>etiam</strong></span> <span class='ocrx_word' id='word_1_442' title='bbox 1387 3283 1598 3350; x_wconf 86' lang='lat' dir='ltr'><strong>nuptias</strong></span> <span class='ocrx_word' id='word_1_443' title='bbox 1621 3298 1742 3336; x_wconf 93' lang='lat' dir='ltr'><strong>cum</strong></span> <span class='ocrx_word' id='word_1_444' title='bbox 1779 3292 1999 3352; x_wconf 85' lang='lat' dir='ltr'><strong>peccato</strong></span> 
     </span>
    </p>
   </div>
   <div class='ocr_carea' id='block_1_61' title="bbox 427 3372 1999 3442">
    <p class='ocr_par' dir='ltr' id='par_1_61' title="bbox 427 3372 1999 3442">
     <span class='ocr_line' id='line_1_62' title="bbox 427 3372 1999 3442; baseline 0 -15"><span class='ocrx_word' id='word_1_445' title='bbox 427 3372 722 3427; x_wconf 87' lang='lat' dir='ltr'><strong>habebant.</strong></span> <span class='ocrx_word' id='word_1_446' title='bbox 753 3372 900 3426; x_wconf 86' lang='lat' dir='ltr'><strong>Unde</strong></span> <span class='ocrx_word' id='word_1_447' title='bbox 927 3373 1174 3428; x_wconf 88' lang='lat' dir='ltr'><strong>similiter</strong></span> <span class='ocrx_word' id='word_1_448' title='bbox 1200 3374 1265 3427; x_wconf 90' lang='lat' dir='ltr'><strong>de</strong></span> <span class='ocrx_word' id='word_1_449' title='bbox 1294 3374 1611 3442; x_wconf 87' lang='lat' dir='ltr'><strong>corporibus</strong></span> <span class='ocrx_word' id='word_1_450' title='bbox 1633 3389 1700 3428; x_wconf 88' lang='lat' dir='ltr'><strong>ex</strong></span> <span class='ocrx_word' id='word_1_451' title='bbox 1729 3374 1999 3438; x_wconf 88' lang='lat' dir='ltr'><strong>con_nubio</strong></span> 
     </span>
    </p>
   </div>
   <div class='ocr_carea' id='block_1_62' title="bbox 431 3463 2000 3535">
    <p class='ocr_par' dir='ltr' id='par_1_62' title="bbox 431 3463 2000 3535">
     <span class='ocr_line' id='line_1_63' title="bbox 431 3463 2000 3535; baseline -0.001 -17"><span class='ocrx_word' id='word_1_452' title='bbox 431 3465 574 3518; x_wconf 90' lang='lat' dir='ltr'><strong>natis</strong></span> <span class='ocrx_word' id='word_1_453' title='bbox 626 3463 1028 3534; x_wconf 80' lang='lat' dir='ltr'><strong>intelligendum</strong></span> <span class='ocrx_word' id='word_1_454' title='bbox 1074 3476 1156 3519; x_wconf 90' lang='lat' dir='ltr'><strong>est</strong></span> <span class='ocrx_word' id='word_1_455' title='bbox 1185 3482 1197 3516; x_wconf 92' lang='lat'><strong>:</strong></span> <span class='ocrx_word' id='word_1_456' title='bbox 1230 3465 1478 3534; x_wconf 90' lang='lat' dir='ltr'><strong>quodque</strong></span> <span class='ocrx_word' id='word_1_457' title='bbox 1507 3467 1637 3519; x_wconf 89' lang='lat' dir='ltr'><strong>adeo</strong></span> <span class='ocrx_word' id='word_1_458' title='bbox 1664 3474 1782 3535; x_wconf 91' lang='lat' dir='ltr'><strong>post</strong></span> <span class='ocrx_word' id='word_1_459' title='bbox 1810 3480 2000 3534; x_wconf 80' lang='lat' dir='ltr'><strong>pecca-</strong></span> 
     </span>
    </p>
   </div>
   <div class='ocr_carea' id='block_1_63' title="bbox 428 3558 2000 3625">
    <p class='ocr_par' dir='ltr' id='par_1_63' title="bbox 428 3558 2000 3625">
     <span class='ocr_line' id='line_1_64' title="bbox 428 3558 2000 3625; baseline 0 -16"><span class='ocrx_word' id='word_1_460' title='bbox 428 3565 540 3611; x_wconf 89' lang='lat' dir='ltr'><strong>tum</strong></span> <span class='ocrx_word' id='word_1_461' title='bbox 587 3559 726 3612; x_wconf 81' lang='lat' dir='ltr'><strong>l&#39;acta</strong></span> <span class='ocrx_word' id='word_1_462' title='bbox 776 3567 858 3610; x_wconf 88' lang='lat' dir='ltr'><strong>est</strong></span> <span class='ocrx_word' id='word_1_463' title='bbox 917 3558 1045 3611; x_wconf 80' lang='lat' dir='ltr'><strong>Adae</strong></span> <span class='ocrx_word' id='word_1_464' title='bbox 1092 3573 1211 3612; x_wconf 91' lang='lat' dir='ltr'><strong>cum</strong></span> <span class='ocrx_word' id='word_1_465' title='bbox 1265 3558 1371 3612; x_wconf 80' lang='lat' dir='ltr'><strong>Eva</strong></span> <span class='ocrx_word' id='word_1_466' title='bbox 1413 3559 1756 3625; x_wconf 81' lang='lat' dir='ltr'><strong>conjunctio;</strong></span> <span class='ocrx_word' id='word_1_467' title='bbox 1797 3558 2000 3611; x_wconf 70' lang='lat' dir='ltr'><strong>idcirco</strong></span> 
     </span>
    </p>
   </div>
   <div class='ocr_carea' id='block_1_64' title="bbox 430 3637 1998 3720">
    <p class='ocr_par' dir='ltr' id='par_1_64' title="bbox 430 3637 1998 3720">
     <span class='ocr_line' id='line_1_65' title="bbox 430 3637 1998 3720; baseline 0.001 -18"><span class='ocrx_word' id='word_1_468' title='bbox 430 3665 558 3703; x_wconf 87' lang='lat' dir='ltr'><strong>caro</strong></span> <span class='ocrx_word' id='word_1_469' title='bbox 593 3649 798 3718; x_wconf 87' lang='lat' dir='ltr'><strong>peccati</strong></span> <span class='ocrx_word' id='word_1_470' title='bbox 831 3649 970 3703; x_wconf 88' lang='lat' dir='ltr'><strong>dicta</strong></span> <span class='ocrx_word' id='word_1_471' title='bbox 1002 3658 1104 3704; x_wconf 90' lang='lat' dir='ltr'><strong>est.</strong></span> <span class='ocrx_word' id='word_1_472' title='bbox 1138 3649 1236 3716; x_wconf 82' lang='lat' dir='ltr'><strong>Qui</strong></span> <span class='ocrx_word' id='word_1_473' title='bbox 1267 3651 1407 3703; x_wconf 88' lang='lat' dir='ltr'><strong>enim</strong></span> <span class='ocrx_word' id='word_1_474' title='bbox 1443 3637 1566 3704; x_wconf 82' lang='lat' dir='ltr'><strong>ante</strong></span> <span class='ocrx_word' id='word_1_475' title='bbox 1590 3659 1872 3720; x_wconf 84' lang='lat' dir='ltr'><strong>peccatum</strong></span> <span class='ocrx_word' id='word_1_476' title='bbox 1898 3652 1998 3705; x_wconf 90' lang='lat' dir='ltr'><strong>im-</strong></span> 
     </span>
    </p>
   </div>
   <div class='ocr_carea' id='block_1_65' title="bbox 431 3741 1998 3810">
    <p class='ocr_par' dir='ltr' id='par_1_65' title="bbox 431 3741 1998 3810">
     <span class='ocr_line' id='line_1_66' title="bbox 431 3741 1998 3810; baseline 0.001 -16"><span class='ocrx_word' id='word_1_477' title='bbox 431 3741 678 3795; x_wconf 87' lang='lat' dir='ltr'><strong>mortalis</strong></span> <span class='ocrx_word' id='word_1_478' title='bbox 709 3749 847 3803; x_wconf 88' lang='lat' dir='ltr'><strong>erat,</strong></span> <span class='ocrx_word' id='word_1_479' title='bbox 877 3755 975 3810; x_wconf 91' lang='lat' dir='ltr'><strong>per</strong></span> <span class='ocrx_word' id='word_1_480' title='bbox 1027 3751 1305 3810; x_wconf 84' lang='lat' dir='ltr'><strong>peccatum</strong></span> <span class='ocrx_word' id='word_1_481' title='bbox 1355 3742 1598 3795; x_wconf 83' lang='lat' dir='ltr'><strong>mortalis</strong></span> <span class='ocrx_word' id='word_1_482' title='bbox 1657 3742 1826 3795; x_wconf 82' lang='lat' dir='ltr'><strong>factus</strong></span> <span class='ocrx_word' id='word_1_483' title='bbox 1878 3753 1998 3809; x_wconf 88' lang='lat' dir='ltr'><strong>est;</strong></span> 
     </span>
    </p>
   </div>
   <div class='ocr_carea' id='block_1_66' title="bbox 431 3829 2001 3900">
    <p class='ocr_par' dir='ltr' id='par_1_66' title="bbox 431 3829 2001 3900">
     <span class='ocr_line' id='line_1_67' title="bbox 431 3829 2001 3900; baseline -0.002 -16"><span class='ocrx_word' id='word_1_484' title='bbox 431 3842 591 3900; x_wconf 88' lang='lat' dir='ltr'><strong>atque</strong></span> <span class='ocrx_word' id='word_1_485' title='bbox 621 3829 692 3883; x_wconf 88' lang='lat' dir='ltr'><strong>ita</strong></span> <span class='ocrx_word' id='word_1_486' title='bbox 727 3830 999 3884; x_wconf 89' lang='lat' dir='ltr'><strong>successio</strong></span> <span class='ocrx_word' id='word_1_487' title='bbox 1029 3831 1409 3883; x_wconf 82' lang='lat' dir='ltr'><strong>mortalitatem</strong></span> <span class='ocrx_word' id='word_1_488' title='bbox 1443 3831 1622 3886; x_wconf 81' lang='lat' dir='ltr'><strong>habet.</strong></span> <span class='ocrx_word' id='word_1_489' title='bbox 1674 3830 2001 3884; x_wconf 72' lang='lat' dir='ltr'><strong>Similitudi-</strong></span> 
     </span>
    </p>
   </div>
   <div class='ocr_carea' id='block_1_67' title="bbox 431 3919 1998 3988">
    <p class='ocr_par' dir='ltr' id='par_1_67' title="bbox 431 3919 1998 3988">
     <span class='ocr_line' id='line_1_68' title="bbox 431 3919 1998 3988; baseline 0 -13"><span class='ocrx_word' id='word_1_490' title='bbox 431 3937 552 3976; x_wconf 91' lang='lat' dir='ltr'><strong>nem</strong></span> <span class='ocrx_word' id='word_1_491' title='bbox 590 3921 751 3988; x_wconf 84' lang='lat' dir='ltr'><strong>igitur</strong></span> <span class='ocrx_word' id='word_1_492' title='bbox 783 3919 940 3986; x_wconf 90' lang='lat' dir='ltr'><strong>hujus</strong></span> <span class='ocrx_word' id='word_1_493' title='bbox 969 3921 1148 3975; x_wconf 90' lang='lat' dir='ltr'><strong>carnis</strong></span> <span class='ocrx_word' id='word_1_494' title='bbox 1192 3921 1423 3975; x_wconf 86' lang='lat' dir='ltr'><strong>habebat</strong></span> <span class='ocrx_word' id='word_1_495' title='bbox 1459 3920 1727 3984; x_wconf 86' lang='lat' dir='ltr'><strong>Christus,</strong></span> <span class='ocrx_word' id='word_1_496' title='bbox 1790 3921 1998 3975; x_wconf 85' lang='lat' dir='ltr'><strong>tametsi</strong></span> 
     </span>
    </p>
   </div>
   <div class='ocr_carea' id='block_1_68' title="bbox 429 4010 2000 4081">
    <p class='ocr_par' dir='ltr' id='par_1_68' title="bbox 429 4010 2000 4081">
     <span class='ocr_line' id='line_1_69' title="bbox 429 4010 2000 4081; baseline -0.001 -15"><span class='ocrx_word' id='word_1_497' title='bbox 429 4026 556 4067; x_wconf 84' lang='lat' dir='ltr'><strong>caro</strong></span> <span class='ocrx_word' id='word_1_498' title='bbox 585 4011 700 4080; x_wconf 88' lang='lat' dir='ltr'><strong>ejus</strong></span> <span class='ocrx_word' id='word_1_499' title='bbox 731 4025 834 4064; x_wconf 89' lang='lat' dir='ltr'><strong>non</strong></span> <span class='ocrx_word' id='word_1_500' title='bbox 869 4010 998 4062; x_wconf 81' lang='lat' dir='ltr'><strong>vidit</strong></span> <span class='ocrx_word' id='word_1_501' title='bbox 1031 4013 1509 4081; x_wconf 81' lang='lat' dir='ltr'><strong>corruptionem&quot;.</strong></span> <span class='ocrx_word' id='word_1_502' title='bbox 1547 4011 1742 4065; x_wconf 82' lang='lat' dir='ltr'><strong>Verum</strong></span> <span class='ocrx_word' id='word_1_503' title='bbox 1778 4029 1873 4081; x_wconf 92' lang='lat' dir='ltr'><strong>per</strong></span> <span class='ocrx_word' id='word_1_504' title='bbox 1903 4014 2000 4065; x_wconf 89' lang='lat' dir='ltr'><strong>ad-</strong></span> 
     </span>
    </p>
   </div>
   <div class='ocr_carea' id='block_1_69' title="bbox 429 4102 2000 4172">
    <p class='ocr_par' dir='ltr' id='par_1_69' title="bbox 429 4102 2000 4172">
     <span class='ocr_line' id='line_1_70' title="bbox 429 4102 2000 4172; baseline 0.001 -16"><span class='ocrx_word' id='word_1_505' title='bbox 429 4113 646 4158; x_wconf 79' lang='lat' dir='ltr'><strong>ventum</strong></span> <span class='ocrx_word' id='word_1_506' title='bbox 687 4103 821 4170; x_wconf 88' lang='lat' dir='ltr'><strong>ejus,</strong></span> <span class='ocrx_word' id='word_1_507' title='bbox 854 4102 993 4156; x_wconf 79' lang='lat' dir='ltr'><strong>sicul</strong></span> <span class='ocrx_word' id='word_1_508' title='bbox 1016 4103 1081 4155; x_wconf 88' lang='lat' dir='ltr'><strong>ab</strong></span> <span class='ocrx_word' id='word_1_509' title='bbox 1107 4102 1226 4155; x_wconf 83' lang='lat' dir='ltr'><strong>aliis</strong></span> <span class='ocrx_word' id='word_1_510' title='bbox 1254 4103 1432 4166; x_wconf 86' lang='lat' dir='ltr'><strong>rebus,</strong></span> <span class='ocrx_word' id='word_1_511' title='bbox 1466 4104 1543 4155; x_wconf 86' lang='lat' dir='ltr'><strong>sic</strong></span> <span class='ocrx_word' id='word_1_512' title='bbox 1575 4120 1602 4153; x_wconf 89' lang='lat' dir='ltr'><strong>a</strong></span> <span class='ocrx_word' id='word_1_513' title='bbox 1632 4103 1829 4172; x_wconf 88' lang='lat' dir='ltr'><strong>nuptiis</strong></span> <span class='ocrx_word' id='word_1_514' title='bbox 1854 4102 2000 4157; x_wconf 86' lang='lat' dir='ltr'><strong>abla-</strong></span> 
     </span>
    </p>
   </div>
   <div class='ocr_carea' id='block_1_70' title="bbox 433 4191 1998 4263">
    <p class='ocr_par' dir='ltr' id='par_1_70' title="bbox 433 4191 1998 4263">
     <span class='ocr_line' id='line_1_71' title="bbox 433 4191 1998 4263; baseline -0.001 -15"><span class='ocrx_word' id='word_1_515' title='bbox 433 4206 545 4249; x_wconf 89' lang='lat' dir='ltr'><strong>tum</strong></span> <span class='ocrx_word' id='word_1_516' title='bbox 605 4202 685 4248; x_wconf 83' lang='lat' dir='ltr'><strong>est</strong></span> <span class='ocrx_word' id='word_1_517' title='bbox 734 4202 1032 4263; x_wconf 82' lang='lat' dir='ltr'><strong>peccatum.</strong></span> <span class='ocrx_word' id='word_1_518' title='bbox 1091 4191 1289 4260; x_wconf 88' lang='lat' dir='ltr'><strong>Itaque,</strong></span> <span class='ocrx_word' id='word_1_519' title='bbox 1362 4210 1522 4256; x_wconf 89' lang='lat' dir='ltr'><strong>nunc,</strong></span> <span class='ocrx_word' id='word_1_520' title='bbox 1573 4195 1662 4262; x_wconf 92' lang='lat' dir='ltr'><strong>qui</strong></span> <span class='ocrx_word' id='word_1_521' title='bbox 1706 4195 1998 4249; x_wconf 77' lang='lat' dir='ltr'><strong>secundum</strong></span> 
     </span>
    </p>
   </div>
   <div class='ocr_carea' id='block_1_71' title="bbox 2100 2999 3684 3070">
    <p class='ocr_par' dir='ltr' id='par_1_71' title="bbox 2100 2999 3684 3070">
     <span class='ocr_line' id='line_1_72' title="bbox 2100 2999 3684 3070; baseline 0.001 -19"><span class='ocrx_word' id='word_1_522' title='bbox 2100 2999 2286 3063; x_wconf 83' lang='grc' dir='ltr'>ναικὸς</span> <span class='ocrx_word' id='word_1_523' title='bbox 2329 3000 2601 3069; x_wconf 85' lang='grc' dir='ltr'>τεχθεῑσα,</span> <span class='ocrx_word' id='word_1_524' title='bbox 2654 3000 2820 3064; x_wconf 68' lang='grc' dir='ltr'>κακὸς</span> <span class='ocrx_word' id='word_1_525' title='bbox 2875 3003 2902 3053; x_wconf 78' lang='grc' dir='ltr'>ὁ</span> <span class='ocrx_word' id='word_1_526' title='bbox 2931 3002 3135 3070; x_wconf 77' lang='grc' dir='ltr'>γάμος⁶</span> <span class='ocrx_word' id='word_1_527' title='bbox 3191 3001 3569 3066; x_wconf 77' lang='grc' dir='ltr'>ἁκουὲτωσαν,</span> <span class='ocrx_word' id='word_1_528' title='bbox 3610 3005 3684 3056; x_wconf 72' lang='grc' dir='ltr'><strong>ὅτι</strong></span> 
     </span>
    </p>
   </div>
   <div class='ocr_carea' id='block_1_72' title="bbox 2101 3093 3685 3166">
    <p class='ocr_par' dir='ltr' id='par_1_72' title="bbox 2101 3093 3685 3166">
     <span class='ocr_line' id='line_1_73' title="bbox 2101 3093 3685 3166; baseline 0.001 -20"><span class='ocrx_word' id='word_1_529' title='bbox 2101 3095 2216 3163; x_wconf 81' lang='grc' dir='ltr'>Πρὸ</span> <span class='ocrx_word' id='word_1_530' title='bbox 2249 3093 2347 3163; x_wconf 80' lang='grc' dir='ltr'><strong>τῆς</strong></span> <span class='ocrx_word' id='word_1_531' title='bbox 2380 3095 2474 3146; x_wconf 83' lang='grc' dir='ltr'><strong>τοῦ</strong></span> <span class='ocrx_word' id='word_1_532' title='bbox 2529 3093 2779 3166; x_wconf 81' lang='grc' dir='ltr'><strong>Σωτῆρος</strong></span> <span class='ocrx_word' id='word_1_533' title='bbox 2826 3095 3136 3165; x_wconf 77' lang='grc' dir='ltr'>ἐπιδημίας,</span> <span class='ocrx_word' id='word_1_534' title='bbox 3188 3096 3282 3148; x_wconf 79' lang='grc' dir='ltr'>τοῦ</span> <span class='ocrx_word' id='word_1_535' title='bbox 3325 3096 3568 3165; x_wconf 75' lang='grc' dir='ltr'><strong>ἄραντος</strong></span> 
     </span>
    </p>
   </div>
   <div class='ocr_carea' id='block_1_73' title="bbox 2103 3187 3684 3259">
    <p class='ocr_par' dir='ltr' id='par_1_73' title="bbox 2103 3187 3684 3259">
     <span class='ocr_line' id='line_1_74' title="bbox 2103 3187 3684 3259; baseline 0.002 -20"><span class='ocrx_word' id='word_1_536' title='bbox 2103 3187 2374 3259; x_wconf 74' lang='grc' dir='ltr'>ἁμαρτίαν</span> <span class='ocrx_word' id='word_1_537' title='bbox 2396 3188 2487 3240; x_wconf 78' lang='grc' dir='ltr'><strong>τοῦ</strong></span> <span class='ocrx_word' id='word_1_538' title='bbox 2522 3188 2749 3256; x_wconf 77' lang='grc' dir='ltr'>κόσμου,</span> <span class='ocrx_word' id='word_1_539' title='bbox 2802 3187 3039 3250; x_wconf 77' lang='grc' dir='ltr'>ἅπαντες</span> <span class='ocrx_word' id='word_1_540' title='bbox 3083 3189 3131 3240; x_wconf 76' lang='grc' dir='ltr'><strong>οἱ</strong></span> <span class='ocrx_word' id='word_1_541' title='bbox 3161 3187 3460 3258; x_wconf 75' lang='grc' dir='ltr'>ἄνθρωποι,</span> <span class='ocrx_word' id='word_1_542' title='bbox 3501 3190 3684 3258; x_wconf 74' lang='grc' dir='ltr'>ὥσπερ</span> 
     </span>
    </p>
   </div>
   <div class='ocr_carea' id='block_1_74' title="bbox 2099 3277 3684 3350">
    <p class='ocr_par' dir='ltr' id='par_1_74' title="bbox 2099 3277 3684 3350">
     <span class='ocr_line' id='line_1_75' title="bbox 2099 3277 3684 3350; baseline 0 -20"><span class='ocrx_word' id='word_1_543' title='bbox 2099 3277 2166 3330; x_wconf 80' lang='grc' dir='ltr'>τὰ</span> <span class='ocrx_word' id='word_1_544' title='bbox 2189 3277 2320 3331; x_wconf 77' lang='grc' dir='ltr'>ἄλλα</span> <span class='ocrx_word' id='word_1_545' title='bbox 2358 3278 2494 3348; x_wconf 86' lang='grc' dir='ltr'><strong>μετὰ</strong></span> <span class='ocrx_word' id='word_1_546' title='bbox 2531 3277 2728 3339; x_wconf 77' lang='grc' dir='ltr'>κακίας</span> <span class='ocrx_word' id='word_1_547' title='bbox 2755 3277 3044 3349; x_wconf 70' lang='grc' dir='ltr'>ἔπραττον,</span> <span class='ocrx_word' id='word_1_548' title='bbox 3094 3277 3235 3330; x_wconf 75' lang='grc' dir='ltr'>οὕτω</span> <span class='ocrx_word' id='word_1_549' title='bbox 3264 3281 3358 3331; x_wconf 71' lang='grc' dir='ltr'><strong>καὶ</strong></span> <span class='ocrx_word' id='word_1_550' title='bbox 3385 3279 3480 3332; x_wconf 77' lang='grc' dir='ltr'><strong>τὸν</strong></span> <span class='ocrx_word' id='word_1_551' title='bbox 3514 3280 3684 3350; x_wconf 77' lang='grc' dir='ltr'>γὰμιν</span> 
     </span>
    </p>
   </div>
   <div class='ocr_carea' id='block_1_75' title="bbox 2101 3366 3683 3441">
    <p class='ocr_par' dir='ltr' id='par_1_75' title="bbox 2101 3366 3683 3441">
     <span class='ocr_line' id='line_1_76' title="bbox 2101 3366 3683 3441; baseline 0.001 -19"><span class='ocrx_word' id='word_1_552' title='bbox 2101 3368 2493 3440; x_wconf 78' lang='grc' dir='ltr'>ἀμαρτητικῶς</span> <span class='ocrx_word' id='word_1_553' title='bbox 2517 3366 2676 3438; x_wconf 82' lang='grc' dir='ltr'>εἶχον.</span> <span class='ocrx_word' id='word_1_554' title='bbox 2706 3369 2782 3420; x_wconf 77' lang='grc' dir='ltr'><strong>Δι’</strong></span> <span class='ocrx_word' id='word_1_555' title='bbox 2810 3369 2838 3421; x_wconf 83' lang='grc' dir='ltr'><strong>ὃ</strong></span> <span class='ocrx_word' id='word_1_556' title='bbox 2857 3369 2924 3422; x_wconf 75' lang='grc' dir='ltr'>τὰ</span> <span class='ocrx_word' id='word_1_557' title='bbox 2961 3371 3024 3422; x_wconf 80' lang='grc' dir='ltr'>ἐκ</span> <span class='ocrx_word' id='word_1_558' title='bbox 3049 3369 3141 3422; x_wconf 79' lang='grc' dir='ltr'><strong>τοῦ</strong></span> <span class='ocrx_word' id='word_1_559' title='bbox 3166 3371 3343 3439; x_wconf 82' lang='grc' dir='ltr'>γάμου</span> <span class='ocrx_word' id='word_1_560' title='bbox 3369 3372 3683 3441; x_wconf 73' lang='grc' dir='ltr'>γεννώμενα</span> 
     </span>
    </p>
   </div>
   <div class='ocr_carea' id='block_1_76' title="bbox 2103 3459 3682 3534">
    <p class='ocr_par' dir='ltr' id='par_1_76' title="bbox 2103 3459 3682 3534">
     <span class='ocr_line' id='line_1_77' title="bbox 2103 3459 3682 3534; baseline 0.003 -22"><span class='ocrx_word' id='word_1_561' title='bbox 2103 3459 2332 3529; x_wconf 83' lang='grc' dir='ltr'>σώματα</span> <span class='ocrx_word' id='word_1_562' title='bbox 2362 3462 2596 3529; x_wconf 78' lang='grc' dir='ltr'>νοητέον·</span> <span class='ocrx_word' id='word_1_563' title='bbox 2647 3461 2756 3513; x_wconf 76' lang='grc' dir='ltr'><strong>Καὶ</strong></span> <span class='ocrx_word' id='word_1_564' title='bbox 2793 3460 2985 3524; x_wconf 74' lang='grc' dir='ltr'>οὕτως,</span> <span class='ocrx_word' id='word_1_565' title='bbox 3048 3461 3169 3514; x_wconf 78' lang='grc' dir='ltr'>ἐπεὶ</span> <span class='ocrx_word' id='word_1_566' title='bbox 3201 3462 3338 3532; x_wconf 84' lang='grc' dir='ltr'><strong>μετὰ</strong></span> <span class='ocrx_word' id='word_1_567' title='bbox 3363 3462 3462 3533; x_wconf 75' lang='grc' dir='ltr'>τὴν</span> <span class='ocrx_word' id='word_1_568' title='bbox 3507 3465 3682 3534; x_wconf 57' lang='grc' dir='ltr'>ἁμαρ.</span> 
     </span>
    </p>
   </div>
   <div class='ocr_carea' id='block_1_77' title="bbox 2102 3541 3683 3624">
    <p class='ocr_par' dir='ltr' id='par_1_77' title="bbox 2102 3541 3683 3624">
     <span class='ocr_line' id='line_1_78' title="bbox 2102 3541 3683 3624; baseline 0.002 -19"><span class='ocrx_word' id='word_1_569' title='bbox 2102 3553 2224 3605; x_wconf 87' lang='grc' dir='ltr'>τίαν</span> <span class='ocrx_word' id='word_1_570' title='bbox 2258 3551 2530 3622; x_wconf 81' lang='grc' dir='ltr'>ήσύνοδος</span> <span class='ocrx_word' id='word_1_571' title='bbox 2559 3552 2778 3622; x_wconf 82' lang='grc' dir='ltr'>γέγονεν</span> <span class='ocrx_word' id='word_1_572' title='bbox 2804 3553 2897 3606; x_wconf 82' lang='grc' dir='ltr'>τοῦ</span> <span class='ocrx_word' id='word_1_573' title='bbox 2944 3554 3112 3624; x_wconf 76' lang='grc' dir='ltr'>Ἀδὰμ</span> <span class='ocrx_word' id='word_1_574' title='bbox 3141 3556 3232 3607; x_wconf 59' lang='grc' dir='ltr'><strong>καὶ¹</strong></span> <span class='ocrx_word' id='word_1_575' title='bbox 3259 3541 3360 3624; x_wconf 57' lang='grc' dir='ltr'>’τῆς</span> <span class='ocrx_word' id='word_1_576' title='bbox 3391 3556 3560 3619; x_wconf 71' lang='grc' dir='ltr'>Εὔας,</span> <span class='ocrx_word' id='word_1_577' title='bbox 3602 3558 3683 3610; x_wconf 71' lang='grc' dir='ltr'>διὰ</span> 
     </span>
    </p>
   </div>
   <div class='ocr_carea' id='block_1_78' title="bbox 2101 3643 3683 3720">
    <p class='ocr_par' dir='ltr' id='par_1_78' title="bbox 2101 3643 3683 3720">
     <span class='ocr_line' id='line_1_79' title="bbox 2101 3643 3683 3720; baseline 0.004 -24"><span class='ocrx_word' id='word_1_578' title='bbox 2101 3643 2260 3697; x_wconf 77' lang='grc' dir='ltr'>τοῦτο</span> <span class='ocrx_word' id='word_1_579' title='bbox 2318 3644 2453 3716; x_wconf 76' lang='grc' dir='ltr'>σὰρξ</span> <span class='ocrx_word' id='word_1_580' title='bbox 2507 3646 2778 3717; x_wconf 85' lang='grc' dir='ltr'>ἁμαρτίας</span> <span class='ocrx_word' id='word_1_581' title='bbox 2835 3647 3067 3717; x_wconf 72' lang='grc' dir='ltr'>εἴρηται.</span> <span class='ocrx_word' id='word_1_582' title='bbox 3104 3646 3416 3720; x_wconf 74' lang='grc' dir='ltr'>Ἀφθαρτος</span> <span class='ocrx_word' id='word_1_583' title='bbox 3474 3650 3586 3720; x_wconf 75' lang='grc' dir='ltr'>γὰρ</span> <span class='ocrx_word' id='word_1_584' title='bbox 3613 3650 3683 3703; x_wconf 65' lang='grc' dir='ltr'>ἂν</span> 
     </span>
    </p>
   </div>
   <div class='ocr_carea' id='block_1_79' title="bbox 2103 3735 3678 3812">
    <p class='ocr_par' dir='ltr' id='par_1_79' title="bbox 2103 3735 3678 3812">
     <span class='ocr_line' id='line_1_80' title="bbox 2103 3735 3678 3812; baseline 0.004 -24"><span class='ocrx_word' id='word_1_585' title='bbox 2103 3736 2208 3806; x_wconf 79' lang='grc' dir='ltr'><strong>πρὸ</strong></span> <span class='ocrx_word' id='word_1_586' title='bbox 2237 3735 2336 3805; x_wconf 85' lang='grc' dir='ltr'><strong>τῆς</strong></span> <span class='ocrx_word' id='word_1_587' title='bbox 2366 3737 2749 3808; x_wconf 74' lang='grc' dir='ltr'>παραϐάσεως,</span> <span class='ocrx_word' id='word_1_588' title='bbox 2797 3737 3033 3808; x_wconf 73' lang='grc' dir='ltr'>φθαρτὸς</span> <span class='ocrx_word' id='word_1_589' title='bbox 3070 3741 3356 3810; x_wconf 79' lang='grc' dir='ltr'>γεγένηται</span> <span class='ocrx_word' id='word_1_590' title='bbox 3392 3744 3678 3812; x_wconf 64' lang='grc' dir='ltr'>παραϐάς*</span> 
     </span>
    </p>
   </div>
   <div class='ocr_carea' id='block_1_80' title="bbox 2103 3829 3681 3905">
    <p class='ocr_par' dir='ltr' id='par_1_80' title="bbox 2103 3829 3681 3905">
     <span class='ocr_line' id='line_1_81' title="bbox 2103 3829 3681 3905; baseline 0.003 -26"><span class='ocrx_word' id='word_1_591' title='bbox 2103 3829 2196 3880; x_wconf 69' lang='grc' dir='ltr'><strong>καὶ</strong></span> <span class='ocrx_word' id='word_1_592' title='bbox 2218 3829 2386 3892; x_wconf 75' lang='grc' dir='ltr'>οὕτως</span> <span class='ocrx_word' id='word_1_593' title='bbox 2416 3832 2447 3900; x_wconf 80' lang='grc' dir='ltr'>ἡ</span> <span class='ocrx_word' id='word_1_594' title='bbox 2482 3829 2695 3902; x_wconf 77' lang='grc' dir='ltr'>διαδοχὴ</span> <span class='ocrx_word' id='word_1_595' title='bbox 2734 3830 2794 3883; x_wconf 83' lang='grc' dir='ltr'><strong>τὸ</strong></span> <span class='ocrx_word' id='word_1_596' title='bbox 2827 3831 3062 3903; x_wconf 77' lang='grc' dir='ltr'>φθαρτὸν</span> <span class='ocrx_word' id='word_1_597' title='bbox 3102 3832 3235 3902; x_wconf 79' lang='grc' dir='ltr'>ἔχει.</span> <span class='ocrx_word' id='word_1_598' title='bbox 3284 3834 3568 3905; x_wconf 82' lang='grc' dir='ltr'>Ὀμοίωμα</span> <span class='ocrx_word' id='word_1_599' title='bbox 3596 3829 3681 3886; x_wconf 66' lang='grc' dir='ltr'>οὖν</span> 
     </span>
    </p>
   </div>
   <div class='ocr_carea' id='block_1_81' title="bbox 2099 3918 3681 3998">
    <p class='ocr_par' dir='ltr' id='par_1_81' title="bbox 2099 3918 3681 3998">
     <span class='ocr_line' id='line_1_82' title="bbox 2099 3918 3681 3998; baseline 0.003 -26"><span class='ocrx_word' id='word_1_600' title='bbox 2099 3919 2200 3992; x_wconf 78' lang='grc' dir='ltr'><strong>τῆς</strong></span> <span class='ocrx_word' id='word_1_601' title='bbox 2248 3921 2446 3992; x_wconf 80' lang='grc' dir='ltr'>σαρκὸς</span> <span class='ocrx_word' id='word_1_602' title='bbox 2505 3921 2707 3992; x_wconf 82' lang='grc' dir='ltr'>ταύτης</span> <span class='ocrx_word' id='word_1_603' title='bbox 2759 3918 2900 3994; x_wconf 86' lang='grc' dir='ltr'>εἶχεν</span> <span class='ocrx_word' id='word_1_604' title='bbox 2928 3927 2956 3976; x_wconf 84' lang='grc' dir='ltr'>ὁ</span> <span class='ocrx_word' id='word_1_605' title='bbox 2987 3924 3196 3996; x_wconf 79' lang='grc' dir='ltr'>Σωτὴρ,</span> <span class='ocrx_word' id='word_1_606' title='bbox 3250 3927 3296 3978; x_wconf 80' lang='grc' dir='ltr'><strong>εἰ</strong></span> <span class='ocrx_word' id='word_1_607' title='bbox 3328 3928 3425 3979; x_wconf 65' lang='grc' dir='ltr'>καὶ</span> <span class='ocrx_word' id='word_1_608' title='bbox 3453 3928 3533 3998; x_wconf 72' lang='grc' dir='ltr'>μὴ</span> <span class='ocrx_word' id='word_1_609' title='bbox 3555 3924 3681 3979; x_wconf 62' lang='grc' dir='ltr'>εἷᾰςν</span> 
     </span>
    </p>
   </div>
   <div class='ocr_carea' id='block_1_82' title="bbox 2100 4013 3681 4089">
    <p class='ocr_par' dir='ltr' id='par_1_82' title="bbox 2100 4013 3681 4089">
     <span class='ocr_line' id='line_1_83' title="bbox 2100 4013 3681 4089; baseline 0.003 -24"><span class='ocrx_word' id='word_1_610' title='bbox 2100 4013 2295 4084; x_wconf 77' lang='grc' dir='ltr'>ήσὰρξ</span> <span class='ocrx_word' id='word_1_611' title='bbox 2324 4013 2488 4067; x_wconf 78' lang='grc' dir='ltr'>αὑτοῦ</span> <span class='ocrx_word' id='word_1_612' title='bbox 2545 4015 2860 4087; x_wconf 80' lang='grc' dir='ltr'>διαφθοράν.</span> <span class='ocrx_word' id='word_1_613' title='bbox 2921 4016 3059 4070; x_wconf 84' lang='grc' dir='ltr'><strong>Ἀλλ’</strong></span> <span class='ocrx_word' id='word_1_614' title='bbox 3109 4018 3552 4089; x_wconf 76' lang='grc' dir='ltr'>ἐπιδημήσαντος</span> <span class='ocrx_word' id='word_1_615' title='bbox 3601 4019 3681 4070; x_wconf 70' lang='grc' dir='ltr'>τοῦ</span> 
     </span>
    </p>
   </div>
   <div class='ocr_carea' id='block_1_83' title="bbox 2101 4103 3681 4182">
    <p class='ocr_par' dir='ltr' id='par_1_83' title="bbox 2101 4103 3681 4182">
     <span class='ocr_line' id='line_1_84' title="bbox 2101 4103 3681 4182; baseline 0.004 -26"><span class='ocrx_word' id='word_1_616' title='bbox 2101 4103 2377 4173; x_wconf 83' lang='grc' dir='ltr'>Σωτῆρος,</span> <span class='ocrx_word' id='word_1_617' title='bbox 2410 4105 2486 4168; x_wconf 87' lang='grc' dir='ltr'>ὼς</span> <span class='ocrx_word' id='word_1_618' title='bbox 2510 4105 2617 4159; x_wconf 77' lang='grc' dir='ltr'><strong>ἀπὸ</strong></span> <span class='ocrx_word' id='word_1_619' title='bbox 2642 4106 2752 4158; x_wconf 86' lang='grc' dir='ltr'>τῶν</span> <span class='ocrx_word' id='word_1_620' title='bbox 2795 4107 2969 4160; x_wconf 76' lang='grc' dir='ltr'>ἄλλων</span> <span class='ocrx_word' id='word_1_621' title='bbox 3012 4110 3354 4180; x_wconf 78' lang='grc' dir='ltr'>πραγμάτων</span> <span class='ocrx_word' id='word_1_622' title='bbox 3404 4111 3681 4182; x_wconf 40' lang='lat' dir='ltr'><strong>decipe“:</strong></span> 
     </span>
    </p>
   </div>
   <div class='ocr_carea' id='block_1_84' title="bbox 2103 4195 3680 4271">
    <p class='ocr_par' dir='ltr' id='par_1_84' title="bbox 2103 4195 3680 4271">
     <span class='ocr_line' id='line_1_85' title="bbox 2103 4195 3680 4271; baseline 0.004 -24"><span class='ocrx_word' id='word_1_623' title='bbox 2103 4195 2378 4265; x_wconf 86' lang='grc' dir='ltr'>ἁμαρτίας</span> <span class='ocrx_word' id='word_1_624' title='bbox 2411 4196 2654 4264; x_wconf 81' lang='grc' dir='ltr'>γέγονεν,</span> <span class='ocrx_word' id='word_1_625' title='bbox 2710 4195 2853 4250; x_wconf 79' lang='grc' dir='ltr'>οὕτω</span> <span class='ocrx_word' id='word_1_626' title='bbox 2911 4199 3005 4251; x_wconf 74' lang='grc' dir='ltr'>καὶ</span> <span class='ocrx_word' id='word_1_627' title='bbox 3045 4199 3155 4252; x_wconf 84' lang='grc' dir='ltr'>ἀπὸ</span> <span class='ocrx_word' id='word_1_628' title='bbox 3201 4199 3297 4253; x_wconf 72' lang='grc' dir='ltr'><strong>τοῦ</strong></span> <span class='ocrx_word' id='word_1_629' title='bbox 3341 4202 3550 4271; x_wconf 80' lang='grc' dir='ltr'>γάμου.</span> <span class='ocrx_word' id='word_1_630' title='bbox 3577 4202 3680 4254; x_wconf 74' lang='grc' dir='ltr'><strong>Νῦν</strong></span> 
     </span>
    </p>
   </div>
   <div class='ocr_carea' id='block_1_85' title="bbox 433 4281 1999 4362">
    <p class='ocr_par' dir='ltr' id='par_1_85' title="bbox 433 4281 1999 4352">
     <span class='ocr_line' id='line_1_86' title="bbox 433 4281 1999 4352; baseline -0.001 -13"><span class='ocrx_word' id='word_1_631' title='bbox 433 4284 780 4352; x_wconf 84' lang='lat' dir='ltr'><strong>Evangelium</strong></span> <span class='ocrx_word' id='word_1_632' title='bbox 840 4284 1048 4347; x_wconf 83' lang='lat' dir='ltr'><strong>vivunt,</strong></span> <span class='ocrx_word' id='word_1_633' title='bbox 1116 4281 1317 4336; x_wconf 89' lang='lat' dir='ltr'><strong>habere</strong></span> <span class='ocrx_word' id='word_1_634' title='bbox 1388 4293 1612 4350; x_wconf 91' lang='lat' dir='ltr'><strong>possunt</strong></span> <span class='ocrx_word' id='word_1_635' title='bbox 1661 4283 1999 4338; x_wconf 81' lang='lat' dir='ltr'><strong>honorabiles</strong></span> 
     </span>
    </p>
   </div>
   <div class='ocr_carea' id='block_1_86' title="bbox 2125 4281 3677 4362">
    <p class='ocr_par' dir='ltr' id='par_1_86' title="bbox 2125 4286 3677 4362">
     <span class='ocr_line' id='line_1_87' title="bbox 2125 4286 3677 4362; baseline 0.003 -24"><span class='ocrx_word' id='word_1_636' title='bbox 2125 4286 2232 4352; x_wconf 56' lang='grc' dir='ltr'>γοῦν</span> <span class='ocrx_word' id='word_1_637' title='bbox 2260 4289 2308 4340; x_wconf 80' lang='grc' dir='ltr'>οἱ</span> <span class='ocrx_word' id='word_1_638' title='bbox 2340 4287 2480 4340; x_wconf 88' lang='grc' dir='ltr'><strong>κατὰ</strong></span> <span class='ocrx_word' id='word_1_639' title='bbox 2529 4289 2591 4341; x_wconf 82' lang='grc' dir='ltr'><strong>τὸ</strong></span> <span class='ocrx_word' id='word_1_640' title='bbox 2629 4288 2959 4358; x_wconf 85' lang='grc' dir='ltr'>Εὐαγγέλιον</span> <span class='ocrx_word' id='word_1_641' title='bbox 2992 4290 3230 4360; x_wconf 79' lang='grc' dir='ltr'>βιοῦντες</span> <span class='ocrx_word' id='word_1_642' title='bbox 3268 4292 3414 4362; x_wconf 76' lang='grc' dir='ltr'>ἔχειν</span> <span class='ocrx_word' id='word_1_643' title='bbox 3438 4292 3677 4347; x_wconf 79' lang='grc' dir='ltr'>δύνανται</span> 
     </span>
    </p>
   </div>
   <div class='ocr_carea' id='block_1_87' title="bbox 434 4371 2002 4444">
    <p class='ocr_par' dir='ltr' id='par_1_87' title="bbox 434 4371 2002 4444">
     <span class='ocr_line' id='line_1_88' title="bbox 434 4371 2002 4444; baseline -0.001 -15"><span class='ocrx_word' id='word_1_644' title='bbox 434 4375 670 4444; x_wconf 90' lang='lat' dir='ltr'><strong>nuptias,</strong></span> <span class='ocrx_word' id='word_1_645' title='bbox 695 4382 748 4428; x_wconf 90' lang='lat' dir='ltr'><strong>et</strong></span> <span class='ocrx_word' id='word_1_646' title='bbox 777 4381 951 4427; x_wconf 89' lang='lat' dir='ltr'><strong>torum</strong></span> <span class='ocrx_word' id='word_1_647' title='bbox 999 4373 1424 4436; x_wconf 88' lang='lat' dir='ltr'><strong>immaculatum,</strong></span> <span class='ocrx_word' id='word_1_648' title='bbox 1469 4373 1608 4427; x_wconf 88' lang='lat' dir='ltr'><strong>sicut</strong></span> <span class='ocrx_word' id='word_1_649' title='bbox 1647 4371 1840 4428; x_wconf 83' lang='lat' dir='ltr'><strong>Paulus</strong></span> <span class='ocrx_word' id='word_1_650' title='bbox 1866 4373 2002 4428; x_wconf 91' lang='lat' dir='ltr'><strong>scri-</strong></span> 
     </span>
    </p>
   </div>
   <div class='ocr_carea' id='block_1_88' title="bbox 435 4462 2002 4532">
    <p class='ocr_par' dir='ltr' id='par_1_88' title="bbox 435 4462 2002 4532">
     <span class='ocr_line' id='line_1_89' title="bbox 435 4462 2002 4532; baseline -0.002 -11"><span class='ocrx_word' id='word_1_651' title='bbox 435 4467 512 4521; x_wconf 85' lang='lat' dir='ltr'><strong>bit</strong></span> <span class='ocrx_word' id='word_1_652' title='bbox 545 4464 831 4520; x_wconf 78' lang='lat' dir='ltr'><strong>ﬁtlelibus:</strong></span> <span class='ocrx_word' id='word_1_653' title='bbox 884 4462 1234 4517; x_wconf 76' lang='lat' dir='ltr'><strong>Honorabiies</strong></span> <span class='ocrx_word' id='word_1_654' title='bbox 1275 4465 1494 4532; x_wconf 78' lang='lat' dir='ltr'><strong>nuptirc,</strong></span> <span class='ocrx_word' id='word_1_655' title='bbox 1533 4474 1580 4515; x_wconf 82' lang='lat' dir='ltr'><strong>et</strong></span> <span class='ocrx_word' id='word_1_656' title='bbox 1616 4473 1761 4517; x_wconf 78' lang='lat' dir='ltr'><strong>torus</strong></span> <span class='ocrx_word' id='word_1_657' title='bbox 1812 4466 2002 4518; x_wconf 85' lang='lat' dir='ltr'><strong>imma-</strong></span> 
     </span>
    </p>
   </div>
   <div class='ocr_carea' id='block_1_89' title="bbox 435 4557 2003 4628">
    <p class='ocr_par' dir='ltr' id='par_1_89' title="bbox 435 4557 2003 4628">
     <span class='ocr_line' id='line_1_90' title="bbox 435 4557 2003 4628; baseline -0.002 -15"><span class='ocrx_word' id='word_1_658' title='bbox 435 4559 638 4613; x_wconf 75' lang='lat' dir='ltr'><strong>culatus</strong></span> <span class='ocrx_word' id='word_1_659' title='bbox 677 4573 694 4610; x_wconf 87' lang='lat'><strong><em>:</em></strong></span> <span class='ocrx_word' id='word_1_660' title='bbox 733 4558 1073 4628; x_wconf 72' lang='lat' dir='ltr'><strong>fornicatores</strong></span> <span class='ocrx_word' id='word_1_661' title='bbox 1127 4568 1299 4609; x_wconf 86' lang='lat' dir='ltr'><strong>autem</strong></span> <span class='ocrx_word' id='word_1_662' title='bbox 1345 4567 1392 4609; x_wconf 83' lang='lat' dir='ltr'><strong>et</strong></span> <span class='ocrx_word' id='word_1_663' title='bbox 1440 4557 1706 4613; x_wconf 76' lang='lat' dir='ltr'><strong>adulteros</strong></span> <span class='ocrx_word' id='word_1_664' title='bbox 1744 4559 2003 4620; x_wconf 76' lang='lat' dir='ltr'><strong>iudicabit</strong></span> 
     </span>
    </p>
   </div>
   <div class='ocr_carea' id='block_1_90' title="bbox 434 4648 2005 4718">
    <p class='ocr_par' dir='ltr' id='par_1_90' title="bbox 434 4648 2005 4718">
     <span class='ocr_line' id='line_1_91' title="bbox 434 4648 2005 4718; baseline 0.001 -14"><span class='ocrx_word' id='word_1_665' title='bbox 434 4650 576 4704; x_wconf 77' lang='lat' dir='ltr'><strong>Deus</strong></span> <span class='ocrx_word' id='word_1_666' title='bbox 594 4649 660 4704; x_wconf 84' lang='grc'><strong>⁷⁷.</strong></span> <span class='ocrx_word' id='word_1_667' title='bbox 694 4649 1034 4718; x_wconf 87' lang='lat' dir='ltr'><strong>Distinguens</strong></span> <span class='ocrx_word' id='word_1_668' title='bbox 1061 4649 1206 4701; x_wconf 90' lang='lat' dir='ltr'><strong>enim</strong></span> <span class='ocrx_word' id='word_1_669' title='bbox 1233 4648 1449 4717; x_wconf 88' lang='lat' dir='ltr'><strong>nuptias</strong></span> <span class='ocrx_word' id='word_1_670' title='bbox 1481 4650 1795 4713; x_wconf 87' lang='lat' dir='ltr'><strong>honoratas,</strong></span> <span class='ocrx_word' id='word_1_671' title='bbox 1828 4662 1882 4705; x_wconf 91' lang='lat' dir='ltr'><strong>et</strong></span> <span class='ocrx_word' id='word_1_672' title='bbox 1911 4666 2005 4705; x_wconf 89' lang='lat' dir='ltr'><strong>eos</strong></span> 
     </span>
    </p>
   </div>
   <div class='ocr_carea' id='block_1_91' title="bbox 435 4740 2005 4812">
    <p class='ocr_par' dir='ltr' id='par_1_91' title="bbox 435 4740 2005 4812">
     <span class='ocr_line' id='line_1_92' title="bbox 435 4740 2005 4812; baseline 0.003 -21"><span class='ocrx_word' id='word_1_673' title='bbox 435 4743 524 4812; x_wconf 81' lang='lat' dir='ltr'><strong>qui</strong></span> <span class='ocrx_word' id='word_1_674' title='bbox 559 4743 637 4796; x_wconf 90' lang='lat' dir='ltr'><strong>eis</strong></span> <span class='ocrx_word' id='word_1_675' title='bbox 668 4751 910 4806; x_wconf 89' lang='lat' dir='ltr'><strong>utuntur,</strong></span> <span class='ocrx_word' id='word_1_676' title='bbox 941 4755 972 4794; x_wconf 89' lang='lat' dir='ltr'><strong>a</strong></span> <span class='ocrx_word' id='word_1_677' title='bbox 1000 4740 1387 4794; x_wconf 86' lang='lat' dir='ltr'><strong>scortatoribus</strong></span> <span class='ocrx_word' id='word_1_678' title='bbox 1429 4749 1485 4796; x_wconf 89' lang='lat' dir='ltr'><strong>et</strong></span> <span class='ocrx_word' id='word_1_679' title='bbox 1542 4740 1834 4805; x_wconf 86' lang='lat' dir='ltr'><strong>adulteris;</strong></span> <span class='ocrx_word' id='word_1_680' title='bbox 1885 4757 2005 4796; x_wconf 91' lang='lat' dir='ltr'><strong>esse</strong></span> 
     </span>
    </p>
   </div>
   <div class='ocr_carea' id='block_1_92' title="bbox 434 4829 2001 4898">
    <p class='ocr_par' dir='ltr' id='par_1_92' title="bbox 434 4829 2001 4898">
     <span class='ocr_line' id='line_1_93' title="bbox 434 4829 2001 4898; baseline -0.001 -10"><span class='ocrx_word' id='word_1_681' title='bbox 434 4834 555 4888; x_wconf 83' lang='lat' dir='ltr'><strong>illas</strong></span> <span class='ocrx_word' id='word_1_682' title='bbox 585 4831 965 4887; x_wconf 87' lang='lat' dir='ltr'><strong>seortatiouem</strong></span> <span class='ocrx_word' id='word_1_683' title='bbox 1015 4839 1108 4885; x_wconf 90' lang='lat' dir='ltr'><strong>aut</strong></span> <span class='ocrx_word' id='word_1_684' title='bbox 1159 4829 1478 4885; x_wconf 88' lang='lat' dir='ltr'><strong>adulterium</strong></span> <span class='ocrx_word' id='word_1_685' title='bbox 1542 4833 1745 4886; x_wconf 90' lang='lat' dir='ltr'><strong>abnuit.</strong></span> <span class='ocrx_word' id='word_1_686' title='bbox 1798 4831 2001 4898; x_wconf 87' lang='lat' dir='ltr'><strong>Quam-</strong></span> 
     </span>
    </p>
   </div>
   <div class='ocr_carea' id='block_1_93' title="bbox 434 4923 1542 4994">
    <p class='ocr_par' dir='ltr' id='par_1_93' title="bbox 434 4923 1542 4994">
     <span class='ocr_line' id='line_1_94' title="bbox 434 4923 1542 4994; baseline -0.001 -17"><span class='ocrx_word' id='word_1_687' title='bbox 434 4928 618 4978; x_wconf 88' lang='lat' dir='ltr'><strong>obrem</strong></span> <span class='ocrx_word' id='word_1_688' title='bbox 651 4939 823 4994; x_wconf 90' lang='lat' dir='ltr'><strong>neque</strong></span> <span class='ocrx_word' id='word_1_689' title='bbox 851 4933 1127 4993; x_wconf 84' lang='lat' dir='ltr'><strong>peccatum</strong></span> <span class='ocrx_word' id='word_1_690' title='bbox 1159 4933 1286 4977; x_wconf 92' lang='lat' dir='ltr'><strong>sunt</strong></span> <span class='ocrx_word' id='word_1_691' title='bbox 1325 4923 1542 4992; x_wconf 66' lang='lat' dir='ltr'><strong>nuptiae.</strong></span> 
     </span>
    </p>
   </div>
   <div class='ocr_carea' id='block_1_94' title="bbox 2107 4380 3678 4454">
    <p class='ocr_par' dir='ltr' id='par_1_94' title="bbox 2107 4380 3678 4454">
     <span class='ocr_line' id='line_1_95' title="bbox 2107 4380 3678 4454; baseline 0.004 -24"><span class='ocrx_word' id='word_1_692' title='bbox 2107 4380 2286 4449; x_wconf 85' lang='grc' dir='ltr'>τίμιον</span> <span class='ocrx_word' id='word_1_693' title='bbox 2315 4380 2491 4450; x_wconf 83' lang='grc' dir='ltr'>γάμον</span> <span class='ocrx_word' id='word_1_694' title='bbox 2514 4382 2607 4433; x_wconf 74' lang='grc' dir='ltr'>καὶ</span> <span class='ocrx_word' id='word_1_695' title='bbox 2655 4382 2841 4453; x_wconf 88' lang='grc' dir='ltr'>κοίτην</span> <span class='ocrx_word' id='word_1_696' title='bbox 2870 4382 3150 4453; x_wconf 86' lang='grc' dir='ltr'>ἀμίαντον,</span> <span class='ocrx_word' id='word_1_697' title='bbox 3207 4384 3284 4447; x_wconf 86' lang='grc' dir='ltr'>ὡς</span> <span class='ocrx_word' id='word_1_698' title='bbox 3311 4387 3516 4454; x_wconf 69' lang='grc' dir='ltr'>γράφει</span> <span class='ocrx_word' id='word_1_699' title='bbox 3547 4383 3678 4438; x_wconf 70' lang='grc' dir='ltr'><strong>Παῦ-</strong></span> 
     </span>
    </p>
   </div>
   <div class='ocr_carea' id='block_1_95' title="bbox 2110 4469 3675 4544">
    <p class='ocr_par' dir='ltr' id='par_1_95' title="bbox 2110 4469 3675 4544">
     <span class='ocr_line' id='line_1_96' title="bbox 2110 4469 3675 4544; baseline 0.005 -24"><span class='ocrx_word' id='word_1_700' title='bbox 2110 4469 2201 4532; x_wconf 86' lang='grc' dir='ltr'>λος</span> <span class='ocrx_word' id='word_1_701' title='bbox 2243 4471 2354 4533; x_wconf 86' lang='grc' dir='ltr'>τοῖς</span> <span class='ocrx_word' id='word_1_702' title='bbox 2418 4473 2659 4535; x_wconf 80' lang='grc' dir='ltr'>πιστοίς’</span> <span class='ocrx_word' id='word_1_703' title='bbox 2713 4474 2908 4540; x_wconf 82' lang='grc' dir='ltr'>Τίμιος</span> <span class='ocrx_word' id='word_1_704' title='bbox 2952 4476 2985 4527; x_wconf 87' lang='grc' dir='ltr'><em>ὀ</em></span> <span class='ocrx_word' id='word_1_705' title='bbox 3043 4473 3248 4542; x_wconf 76' lang='grc' dir='ltr'>γάμος,</span> <span class='ocrx_word' id='word_1_706' title='bbox 3293 4477 3392 4528; x_wconf 77' lang='grc' dir='ltr'><strong>καὶ</strong></span> <span class='ocrx_word' id='word_1_707' title='bbox 3438 4478 3470 4544; x_wconf 73' lang='grc' dir='ltr'><em>ἡ</em></span> <span class='ocrx_word' id='word_1_708' title='bbox 3519 4477 3675 4542; x_wconf 60' lang='grc' dir='ltr'>κοίτη</span> 
     </span>
    </p>
   </div>
   <div class='ocr_carea' id='block_1_96' title="bbox 2110 4560 3675 4635">
    <p class='ocr_par' dir='ltr' id='par_1_96' title="bbox 2110 4560 3675 4635">
     <span class='ocr_line' id='line_1_97' title="bbox 2110 4560 3675 4635; baseline 0.004 -23"><span class='ocrx_word' id='word_1_709' title='bbox 2110 4560 2415 4628; x_wconf 79' lang='grc' dir='ltr'>ἀμίαντος·</span> <span class='ocrx_word' id='word_1_710' title='bbox 2441 4564 2703 4630; x_wconf 65' lang='grc' dir='ltr'>ποερνους</span> <span class='ocrx_word' id='word_1_711' title='bbox 2728 4562 2796 4615; x_wconf 81' lang='grc' dir='ltr'>δὲ</span> <span class='ocrx_word' id='word_1_712' title='bbox 2832 4564 2927 4616; x_wconf 78' lang='grc' dir='ltr'><strong>καὶ</strong></span> <span class='ocrx_word' id='word_1_713' title='bbox 2953 4564 3206 4634; x_wconf 72' lang='grc' dir='ltr'>μοιχοὺς</span> <span class='ocrx_word' id='word_1_714' title='bbox 3238 4567 3435 4635; x_wconf 78' lang='grc' dir='ltr'>κρινεῖ</span> <span class='ocrx_word' id='word_1_715' title='bbox 3459 4569 3493 4620; x_wconf 83' lang='grc' dir='ltr'><em>ὁ</em></span> <span class='ocrx_word' id='word_1_716' title='bbox 3526 4571 3675 4631; x_wconf 61' lang='grc' dir='ltr'>Θεοῖς.</span> 
     </span>
    </p>
   </div>
   <div class='ocr_carea' id='block_1_97' title="bbox 2109 4652 3676 4728">
    <p class='ocr_par' dir='ltr' id='par_1_97' title="bbox 2109 4652 3676 4728">
     <span class='ocr_line' id='line_1_98' title="bbox 2109 4652 3676 4728; baseline 0.004 -24"><span class='ocrx_word' id='word_1_717' title='bbox 2109 4652 2445 4706; x_wconf 83' lang='grc' dir='ltr'>Διαστὲλλων</span> <span class='ocrx_word' id='word_1_718' title='bbox 2471 4653 2582 4724; x_wconf 77' lang='grc' dir='ltr'>γὰρ</span> <span class='ocrx_word' id='word_1_719' title='bbox 2619 4653 2710 4708; x_wconf 80' lang='grc' dir='ltr'>τὸν</span> <span class='ocrx_word' id='word_1_720' title='bbox 2737 4655 2916 4725; x_wconf 88' lang='grc' dir='ltr'>τίμιον</span> <span class='ocrx_word' id='word_1_721' title='bbox 2945 4655 3143 4727; x_wconf 79' lang='grc' dir='ltr'>γάμον,</span> <span class='ocrx_word' id='word_1_722' title='bbox 3175 4657 3270 4709; x_wconf 78' lang='grc' dir='ltr'><strong>καὶ</strong></span> <span class='ocrx_word' id='word_1_723' title='bbox 3313 4658 3441 4721; x_wconf 73' lang='grc' dir='ltr'>τοὺς</span> <span class='ocrx_word' id='word_1_724' title='bbox 3474 4660 3676 4728; x_wconf 77' lang='grc' dir='ltr'>χρωμέ-</span> 
     </span>
    </p>
   </div>
   <div class='ocr_carea' id='block_1_98' title="bbox 2107 4744 3675 4821">
    <p class='ocr_par' dir='ltr' id='par_1_98' title="bbox 2107 4744 3675 4821">
     <span class='ocr_line' id='line_1_99' title="bbox 2107 4744 3675 4821; baseline 0.006 -27"><span class='ocrx_word' id='word_1_725' title='bbox 2107 4760 2234 4806; x_wconf 87' lang='grc' dir='ltr'>νους</span> <span class='ocrx_word' id='word_1_726' title='bbox 2290 4744 2459 4815; x_wconf 75' lang='grc' dir='ltr'>αὐτῷ,</span> <span class='ocrx_word' id='word_1_727' title='bbox 2495 4746 2604 4798; x_wconf 84' lang='grc' dir='ltr'>ἀπὸ</span> <span class='ocrx_word' id='word_1_728' title='bbox 2654 4747 2870 4818; x_wconf 86' lang='grc' dir='ltr'>πόρνων</span> <span class='ocrx_word' id='word_1_729' title='bbox 2901 4749 2995 4802; x_wconf 71' lang='grc' dir='ltr'><strong>καὶ</strong></span> <span class='ocrx_word' id='word_1_730' title='bbox 3043 4749 3269 4820; x_wconf 82' lang='grc' dir='ltr'>μοιχῶν,</span> <span class='ocrx_word' id='word_1_731' title='bbox 3315 4751 3378 4803; x_wconf 78' lang='grc' dir='ltr'>οὑ</span> <span class='ocrx_word' id='word_1_732' title='bbox 3414 4754 3675 4821; x_wconf 67' lang='grc' dir='ltr'>πορνείαν,</span> 
     </span>
    </p>
   </div>
   <div class='ocr_carea' id='block_1_99' title="bbox 2105 4833 3676 4914">
    <p class='ocr_par' dir='ltr' id='par_1_99' title="bbox 2105 4833 3676 4914">
     <span class='ocr_line' id='line_1_100' title="bbox 2105 4833 3676 4914; baseline 0.007 -27"><span class='ocrx_word' id='word_1_733' title='bbox 2105 4833 2226 4887; x_wconf 77' lang='grc' dir='ltr'>οὐδὲ</span> <span class='ocrx_word' id='word_1_734' title='bbox 2254 4838 2498 4907; x_wconf 86' lang='grc' dir='ltr'>μοιχείαν</span> <span class='ocrx_word' id='word_1_735' title='bbox 2519 4837 2709 4892; x_wconf 74' lang='grc' dir='ltr'>τοῦτον</span> <span class='ocrx_word' id='word_1_736' title='bbox 2741 4839 2987 4909; x_wconf 81' lang='grc' dir='ltr'>βούλεται</span> <span class='ocrx_word' id='word_1_737' title='bbox 3014 4837 3152 4895; x_wconf 75' lang='grc' dir='ltr'>εἶναι</span> <span class='ocrx_word' id='word_1_738' title='bbox 3173 4859 3187 4873; x_wconf 66' lang='grc' dir='ltr'><strong>θ</strong></span> <span class='ocrx_word' id='word_1_739' title='bbox 3214 4841 3338 4895; x_wconf 81' lang='grc' dir='ltr'>ὅθεν</span> <span class='ocrx_word' id='word_1_740' title='bbox 3367 4843 3484 4896; x_wconf 77' lang='grc' dir='ltr'>οὐδὲ</span> <span class='ocrx_word' id='word_1_741' title='bbox 3513 4845 3676 4914; x_wconf 76' lang='grc' dir='ltr'>ἁμαρ-</span> 
     </span>
    </p>
   </div>
   <div class='ocr_carea' id='block_1_100' title="bbox 2103 4925 2464 4996">
    <p class='ocr_par' dir='ltr' id='par_1_100' title="bbox 2103 4925 2464 4996">
     <span class='ocr_line' id='line_1_101' title="bbox 2103 4925 2464 4996; baseline 0.014 -19"><span class='ocrx_word' id='word_1_742' title='bbox 2103 4925 2192 4978; x_wconf 87' lang='grc' dir='ltr'><strong>τία</strong></span> <span class='ocrx_word' id='word_1_743' title='bbox 2217 4927 2245 4978; x_wconf 87' lang='grc' dir='ltr'>ὁ</span> <span class='ocrx_word' id='word_1_744' title='bbox 2268 4928 2464 4996; x_wconf 79' lang='grc' dir='ltr'>γάμος.</span> 
     </span>
    </p>
   </div>
   <div class='ocr_carea' id='block_1_101' title="bbox 435 5033 3669 5115">
    <p class='ocr_par' dir='ltr' id='par_1_101' title="bbox 435 5033 3669 5115">
     <span class='ocr_line' id='line_1_102' title="bbox 435 5033 3669 5115; baseline 0.002 -25"><span class='ocrx_word' id='word_1_745' title='bbox 435 5036 562 5090; x_wconf 71' lang='lat' dir='ltr'><strong>CAP.</strong></span> <span class='ocrx_word' id='word_1_746' title='bbox 602 5033 691 5088; x_wconf 81' lang='lat' dir='ltr'><strong>IX.</strong></span> <span class='ocrx_word' id='word_1_747' title='bbox 747 5033 1069 5105; x_wconf 74' lang='lat' dir='ltr'><strong>Virginitatia</strong></span> <span class='ocrx_word' id='word_1_748' title='bbox 1113 5035 1429 5115; x_wconf 55' lang='grc' dir='ltr'><strong>εησοηιὶιιηι,ζ</strong></span> <span class='ocrx_word' id='word_1_749' title='bbox 1478 5033 1677 5114; x_wconf 64' lang='lat' dir='ltr'><strong>Malum</strong></span> <span class='ocrx_word' id='word_1_750' title='bbox 1711 5035 2126 5115; x_wconf 61' lang='lat' dir='ltr'><strong>comparatione,</strong></span> <span class='ocrx_word' id='word_1_751' title='bbox 2148 5037 2316 5115; x_wconf 65' lang='lat' dir='ltr'><strong>ipsum</strong></span> <span class='ocrx_word' id='word_1_752' title='bbox 2350 5039 2560 5115; x_wconf 60' lang='lat' dir='ltr'><strong>(ianum.</strong></span> <span class='ocrx_word' id='word_1_753' title='bbox 2609 5039 2829 5115; x_wconf 74' lang='lat' dir='ltr'><strong>Virtutis</strong></span> <span class='ocrx_word' id='word_1_754' title='bbox 2873 5058 3042 5096; x_wconf 73' lang='lat' dir='ltr'><strong>comes</strong></span> <span class='ocrx_word' id='word_1_755' title='bbox 3082 5060 3144 5098; x_wconf 89' lang='lat' dir='ltr'><strong>ac</strong></span> <span class='ocrx_word' id='word_1_756' title='bbox 3175 5044 3321 5113; x_wconf 82' lang='lat' dir='ltr'><strong>ﬁdei,</strong></span> <span class='ocrx_word' id='word_1_757' title='bbox 3376 5049 3669 5115; x_wconf 74' lang='lat' dir='ltr'><strong>persecutio.</strong></span> 
     </span>
    </p>
   </div>
   <div class='ocr_carea' id='block_1_102' title="bbox 1383 5102 2739 5178">
    <p class='ocr_par' dir='ltr' id='par_1_102' title="bbox 1383 5102 2739 5178">
     <span class='ocr_line' id='line_1_103' title="bbox 1383 5102 2739 5178; baseline 0.004 -22"><span class='ocrx_word' id='word_1_758' title='bbox 1383 5102 1490 5156; x_wconf 85' lang='lat' dir='ltr'><strong>Pro</strong></span> <span class='ocrx_word' id='word_1_759' title='bbox 1522 5105 1709 5156; x_wconf 82' lang='lat' dir='ltr'><strong>virium</strong></span> <span class='ocrx_word' id='word_1_760' title='bbox 1741 5108 1960 5171; x_wconf 85' lang='lat' dir='ltr'><strong>ratione,</strong></span> <span class='ocrx_word' id='word_1_761' title='bbox 2000 5102 2307 5160; x_wconf 80' lang='lat' dir='ltr'><strong>Christiano</strong></span> <span class='ocrx_word' id='word_1_762' title='bbox 2341 5109 2481 5161; x_wconf 85' lang='lat' dir='ltr'><strong>lucta</strong></span> <span class='ocrx_word' id='word_1_763' title='bbox 2511 5112 2739 5178; x_wconf 79' lang='lat' dir='ltr'><strong>gravior.</strong></span> 
     </span>
    </p>
   </div>
   <div class='ocr_carea' id='block_1_103' title="bbox 503 5214 2003 5286">
    <p class='ocr_par' dir='ltr' id='par_1_103' title="bbox 503 5214 2003 5286">
     <span class='ocr_line' id='line_1_104' title="bbox 503 5214 2003 5286; baseline -0.001 -16"><span class='ocrx_word' id='word_1_764' title='bbox 503 5217 674 5271; x_wconf 86' lang='lat' dir='ltr'><strong>Aliter</strong></span> <span class='ocrx_word' id='word_1_765' title='bbox 724 5218 886 5272; x_wconf 90' lang='lat' dir='ltr'><strong>etiam</strong></span> <span class='ocrx_word' id='word_1_766' title='bbox 936 5218 1038 5272; x_wconf 91' lang='lat' dir='ltr'><strong>dici</strong></span> <span class='ocrx_word' id='word_1_767' title='bbox 1097 5224 1272 5286; x_wconf 90' lang='lat' dir='ltr'><strong>potest</strong></span> <span class='ocrx_word' id='word_1_768' title='bbox 1322 5215 1492 5282; x_wconf 89' lang='lat' dir='ltr'><strong>magis</strong></span> <span class='ocrx_word' id='word_1_769' title='bbox 1528 5214 2003 5283; x_wconf 72' lang='lat' dir='ltr'><strong>pliysicezbivina</strong></span> 
     </span>
    </p>
   </div>
   <div class='ocr_carea' id='block_1_104' title="bbox 434 5305 1996 5379">
    <p class='ocr_par' dir='ltr' id='par_1_104' title="bbox 434 5305 1996 5379">
     <span class='ocr_line' id='line_1_105' title="bbox 434 5305 1996 5379; baseline -0.002 -17"><span class='ocrx_word' id='word_1_770' title='bbox 434 5309 679 5379; x_wconf 68' lang='lat' dir='ltr'><strong>quaedam</strong></span> <span class='ocrx_word' id='word_1_771' title='bbox 715 5322 804 5362; x_wconf 82' lang='lat' dir='ltr'><strong>res</strong></span> <span class='ocrx_word' id='word_1_772' title='bbox 835 5320 917 5362; x_wconf 89' lang='lat' dir='ltr'><strong>est</strong></span> <span class='ocrx_word' id='word_1_773' title='bbox 942 5307 1245 5378; x_wconf 75' lang='lat' dir='ltr'><strong>virginitas,</strong></span> <span class='ocrx_word' id='word_1_774' title='bbox 1273 5317 1435 5373; x_wconf 88' lang='lat' dir='ltr'><strong>atque</strong></span> <span class='ocrx_word' id='word_1_775' title='bbox 1465 5306 1518 5358; x_wconf 90' lang='lat' dir='ltr'><strong>in</strong></span> <span class='ocrx_word' id='word_1_776' title='bbox 1548 5305 1801 5358; x_wconf 80' lang='lat' dir='ltr'><strong>virtutum</strong></span> <span class='ocrx_word' id='word_1_777' title='bbox 1831 5321 1996 5360; x_wconf 91' lang='lat' dir='ltr'><strong>censu</strong></span> 
     </span>
    </p>
   </div>
   <div class='ocr_carea' id='block_1_105' title="bbox 435 5395 2004 5467">
    <p class='ocr_par' dir='ltr' id='par_1_105' title="bbox 435 5395 2004 5467">
     <span class='ocr_line' id='line_1_106' title="bbox 435 5395 2004 5467; baseline -0.001 -16"><span class='ocrx_word' id='word_1_778' title='bbox 435 5397 736 5466; x_wconf 85' lang='lat' dir='ltr'><strong>splendida.</strong></span> <span class='ocrx_word' id='word_1_779' title='bbox 783 5396 840 5450; x_wconf 89' lang='lat' dir='ltr'><strong>Si</strong></span> <span class='ocrx_word' id='word_1_780' title='bbox 886 5398 1008 5466; x_wconf 92' lang='lat' dir='ltr'><strong>quis</strong></span> <span class='ocrx_word' id='word_1_781' title='bbox 1055 5398 1218 5467; x_wconf 87' lang='lat' dir='ltr'><strong>igitur</strong></span> <span class='ocrx_word' id='word_1_782' title='bbox 1263 5397 1480 5465; x_wconf 88' lang='lat' dir='ltr'><strong>nuptias</strong></span> <span class='ocrx_word' id='word_1_783' title='bbox 1531 5411 1652 5449; x_wconf 89' lang='lat' dir='ltr'><strong>cum</strong></span> <span class='ocrx_word' id='word_1_784' title='bbox 1692 5395 2004 5465; x_wconf 87' lang='lat' dir='ltr'><strong>virginitate</strong></span> 
     </span>
    </p>
   </div>
   <div class='ocr_carea' id='block_1_106' title="bbox 435 5487 2005 5558">
    <p class='ocr_par' dir='ltr' id='par_1_106' title="bbox 435 5487 2005 5558">
     <span class='ocr_line' id='line_1_107' title="bbox 435 5487 2005 5558; baseline 0 -16"><span class='ocrx_word' id='word_1_785' title='bbox 435 5487 739 5552; x_wconf 84' lang='lat' dir='ltr'><strong>conferens,</strong></span> <span class='ocrx_word' id='word_1_786' title='bbox 775 5488 919 5556; x_wconf 86' lang='lat' dir='ltr'><strong>ipsas</strong></span> <span class='ocrx_word' id='word_1_787' title='bbox 947 5489 1092 5543; x_wconf 89' lang='lat' dir='ltr'><strong>dicat</strong></span> <span class='ocrx_word' id='word_1_788' title='bbox 1122 5499 1399 5558; x_wconf 88' lang='lat' dir='ltr'><strong>peccatum</strong></span> <span class='ocrx_word' id='word_1_789' title='bbox 1423 5507 1437 5554; x_wconf 92' lang='lat'><strong>;</strong></span> <span class='ocrx_word' id='word_1_790' title='bbox 1475 5503 1582 5542; x_wconf 91' lang='lat' dir='ltr'><strong>non</strong></span> <span class='ocrx_word' id='word_1_791' title='bbox 1609 5488 1854 5544; x_wconf 91' lang='lat' dir='ltr'><strong>absolute</strong></span> <span class='ocrx_word' id='word_1_792' title='bbox 1879 5497 2005 5542; x_wconf 91' lang='lat' dir='ltr'><strong>sunt</strong></span> 
     </span>
    </p>
   </div>
   <div class='ocr_carea' id='block_1_107' title="bbox 434 5577 2000 5648">
    <p class='ocr_par' dir='ltr' id='par_1_107' title="bbox 434 5577 2000 5648">
     <span class='ocr_line' id='line_1_108' title="bbox 434 5577 2000 5648; baseline 0.001 -17"><span class='ocrx_word' id='word_1_793' title='bbox 434 5587 736 5648; x_wconf 86' lang='lat' dir='ltr'><strong>peceatum.</strong></span> <span class='ocrx_word' id='word_1_794' title='bbox 773 5577 963 5631; x_wconf 80' lang='lat' dir='ltr'><strong>Malum</strong></span> <span class='ocrx_word' id='word_1_795' title='bbox 998 5577 1140 5632; x_wconf 87' lang='lat' dir='ltr'><strong>enim</strong></span> <span class='ocrx_word' id='word_1_796' title='bbox 1171 5593 1274 5632; x_wconf 92' lang='lat' dir='ltr'><strong>non</strong></span> <span class='ocrx_word' id='word_1_797' title='bbox 1326 5579 1379 5631; x_wconf 93' lang='lat' dir='ltr'><strong>in</strong></span> <span class='ocrx_word' id='word_1_798' title='bbox 1415 5579 1827 5647; x_wconf 79' lang='lat' dir='ltr'><strong>comparatione</strong></span> <span class='ocrx_word' id='word_1_799' title='bbox 1876 5579 2000 5636; x_wconf 87' lang='lat' dir='ltr'><strong>boni</strong></span> 
     </span>
    </p>
   </div>
   <div class='ocr_carea' id='block_1_108' title="bbox 475 5732 1509 5810">
    <p class='ocr_par' dir='ltr' id='par_1_108' title="bbox 475 5732 1509 5810">
     <span class='ocr_line' id='line_1_109' title="bbox 475 5732 1509 5810; baseline 0.001 -24"><span class='ocrx_word' id='word_1_800' title='bbox 475 5733 521 5764; x_wconf 82' lang='lat'>&quot;</span> <span class='ocrx_word' id='word_1_801' title='bbox 560 5732 700 5786; x_wconf 80' lang='lat' dir='ltr'><strong>Psal.</strong></span> <span class='ocrx_word' id='word_1_802' title='bbox 747 5750 829 5810; x_wconf 75' lang='lat' dir='ltr'><strong>xv,</strong></span> <span class='ocrx_word' id='word_1_803' title='bbox 869 5733 953 5787; x_wconf 79' lang='grc'><strong>10.</strong></span> <span class='ocrx_word' id='word_1_804' title='bbox 1028 5735 1071 5765; x_wconf 82' lang='grc'><strong>⁷⁷</strong></span> <span class='ocrx_word' id='word_1_805' title='bbox 1116 5732 1276 5793; x_wconf 73' lang='lat' dir='ltr'><strong>llcbr.</strong></span> <span class='ocrx_word' id='word_1_806' title='bbox 1304 5749 1430 5809; x_wconf 77' lang='lat' dir='ltr'><strong>xm,</strong></span> <span class='ocrx_word' id='word_1_807' title='bbox 1456 5735 1509 5787; x_wconf 78' lang='grc'><strong>4.</strong></span> 
     </span>
    </p>
   </div>
   <div class='ocr_carea' id='block_1_109' title="bbox 2174 5217 3673 5294">
    <p class='ocr_par' dir='ltr' id='par_1_109' title="bbox 2174 5217 3673 5294">
     <span class='ocr_line' id='line_1_110' title="bbox 2174 5217 3673 5294; baseline 0.006 -26"><span class='ocrx_word' id='word_1_808' title='bbox 2174 5217 2286 5269; x_wconf 71' lang='grc' dir='ltr'><strong>Καὶ</strong></span> <span class='ocrx_word' id='word_1_809' title='bbox 2316 5217 2519 5289; x_wconf 83' lang='grc' dir='ltr'>ἑτέρως</span> <span class='ocrx_word' id='word_1_810' title='bbox 2560 5219 2618 5272; x_wconf 86' lang='grc' dir='ltr'>δὲ</span> <span class='ocrx_word' id='word_1_811' title='bbox 2646 5220 3018 5293; x_wconf 79' lang='grc' dir='ltr'>φυσικώτερον</span> <span class='ocrx_word' id='word_1_812' title='bbox 3061 5222 3416 5293; x_wconf 78' lang='grc' dir='ltr'>λεχθήσεται·</span> <span class='ocrx_word' id='word_1_813' title='bbox 3461 5226 3520 5276; x_wconf 82' lang='grc' dir='ltr'><strong>Ἡ</strong></span> <span class='ocrx_word' id='word_1_814' title='bbox 3552 5243 3673 5294; x_wconf 78' lang='grc' dir='ltr'>παρ-</span> 
     </span>
    </p>
   </div>
   <div class='ocr_carea' id='block_1_110' title="bbox 2103 5308 3673 5385">
    <p class='ocr_par' dir='ltr' id='par_1_110' title="bbox 2103 5308 3673 5385">
     <span class='ocr_line' id='line_1_111' title="bbox 2103 5308 3673 5385; baseline 0.006 -25"><span class='ocrx_word' id='word_1_815' title='bbox 2103 5308 2253 5361; x_wconf 88' lang='grc' dir='ltr'>θενία</span> <span class='ocrx_word' id='word_1_816' title='bbox 2303 5309 2443 5364; x_wconf 83' lang='grc' dir='ltr'>θεῖόν</span> <span class='ocrx_word' id='word_1_817' title='bbox 2503 5329 2556 5364; x_wconf 90' lang='grc' dir='ltr'><strong>τι</strong></span> <span class='ocrx_word' id='word_1_818' title='bbox 2605 5314 2793 5384; x_wconf 85' lang='grc' dir='ltr'>χρῆμα</span> <span class='ocrx_word' id='word_1_819' title='bbox 2841 5314 3119 5384; x_wconf 81' lang='grc' dir='ltr'>τυγχάνει,</span> <span class='ocrx_word' id='word_1_820' title='bbox 3147 5318 3242 5369; x_wconf 77' lang='grc' dir='ltr'><strong>καὶ</strong></span> <span class='ocrx_word' id='word_1_821' title='bbox 3288 5316 3363 5380; x_wconf 83' lang='grc' dir='ltr'>ὡς</span> <span class='ocrx_word' id='word_1_822' title='bbox 3391 5319 3446 5368; x_wconf 81' lang='grc' dir='ltr'>ἐν</span> <span class='ocrx_word' id='word_1_823' title='bbox 3467 5318 3673 5385; x_wconf 77' lang='grc' dir='ltr'>ἀρεταῖς</span> 
     </span>
    </p>
   </div>
   <div class='ocr_carea' id='block_1_111' title="bbox 2103 5400 3672 5482">
    <p class='ocr_par' dir='ltr' id='par_1_111' title="bbox 2103 5400 3672 5482">
     <span class='ocr_line' id='line_1_112' title="bbox 2103 5400 3672 5482; baseline 0.004 -30"><span class='ocrx_word' id='word_1_824' title='bbox 2103 5401 2359 5472; x_wconf 79' lang='grc' dir='ltr'>ὑπάρχει.</span> <span class='ocrx_word' id='word_1_825' title='bbox 2398 5401 2570 5467; x_wconf 79' lang='grc' dir='ltr'>Εἴτις</span> <span class='ocrx_word' id='word_1_826' title='bbox 2619 5400 2713 5458; x_wconf 82' lang='grc' dir='ltr'>οὖν</span> <span class='ocrx_word' id='word_1_827' title='bbox 2736 5407 3040 5476; x_wconf 84' lang='grc' dir='ltr'>συγκρίνων</span> <span class='ocrx_word' id='word_1_828' title='bbox 3066 5408 3240 5482; x_wconf 80' lang='grc' dir='ltr'>ταύτῃ</span> <span class='ocrx_word' id='word_1_829' title='bbox 3272 5408 3363 5460; x_wconf 76' lang='grc' dir='ltr'><strong>τὸν</strong></span> <span class='ocrx_word' id='word_1_830' title='bbox 3382 5410 3574 5478; x_wconf 75' lang='grc' dir='ltr'>γάμον,</span> <span class='ocrx_word' id='word_1_831' title='bbox 3604 5409 3672 5459; x_wconf 67' lang='lat'><strong>3.5-</strong></span> 
     </span>
    </p>
   </div>
   <div class='ocr_carea' id='block_1_112' title="bbox 2102 5492 3666 5570">
    <p class='ocr_par' dir='ltr' id='par_1_112' title="bbox 2102 5492 3666 5570">
     <span class='ocr_line' id='line_1_113' title="bbox 2102 5492 3666 5570; baseline 0.006 -26"><span class='ocrx_word' id='word_1_832' title='bbox 2102 5507 2188 5560; x_wconf 91' lang='grc' dir='ltr'><strong>γοι</strong></span> <span class='ocrx_word' id='word_1_833' title='bbox 2215 5492 2377 5546; x_wconf 83' lang='grc' dir='ltr'>αὑτὸν</span> <span class='ocrx_word' id='word_1_834' title='bbox 2409 5495 2684 5565; x_wconf 89' lang='grc' dir='ltr'>ἁμαρτίαν</span> <span class='ocrx_word' id='word_1_835' title='bbox 2739 5492 2902 5560; x_wconf 77' lang='grc' dir='ltr'>εἶναι,</span> <span class='ocrx_word' id='word_1_836' title='bbox 2939 5499 3037 5552; x_wconf 84' lang='grc' dir='ltr'><strong>οὐκ</strong></span> <span class='ocrx_word' id='word_1_837' title='bbox 3065 5500 3475 5570; x_wconf 81' lang='grc' dir='ltr'>ἁπολελυμένως</span> <span class='ocrx_word' id='word_1_838' title='bbox 3500 5501 3666 5570; x_wconf 74' lang='grc' dir='ltr'>ἁμαρ-</span> 
     </span>
    </p>
   </div>
   <div class='ocr_carea' id='block_1_113' title="bbox 2100 5582 3668 5662">
    <p class='ocr_par' dir='ltr' id='par_1_113' title="bbox 2100 5582 3668 5662">
     <span class='ocr_line' id='line_1_114' title="bbox 2100 5582 3668 5662; baseline 0.006 -28"><span class='ocrx_word' id='word_1_839' title='bbox 2100 5583 2189 5635; x_wconf 85' lang='grc' dir='ltr'><strong>τία</strong></span> <span class='ocrx_word' id='word_1_840' title='bbox 2222 5582 2488 5640; x_wconf 77' lang='grc' dir='ltr'><strong>ὲστίν.’Ἰ’ὸ</strong></span> <span class='ocrx_word' id='word_1_841' title='bbox 2513 5587 2619 5659; x_wconf 80' lang='grc' dir='ltr'><strong>γὰρ</strong></span> <span class='ocrx_word' id='word_1_842' title='bbox 2648 5589 2813 5642; x_wconf 76' lang='grc' dir='ltr'>κακὸν</span> <span class='ocrx_word' id='word_1_843' title='bbox 2845 5591 2906 5643; x_wconf 82' lang='grc' dir='ltr'>οὐ</span> <span class='ocrx_word' id='word_1_844' title='bbox 2937 5587 3216 5662; x_wconf 81' lang='grc' dir='ltr'>συγκρίσει</span> <span class='ocrx_word' id='word_1_845' title='bbox 3245 5592 3336 5646; x_wconf 78' lang='grc' dir='ltr'>τοῦ</span> <span class='ocrx_word' id='word_1_846' title='bbox 3361 5592 3560 5661; x_wconf 76' lang='grc' dir='ltr'>ἀγαθοῦ</span> <span class='ocrx_word' id='word_1_847' title='bbox 3585 5610 3668 5645; x_wconf 68' lang='grc' dir='ltr'>και</span> 
     </span>
    </p>
   </div>
  </div>
