3738 6360
101 399 241 468 itm

1332 394 1610 452 CONTRA
1650 393 2098 452 MANICHEOS.

3198 400 3334 456 1098

106 527 199 579 κόν
231 527 372 585 ἐστι,
429 521 547 575 καθ’
583 518 742 573 ἑαυτὸ
802 518 862 571 δν
918 514 1145 571 τοιοῦτο.
1189 515 1256 568 Εἴ
1281 533 1410 568 ποτε
1448 516 1578 583 γοῦν
1604 516 1678 579 ὡς

1878 517 1982 570 lum
2013 524 2118 580 est,
2148 519 2240 572 sed
2269 517 2440 587 ipsum
2479 531 2573 586 per
2607 531 2664 572 se
2715 515 2820 572 tale
2851 525 2956 572 est.
3018 517 3077 572 Si
3131 519 3344 586 quando

105 615 242 686 πρὸς
262 611 466 680 ἀγαθὸν
509 611 719 678 λέγοιτό
743 627 796 662 τι
847 608 1034 672 κακὸν,
1055 608 1159 660 ικαὶ
1193 607 1322 660 αὐτὸ
1349 606 1548 675 ἀγαθὸν
1570 605 1676 676 εἴη,

107 704 490 774 ὑποδεέστερον
523 701 617 754 τοῦ
672 701 1096 772 προκρινομένου
1151 698 1312 752 αὐτοῦ
1365 697 1590 766 ἀγαθοῦ.
1620 700 1681 751 Oi

106 794 284 846 τοίνυν
311 792 392 862 τῷ
421 791 733 860 Εὑαγγελίῳ
785 790 1228 861 προσερχόμενοι,
1257 788 1682 860 προηγουμένως

106 881 502 954 προσέρχονται
535 880 682 951 αὐτῷ
714 880 806 932 ἐπὶ
833 881 912 950 τῷ
934 879 1222 942 θεοσεϐεἰν,
1258 879 1350 932 καὶ
1381 879 1522 932 κατὰ
1553 878 1683 931 Θεὸν

103 973 364 1041 γενέσθαι
396 971 567 1041 σοφοί.
599 964 758 1025 Οὗτοι
793 970 1074 1041 ἑπομένως
1114 969 1296 1041 ἔχουσι
1333 970 1394 1022 τὸ
1429 970 1682 1039 πολεμεῖ-

105 1063 231 1117 σθαι
273 1063 380 1116 ὑπό
399 1079 587 1116 τινωψ
625 1063 719 1116 καὶ
749 1061 858 1133 γὰρ
879 1063 959 1114 δεῖ
985 1062 1204 1125 τούτους
1238 1062 1468 1131 βεϐαίως
1489 1055 1688 1114 ἀναλαέ

103 1155 222 1208 δεῖν
245 1155 340 1208 τὸν
361 1154 802 1226 Χριστιανισμόν.
837 1153 1194 1224 Προσγίνεται
1231 1153 1288 1205 δὲ
1329 1153 1361 1222 ή
1401 1151 1685 1222 βεδαιότης

101 1247 169 1298 ἐκ
190 1247 296 1317 τῆς
313 1247 455 1299 κατὰ
478 1247 602 1308 τοὺς
621 1246 955 1316 πειρασμοὺς
981 1244 1305 1314 γυμνασίας.
1338 1242 1499 1296 Ὅθεν
1515 1243 1684 1310 ἀνάγ-

103 1355 174 1407 κη
239 1338 460 1406 ἀγῶνας
493 1338 686 1400 αὐτοὺς
713 1335 1019 1406 ὑπομένειν.
1049 1337 1158 1388 Καὶ
1189 1337 1378 1406 ῶσπερ
1402 1335 1450 1387 οἱ
1478 1335 1686 1402 ἀγωνο-

104 1428 412 1494 θετοῦντες,
442 1430 490 1481 εἰ
521 1429 613 1482 τοῦ
647 1429 866 1496 εὐλόγου
900 1428 1252 1499 φροντίζοιεν,
1277 1428 1373 1497 οὐχ
1405 1426 1479 1490 ὡς
1499 1426 1687 1495 ἔτυχεν

101 1521 259 1573 τόνδε
299 1520 440 1588 μετὰ
485 1520 637 1574 τοῦδε
665 1519 1056 1591 συμϐάλλουσιν
1114 1517 1370 1589 ἀθλητὴν,
1424 1517 1558 1570 ἀλλὰ
1591 1518 1687 1569 σὺν

103 1610 372 1682 ἀκριϐείᾳ
394 1611 580 1682 πολλῇ,
632 1613 710 1676 εἰς
758 1611 855 1682 τὴν
882 1611 1171 1679 ἀναλογίαν
1202 1611 1300 1679 τῆς
1342 1607 1571 1662 ἑκάστου
1595 1607 1686 1660 δυ-

100 1702 329 1772 νάμεως
362 1701 719 1764 σκοποῦντες·
768 1701 938 1764 οὕτως
981 1703 1072 1754 καὶ
1098 1703 1126 1754 ό
1156 1700 1420 1770 ἡμέτερος
1473 1698 1690 1752 ἀθλοθέ-

98 1809 204 1861 της
258 1793 494 1863 Χριστὸς
557 1793 618 1845 οὐ
672 1793 876 1855 πάντας
906 1795 1017 1854 τοῖς
1051 1793 1230 1854 αὐτοῖς
1262 1791 1689 1858 ἀνταγωνισταῖς

98 1882 494 1952 συζεύγνυσιν,
537 1883 671 1936 ἀλλὰ
699 1883 840 1936 κατὰ
866 1883 961 1953 τὴν
987 1882 1202 1952 ἡλικίαν
1222 1883 1314 1934 καὶ
1337 1881 1433 1951 τὴν
1464 1879 1691 1950 δύναμιν

98 1977 345 2030 ἑκάστου
373 1977 464 2028 τὶν
517 1976 806 2028 ἀντίπαλον
833 1975 1067 2027 δίδωσιν.
1093 1972 1396 2044 Κορινθίοις
1423 1971 1573 2036 γοῦν,
1597 1988 1692 2040 νη-

99 2062 256 2122 πίοις
281 2057 436 2114 οὖσιν
488 2061 588 2126 ἔτι,
617 2061 725 2114 τῶν
770 2061 1110 2132 παθημάτων
1175 2061 1272 2131 τῆς
1309 2060 1506 2131 σαρκὸς
1541 2071 1692 2130 περι-

98 2151 334 2223 έχεσθαι
367 2152 579 2216 Παῦλος
608 2153 808 2224 γράφει
824 2171 837 2184 ο
870 2152 1202 2221 Πειρασμὸς
1221 2150 1374 2221 ὑμᾶς
1396 2154 1504 2205 οὐκ
1526 2151 1689 2219 εἴλη-

97 2255 242 2306 gser.
270 2240 322 2290 el
347 2238 435 2307 μὴ
462 2239 847 2307 ἀνθρώπινος.
885 2241 948 2292 Ol
988 2240 1096 2310 γὰρ
1140 2241 1434 2310 πειρασμοὶ⁵
1466 2239 1689 2304 τούτων,

98 2329 198 2379 καὶ
229 2329 283 2380 οἱ
335 2329 566 2395 ἀγῶνες,
603 2329 738 2400 πρὸς
793 2329 862 2382 τὰ
893 2330 1207 2400 ἀνθρώπινα
1254 2330 1553 2401 πράγματα
1596 2330 1691 2400 τὴν

97 2418 396 2488 ἀναφορὰν
433 2419 635 2489 ἔχουσι.
682 2422 815 2490 Περὶ
843 2421 1036 2474 ἑαυτοῦ
1058 2422 1113 2474 δὲ
1139 2423 1232 2474 καὶ
1272 2421 1380 2474 τῶν
1403 2422 1692 2494 παραπλη-

100 2510 265 2571 σῖων,
297 2511 605 2581 ἰσορρόπων
637 2529 697 2564 τε
741 2513 832 2565 καὶ
890 2512 1193 2578 ἰσοσθενῶν,
1231 2514 1455 2584 γράφων
1495 2514 1689 2583 φησίν·

95 2602 219 2653 Οὐκ
250 2600 408 2654 ἐστιν
442 2604 571 2672 ἡμῖν
603 2604 635 2674 ἡ
671 2604 813 2673 πάλη
849 2606 984 2676 πρὸς
1037 2602 1178 2677 αἷμα
1201 2607 1296 2659 καὶ
1328 2608 1526 2677 σάρκα.
1561 2607 1694 2660 ἀλλὰ

98 2693 246 2762 πρὸς
272 2693 376 2756 τὰς
407 2696 600 2764 ἀρχὰς,
641 2696 734 2748 καὶ
777 2696 874 2760 τὰς
905 2697 1171 2761 ἐξουσίας,
1215 2699 1307 2752 καὶ
1339 2700 1464 2762 τοὺς
1498 2717 1696 2769 κοσμο-

97 2784 392 2854 κράτορας
417 2785 511 2838 τοῦ
544 2787 764 2850 σκότους
797 2787 891 2839 τοῦ
919 2789 1114 2852 αίῶνος
1154 2790 1340 2843 τούτου
1366 2805 1382 2819 ⁸
1420 2791 1696 2860 μονονουχὶ

95 2873 267 2926 τοῦτο
310 2874 528 2942 λέγων’
576 2875 735 2946 Ἡμῖν
765 2879 878 2940 τοῖς
929 2878 1463 2951 ὑπεραναϐεϐηκόσιν
1516 2880 1694 2933 οὐκέτι

98 2964 244 3034 πρὸς
273 2960 420 3036 αἷμα
449 2967 544 3018 καὶ
562 2967 756 3039 σάρκα,
779 2969 922 3022 τοῦτ’
945 2971 1089 3024 ἐστιν
1111 2972 1444 3043 ἀνθρώπινα,
1469 2974 1501 3042 ἡ
1529 2971 1692 3041 πάλη,

95 3059 243 3110 ἀλλὰ
279 3061 424 3131 πρὸς
475 3061 544 3114 τὰ
576 3063 1089 3133 ὑπεραναϐεϐηκότα
1124 3063 1377 3132 τάγματα
1414 3063 1520 3116 τῶν
1558 3063 1698 3115 ἀντι·

97 3150 302 3203 πάλων
325 3169 339 3181 ·
396 3152 536 3204 εἰσὶν
559 3153 614 3206 δὲ
635 3154 805 3206 ταῦτα
835 3154 944 3225 εῐδη
977 3153 1230 3223 λογικῶν,
1267 3153 1517 3226 πονηρῶν
1542 3171 1695 3222 γενο-

101 3245 292 3311 μένων
319 3246 740 3314 προαιρετικῶς.

1783 610 1945 678 igitur
1978 609 2176 679 aliquid
2209 611 2404 665 malum
2435 610 2653 676 dicitur,
2685 623 2746 664 ea
2785 610 2990 663 ratione
3037 610 3177 678 quod
3221 625 3342 663 cum

1781 699 1924 753 bono
1954 703 2230 755 confertur
2254 717 2268 766 ;
2303 702 2471 772 ipsum
2498 703 2658 756 etiam
2687 701 2882 756 bonum
2913 702 3094 768 fuerit,
3121 701 3346 756 inferius

1782 789 1924 844 bono
1951 790 2092 859 quod
2119 791 2216 859 ipsi
2253 792 2569 845 antefertur.
2621 791 2720 857 Qui
2754 792 2914 861 igitur
2947 791 3234 862 Evangelio
3261 809 3348 846 ac—

1783 882 2002 945 cedunt,
2032 884 2096 935 ad
2130 883 2300 952 ipsum
2329 882 2380 936 in
2411 883 2599 952 primis
2618 882 2898 947 accedunt,
2943 892 3000 936 ut
3040 883 3211 936 colant
3240 889 3350 951 pte-

1787 983 1972 1037 tatem,
2032 983 2086 1029 et
2139 975 2432 1030 secundum
2490 975 2656 1028 Deum
2708 974 2980 1043 sapientes
3045 972 3190 1027 ﬁant.
3256 972 3348 1026 His

1785 1081 1966 1121 comes
2000 1077 2102 1130 est,
2142 1077 2201 1119 ut
2240 1083 2267 1120 a
2294 1066 2564 1121 nonnullis
2615 1075 3028 1135 oppugnentur;
3083 1065 3346 1133 siquidem

1786 1171 2005 1212 necesse
2031 1167 2112 1211 est
2131 1173 2222 1212 eos
2247 1158 2472 1212 ﬁrmiter
2501 1157 2774 1225 animique
2802 1157 3103 1211 constantia
3135 1155 3351 1210 Christo

1787 1262 1984 1302 nomen
2013 1249 2164 1301 dare.
2214 1247 2472 1303 Firmitas
2523 1258 2700 1302 autem
2733 1263 2797 1302 ac
2844 1247 3143 1302 constantia
3180 1256 3351 1302 tenta—
3407 1306 3412 1311 ι

1789 1341 1996 1394 tionum
2037 1339 2425 1394 exercitatione
2491 1349 2792 1409 praestatur.
2848 1340 3206 1407 Quamobrem
3258 1355 3355 1392 ne-

1787 1445 1940 1485 cesse
1963 1440 2064 1496 est,
2099 1439 2155 1484 ut
2177 1439 2232 1484 et
2256 1430 2330 1485 illi
2359 1431 2655 1484 certamina
2693 1429 2940 1484 subeant.
2982 1429 3350 1495 Quemadmo-

1789 1521 1915 1575 dum
1939 1530 2114 1576 autem
2144 1522 2234 1590 qui
2269 1522 2601 1578 certantibus
2629 1522 2966 1576 constituunt
3011 1521 3255 1590 pratmia,
3285 1518 3352 1584 si,

1789 1613 1930 1679 quod
1965 1626 1995 1666 e
2030 1612 2237 1666 ratione
2265 1626 2668 1683 congruumque
2699 1611 2967 1673 videatur,
3004 1610 3352 1679 spectandum.

1789 1701 1889 1754 sibi
1919 1703 2261 1771 putaverint,
2295 1703 2436 1758 haud
2475 1712 2675 1758 temere
2717 1703 2859 1757 hunc
2905 1702 3163 1771 illumque
3202 1702 3356 1772 pugi-

1791 1789 1895 1844 lem
1947 1793 2334 1856 commiserint,
2388 1793 2482 1847 sed
2526 1792 2689 1845 multa
2763 1791 3038 1861 diligentia
3099 1792 3356 1860 omnique

1723 1861 1763 1916 Β
1793 1881 2100 1946 sedulitate,
2136 1882 2396 1953 cujusque
2432 1883 2626 1937 virium
2681 1892 2919 1951 spectata
2977 1882 3224 1946 ratione;
3277 1883 3357 1936 sic

1791 1970 2045 2024 nimirum
2083 1972 2250 2025 nostri
2276 1986 2488 2040 quoque
2521 1972 2830 2026 certaminis
2875 1971 3076 2026 arbiter
3109 1970 3358 2026 Christus

1791 2078 1899 2118 non
1939 2077 2127 2118 omnes
2163 2063 2350 2118 iisdem
2380 2064 2705 2119 adversariis
2727 2063 2924 2133 jungit,
2974 2064 3067 2117 sed
3117 2078 3214 2133 pro
3263 2077 3358 2117 cu-

1786 2156 1984 2226 jusque
2037 2157 2212 2212 aetatis
2275 2156 2580 2224 viriumque
2625 2155 2858 2221 ratione,
2918 2169 3149 2224 quocum
3215 2154 3357 2208 lucta

1791 2249 2124 2301 conserendo
2146 2287 2162 2311 ,
2195 2248 2434 2317 Opponit.
2465 2247 2760 2302 Corinthiis
2800 2247 3001 2316 itaque,
3031 2261 3151 2301 cum
3185 2245 3360 2300 adhuc

1791 2337 1998 2404 parvuli
2032 2348 2233 2400 essent,
2264 2337 2459 2391 Paulus
2493 2337 2766 2404 scribit",
2822 2337 2990 2392 teneri
3040 2351 3132 2392 eos
3179 2336 3358 2390 carnis

1794 2427 2172 2496 passionibus:
2209 2427 2472 2490 Tentatio,
2505 2429 2696 2498 inquit,
2732 2444 2819 2483 vos
2857 2445 2958 2481 non
2999 2427 3357 2496 apprehendit,

1793 2521 1894 2572 nisi
1917 2519 2224 2573 humana".
2259 2521 2496 2590 Ipsorum
2530 2537 2758 2589 namque
2791 2520 3110 2576 tentationes
3146 2534 3209 2574 ac
3234 2535 3360 2575 cer-

1796 2612 1994 2664 tamina
2028 2613 2094 2666 ad
2140 2626 2201 2665 ea
2241 2613 2558 2681 spectabant
2596 2627 2718 2681 qua:
2755 2621 2936 2667 essent
2976 2611 3230 2666 humana.
3283 2609 3358 2664 De

1797 2717 1856 2756 se
1885 2715 2065 2756 autem
2102 2705 2294 2772 suique
2347 2703 2634 2764 similibus.
2705 2705 2818 2772 pari
2873 2703 3074 2758 scilicet
3130 2702 3359 2772 pectoris

1798 2793 1988 2846 robore
2022 2809 2083 2848 ac
2117 2795 2480 2860 animositate,
2536 2795 2726 2850 scribit
2774 2795 2958 2850 dicens
2980 2794 3024 2826 ⁸⁰
3056 2813 3069 2848 :
3107 2792 3229 2846 Non
3283 2802 3358 2844 est

1797 2880 1946 2934 nobis
1986 2882 2284 2937 colluctatio
2319 2885 2564 2937 adversus
2598 2885 2900 2953 sanguinem
2923 2894 2972 2938 et
3012 2899 3240 2945 carnem,
3270 2883 3361 2934 sed

1795 2972 2042 3025 adversus
2081 2975 2403 3041 principatus
2449 2985 2494 3027 et
2549 2985 2850 3043 potestates,
2885 2975 3163 3043 mundique
3189 2973 3360 3027 domi-

1795 3078 1910 3125 nos,
1937 3072 2156 3115 rectores
2183 3064 2508 3116 tenebrarum
2539 3064 2718 3117 smculi
2739 3064 2917 3134 hujus,
2961 3079 3025 3119 ac
3064 3065 3110 3119 si
3137 3063 3359 3126 diceret,

1798 3151 1964 3206 Nobis
2016 3154 2106 3222 qui
2160 3154 2387 3208 celsiore
2438 3155 2604 3224 gradu
2663 3145 3094 3218 conscendimus,
3144 3161 3364 3208 nonest

1806 3244 1946 3298 lucta
1987 3245 2245 3298 adversus
2273 3246 2588 3313 sanguinem
2618 3257 2672 3299 et
2698 3260 2915 3299 carnem
2957 3244 3032 3316 (id
3063 3254 3146 3298 est
3176 3244 3368 3298 adver-

99 3351 199 3388 sus
273 3336 562 3403 humana),
609 3337 700 3389 sed
755 3336 1016 3391 adversus
1065 3337 1403 3405 superiorum
1456 3336 1700 3392 ordinum
1743 3335 2099 3389 adversarios.
2160 3335 2295 3388 Sunt
2358 3349 2486 3388 vero
2522 3336 2571 3388 hi
2641 3335 2938 3388 animorum
2986 3333 3211 3404 species,
3273 3337 3365 3402 qui

97 3427 418 3482 voluntatis
459 3429 684 3510 arbitrio
720 3430 864 3496 pravi
893 3439 1205 3483 evaserunt.

294 3515 432 3571 CAP.
477 3517 521 3570 Χ
599 3499 900 3572 Voluntutes
928 3536 1030 3572 non
1066 3530 1183 3573 sunt
1213 3517 1522 3572 substantia:
1559 3499 1728 3638 nial’a'.
1774 3516 2080 3569 Animorum
2117 3529 2304 3582 genera
2336 3521 2380 3564 et
2416 3513 2605 3579 species
2635 3523 2952 3576 nuncupata,
2990 3530 3021 3565 a
3059 3529 3217 3576 prava

1595 3605 1652 3638 to
1680 3597 1874 3638 untate.

1595 3597 1874 3641 voluntate.

169 3676 396 3746 Μηδεὶς
418 3674 475 3727 δὲ
524 3677 786 3749 ὑπολάϐῃ,
816 3679 898 3731 ὅτι
941 3680 1054 3751 εἴδη
1085 3682 1316 3748 Αογικῶν
1343 3682 1592 3752 πονηρῶν
1627 3684 1702 3733 ει-

100 3770 370 3840 ρηκότες,
407 3768 596 3821 οὐσίαν
638 3771 875 3843 πονηρὰν
928 3772 1176 3843 λέγομεν.
1213 3775 1399 3825 Ἔστιν
1443 3774 1548 3845 γὰρ
1587 3773 1699 3843 εἴδη

98 3860 197 3912 καὶ
219 3859 366 3931 γένη
396 3860 491 3911 καὶ
515 3859 622 3912 τῶν
653 3863 1048 3932 προαιρετικῶν
1066 3864 1432 3935 ὑπαρχόντων.
1459 3865 1700 3933 Λέγομεν

100 3948 239 4015 γοῦν
268 3947 396 4018 εἴδη
428 3950 716 4004 σπουδαίου
743 3949 902 4019 εἶναι,
938 3953 1162 4016 δίκαιον,
1201 3954 1470 4025 σώφρονα,
1519 3955 1702 4025 φρόνι-

103 4060 229 4112 μον.
306 4042 466 4094 Ἐπεὶ
494 4041 602 4114 γὰρ
632 4046 665 4115 ἡ
718 4046 884 4116 ἀρετὴ
913 4046 1087 4114 γένος,
1110 4050 1189 4110 εἰς
1209 4049 1323 4118 εἴδη
1349 4049 1698 4120 μεριζομὲνη,

99 4137 183 4198 εἰς
213 4135 599 4207 δικαιοσύνην,
663 4141 1012 4210 σωςςροσύνην
1048 4142 1234 4195 καὶτὰ
1273 4143 1454 4207 λοιπὰ,
1488 4143 1700 4212 ἀνάγκη

101 4227 195 4280 τδν
245 4226 351 4279 τοῦ
386 4227 579 4309 γένους
624 4231 938 4300 μετέχοντα,
997 4233 1280 4286 σπουδαῖον
1313 4235 1459 4299 ὄντα,
1504 4235 1701 4289 ὡσανεὶ

101 4318 268 4385 γένος
328 4313 474 4371 εἶναι
509 4320 615 4373 τῶν
644 4323 974 4392 μετεχόντων
1003 4324 1109 4377 τῶν
1140 4326 1258 4378 κατ’
1299 4323 1434 4389 εἶδος
1459 4327 1695 4396 ἀρετῶν·

103 4408 384 4470 ὡσαύτως
411 4408 504 4460 καὶ
533 4411 630 4479 τῆς
659 4411 966 4482 ἐπιστήμης
1013 4413 1200 4480 γένους
1225 4411 1408 4482 οὔσης,
1440 4429 1701 4483 γραμμα-

1880 3676 2046 3730 Nemo
2079 3689 2206 3728 vero
2234 3674 2527 3738 existimet,
2554 3688 2678 3728 cum
2730 3688 3015 3742 pravorum
3067 3674 3367 3729 animorum

1809 3768 2016 3836 species
2046 3765 2302 3828 diximus,
2338 3777 2557 3830 pravam
2607 3777 2705 3817 nos
2742 3763 3034 3816 essentiam
3081 3763 3258 3817 dicere
3307 3778 3370 3816 ac

1808 3848 2185 3912 substantiam.
2213 3854 2351 3908 Sunt
2409 3854 2551 3907 enim
2607 3853 2768 3907 etiam
2813 3854 3022 3923 species
3061 3862 3117 3908 et.
3153 3868 3370 3923 genera,

1805 3965 1992 4006 eorum
2020 3963 2139 4018 quae
2174 3949 2354 4002 liberae
2385 3946 2675 4001 voluntatis
2709 3957 2851 4001 sunt.
2882 3947 3117 4002 Dicimus
3160 3947 3372 4002 honesti

1805 4042 2016 4112 species
2079 4054 2220 4104 esse,
2280 4037 2506 4107 justum,
2559 4047 2968 4107 temperantem,
3023 4038 3367 4108 prudentem,

1808 4134 2020 4188 fortem.
2050 4130 2185 4197 Quia
2231 4144 2462 4198 namque
2509 4130 2683 4183 virtus
2707 4144 2877 4198 genus
2905 4138 2988 4184 est
3016 4145 3134 4198 quae
3167 4129 3219 4183 iu
3251 4145 3372 4199 spe-

1806 4226 1917 4280 cies
1943 4223 2318 4285 distribuatur,
2351 4220 2404 4274 in
2431 4220 2718 4288 justitiam,
2753 4221 3159 4290 temperantiam
3192 4235 3256 4276 ac
3288 4235 3372 4275 re-

1807 4319 1998 4387 liquas,
2059 4329 2279 4368 necesse
2317 4323 2399 4368 est
2433 4329 2556 4367 eum
2590 4315 2682 4382 qui
2729 4327 2898 4383 genus
2927 4313 3246 4383 participat,
3277 4313 3370 4382 qui

1805 4405 2056 4460 vidclicct
2081 4406 2356 4460 studiosus
2389 4406 2616 4460 exsismt
2660 4419 2724 4458 ac
2753 4405 2949 4459 virtute
2975 4404 3196 4475 lulgeat,
3223 4403 3373 4458 velut

104 4501 298 4570 τικῆς,
346 4501 616 4571 μουσικῆς
645 4503 866 4555 καὶτῶν
899 4503 1120 4568 λοιπῶν,
1139 4505 1228 4557 τὸν
1258 4504 1701 4574 παρονομαζόμε-

1878 4513 1975 4552 uus
2000 4512 2120 4552 esse
2155 4513 2340 4552 eorum
2375 4499 2465 4566 qui
2491 4497 2696 4566 species
2726 4498 2984 4550 virtutum
3016 4497 3368 4565 participant.

103 4608 198 4642 νον
227 4590 350 4643 ἀπὸ
375 4591 474 4644 τοῦ
498 4591 683 4659 γένους
708 4595 1067 4666 ἐπιστήμονα,
1097 4597 1250 4665 γένος
1272 4593 1406 4650 εἶναι
1429 4599 1534 4650 τῶν
1561 4615 1702 4668 παρ-

106 4680 550 4752 ονομαζομένων
584 4685 691 4738 ἀπὸ
715 4685 822 4739 τῶν
851 4686 950 4756 τῆς
981 4689 1289 4760 ἐπιστήμης
1319 4691 1474 4744 εἰδῶν
1499 4708 1698 4760 φαμεν.

106 4773 233 4826 Κᾶν
262 4776 456 4827 τοίνυν
490 4776 741 4847 πονηρῶν
777 4777 1008 4846 λογικῶν
1033 4780 1142 4851 είδη
1171 4781 1417 4851 λέγομεν,
1441 4799 1700 4852 προαιρε-

105 4866 288 4928 τικῶς
319 4866 534 4929 πάντας
563 4869 688 4930 τοὺς
727 4868 831 4921 ὑπὸ
859 4869 926 4922 τὰ
952 4871 1064 4942 εἴδη
1090 4869 1262 4925 ταῦτα
1305 4872 1534 4943 λέγομεν
1563 4869 1703 4926 εἶναι

105 4953 422 5017 τοιούτους.
474 4955 689 5024 ’Δμέλει
714 4956 843 5024 γοῦν
881 4957 948 5011 τὰ
972 4959 1209 5030 ὀνόματα
1237 4962 1304 5015 τὰ
1334 4963 1705 5035 προειρημένα

108 5046 358 5118 πονηρὰ,
389 5046 492 5100 οὐκ
513 5047 731 5115 οὐσιῶν,
773 5049 908 5103 ἀλλὰ
942 5052 1334 5124 προαιρετικῶν
1359 5055 1505 5107 ἐστιν
1537 5056 1706 5124 ἐμφα-

106 5154 360 5190 ντστικα.

1808 4588 2090 4652 Similiter,
2157 4604 2278 4643 cum
2325 4589 2547 4644 scientia
2616 4603 2783 4657 genus
2838 4589 2928 4654 sit,
2984 4586 3370 4656 grammaticae,

1807 4680 2022 4734 musica:
2043 4689 2097 4736 et
2135 4681 2358 4734 aliarum
2384 4721 2400 4746 ,
2434 4695 2555 4734 eum
2590 4681 2703 4750 qui,
2735 4681 2896 4734 ducto
2929 4693 2960 4732 a
3011 4678 3232 4734 scientia
3271 4692 3370 4731 no-

1806 4772 1969 4838 mine,
2028 4773 2206 4826 sciens
2247 4771 2465 4832 dicitur,
2527 4786 2696 4840 genus
2741 4785 2863 4824 esse
2911 4769 3139 4824 dicimus
3161 4783 3368 4834 eorum,

1803 4864 1952 4932 quia
1992 4865 2082 4918 tali
2117 4865 2314 4932 talique
2347 4864 2572 4917 scientia
2618 4862 2881 4933 (scientiae
2927 4861 3134 4916 scilicet
3161 4862 3370 4930 specie-

1804 4954 1925 5023 bus)
1958 4966 2354 5024 nuncupantur.
2384 4953 2701 5023 Quanquam
2741 4955 2904 5024 igitur
2941 4968 3229 5024 pravorum
3261 4954 3371 5006 aui-

1806 5062 2014 5100 morum
2044 5048 2250 5115 species
2277 5047 2527 5109 dicimus,
2559 5061 2746 5101 omnes
2787 5046 2973 5100 subter
3017 5046 3114 5100 has
3163 5045 3369 5116 species

1808 5139 2034 5207 positos,
2066 5139 2338 5194 voluntate
2368 5153 2561 5207 pravos
2604 5153 2724 5193 esse
2753 5137 3003 5192 dicimus.
3031 5137 3160 5203 Quae
3189 5137 3371 5206 itaque

1809 5231 1950 5284 dicta
1979 5239 2101 5283 sunt
2133 5246 2293 5298 prava
2322 5231 2563 5293 nomina,
2592 5244 2696 5283 non
2756 5229 3019 5283 essentias
3045 5227 3366 5298 signiﬁcant,

1806 5321 1900 5374 sed
1925 5320 2015 5388 qui
2047 5321 2215 5375 libera
2238 5321 2449 5391 praediti
2481 5320 2752 5376 voluntate
2778 5319 3062 5375 exsistant.

110 5416 253 5470 (ΞΑΡ.
295 5415 390 5469 XI.
439 5417 688 5499 Diabolus
737 5423 1250 5499 uoluntatisutomen
1301 5427 1512 5499 ejusque
1569 5431 1862 5493 pravitatis.
1910 5430 2102 5492 Judas,
2153 5434 2414 5488 diabolus.
2471 5435 2661 5499 Jatlas,
2713 5439 2873 5488 bonus
2926 5437 3137 5499 electus,
3194 5435 3367 5496 factus

438 5489 703 5544 voluntate
736 5491 904 5542 malus
939 5503 987 5544 et
1021 5492 1280 5548 diabolus.
1316 5489 1588 5559 Diabolus,
1618 5511 1890 5553 accusator
1915 5512 1961 5553 et
1997 5489 2363 5560 calumniator.
2407 5489 2669 5572 Satanas,
2707 5508 3055 5559 aduersarius.

196 5584 268 5636 Τὸ
320 5589 430 5659 γὰρ
461 5589 732 5655 διάϐολος
757 5588 946 5660 ὄνομα,
977 5591 1076 5642 οὐκ
1107 5589 1311 5652 οὐσίαν,
1348 5589 1482 5643 ἀλλὰ
1510 5590 1700 5662 προαί-

110 5691 276 5744 ρεσιν
302 5678 477 5749 δηλοῖ.
505 5681 712 5733 Αὐτίκα
745 5681 874 5749 γοῦν
907 5682 1000 5734 καὶ
1043 5680 1133 5733 τὸν
1176 5681 1391 5744 Ἰούδαν,
1420 5681 1700 5754 ἄνθρωπον

207 5787 250 5819 ⁷⁸
291 5787 310 5841 ι
352 5789 482 5844 Cor.
509 5807 590 5853 Ill,
627 5792 684 5846 2.

532 5884 799 5946 Puncta
857 5886 973 5946 Gtt.
1023 5886 1073 5944 Χ
1091 5885 1322 5951 XXIX;

1877 5594 2025 5660 Quod
2075 5597 2214 5650 enim
2264 5597 2507 5652 diabolus
2552 5600 2766 5663 dicitur,
2813 5614 2916 5654 non
2954 5596 3243 5652 essentiam
3279 5595 3372 5648 de-

1810 5686 1998 5755 clarat,
2029 5691 2121 5744 sed
2155 5689 2503 5746 voluntatem.
2551 5692 2743 5746 Statim
2785 5692 2927 5746 enim
2965 5690 3126 5745 etiam
3155 5685 3369 5749 ludam,

759 5792 802 5824 ⁷³
845 5791 1015 5846 ICor.
1050 5792 1217 5853 x,15.
1293 5793 1338 5825 ⁸ο
1379 5793 1571 5864 Epltcs.
1612 5811 1682 5860 Vl,
1718 5796 1802 5851 l9...

2981 5886 3057 5946 35
