3774 6316
446 338 593 394 .1099
625 311 629 324 ’

1674 325 1911 384 DIDYMI
1946 327 2422 385 ALEXANDRINI

3555 325 3673 379 HM

453 451 614 506 homo
646 461 766 502 cum
798 452 962 510 esset,
987 437 1871 506 diabolumnominusnominavit.
1901 460 2011 500 non

2116 445 2257 512 ὗντα,
2290 444 2535 500 διάϐολον
2568 442 2596 495 6
2623 431 2845 512 Κύριος,
2876 440 2938 494 σύ
2959 439 3048 494 διὰ
3071 439 3167 511 τὴν
3197 439 3412 504 οὐσίαν,
3445 438 3578 494 ἀλλά
3601 443 3673 495 διᾶ

450 522 673 610 propter
703 535 1077 596 substantiam,
1113 531 1204 586 sed
1233 544 1451 600 propter
1489 531 1850 596 voluntatem,
1891 547 2012 588 eum

455 632 522 686 ad
554 644 742 684 omnes
765 627 923 682 simul
952 625 1239 694 discipulus
1270 625 1364 687 ait,
1396 624 1448 676 in
1473 624 1553 679 eis
1583 640 1796 697 quoque
1811 625 2011 681 Judam

455 732 886 774 coanumerans:
923 715 1110 768 Nonne
1138 714 1410 766 duodecim
1457 715 1588 783 elegi
1624 732 1740 784 ενοι,
1773 726 1824 769 et
1880 734 2014 773 unus

455 810 678 865 moobis
709 808 945 862 diabolus
985 805 1161 860 est“?
1195 806 1583 874 Subjungitqne
1627 807 1965 882 Evangelista
1998 827 2011 864 :

455 899 571 952 Hoc
605 901 774 952 autem
796 899 924 951 dixit
949 897 1012 950 de
1032 897 1198 958 Juda,
1229 897 1317 965 qui
1341 914 1458 950 eum
1487 909 1597 951 erat
1638 886 2012 958 traditurus“.

457 991 567 1043 Etsi
608 991 748 1056 enim
798 997 1012 1056 propter
1063 985 1298 1040 futuram
1353 988 1715 1058 proditionem
1772 989 2014 1045 diabolus

455 1093 677 1135 vocatus
709 1091 790 1134 est
811 1096 962 1147 ;.non
985 1082 1094 1149 jam
1125 1091 1246 1135 tunc
1277 1082 1520 1136 diabolus
1552 1091 1690 1151 erat,
1720 1097 1840 1137 cum
1869 1084 2015 1152 pari-

459 1182 688 1242 ter-cum
718 1173 965 1226 omnibus
990 1173 1194 1226 electus
1223 1183 1326 1237 est,
1358 1173 1426 1227 ob
1447 1188 1565 1226 eam
1594 1188 1709 1247 qua.
1729 1185 1853 1228 tunc
1885 1191 2016 1244 praei

455 1262 630 1314 stabat
682 1254 954 1317 virtutem.
1002 1260 1152 1314 Tunc
1203 1271 1379 1314 autent
1437 1262 1682 1316 diabolus
1704 1263 2014 1333 appellatus

453 1361 554 1417 est,
587 1367 706 1405 cum
743 1366 803 1405 ea
833 1351 1048 1406 molitus
1091 1362 1173 1408 est
1220 1367 1282 1406 ac
1330 1351 1476 1420 fecit,
1533 1369 1652 1422 qua:
1703 1357 2014 1424 proditionis

453 1453 628 1496 erant.
671 1443 725 1495 Si
757 1457 884 1514 ergo
918 1444 969 1496 in
1003 1443 1140 1497 .lnda
1171 1460 1363 1497 nomen
1399 1444 1595 1499 diaboli
1638 1447 1902 1501 actionem
1947 1461 2014 1502 ex

453 1534 636 1588 liberae
681 1535 813 1588 nutu
863 1536 1152 1604 voluntatis
1202 1536 1443 1600 indicat;
1477 1538 1730 1593 similiter
1757 1539 1915 1593 etiam
1951 1541 2015 1595 de

452 1628 642 1695 quovis
669 1627 772 1681 alio
801 1627 1029 1691 dicatur,
1060 1628 1256 1696 aliquid
1291 1630 1357 1680 ad
1408 1628 1635 1692 liberam,
1683 1630 2012 1686 voluntatem

453 1730 704 1790 spectans
740 1721 1025 1790 signiﬁcat.
1057 1723 1125 1773 At
1162 1735 1258 1774 nec
1289 1722 1688 1776 consuetudinis
1714 1722 1843 1791 ejus
1869 1726 2014 1778 vocis

455 1827 584 1866 usus
613 1811 826 1882 ignotus
852 1822 956 1866 est.
991 1812 1237 1865 Diabolos
1257 1823 1410 1866 certe
1441 1812 1634 1868 Graeca
1672 1808 1802 1869 νοτε
1852 1831 2014 1870 voca-

453 1921 574 1959 mus
600 1903 691 1972 qui
725 1903 866 1971 apud
897 1903 1031 1957 alios
1075 1903 1197 1956 aliis
1241 1905 1550 1970 detrahunt,
1579 1917 1938 1976 accusantque
1962 1916 2016 1962 et

455 1994 869 2050 calumniantur.
896 1992 1054 2047 Unde
1081 1995 1244 2047 etiam
1275 1996 1400 2063 quia
1434 1996 1678 2051 diabolus
1712 1983 1876 2053 Deum
1911 2007 2016 2056 -a'c-

455 2093 608 2138 cusat
638 2083 777 2152 apud
801 2083 1067 2147 homines,
1097 2095 1154 2138 et
1180 2085 1422 2138 homines
1452 2085 1592 2154 apud
1618 2086 1809 2155 Deum,
1846 2090 2015 2158 ipsos-

453 2187 560 2239 que
592 2171 725 2225 alios
755 2171 893 2237 apud
923 2171 1054 2224 alios
1084 2172 1348 2235 homines,
1405 2171 1506 2227 hoc
1557 2189 1746 2228 nomen
1795 2179 2016 2232 sortitus

453 2272 553 2316 est.
586 2263 735 2328 Quod
761 2256 809 2316 si
845 2262 1004 2316 etiam
1045 2272 1248 2317 satanze
1284 2278 1477 2318 nomen
1512 2265 1577 2318 de
1624 2267 1834 2322 diabolo
1878 2268 2015 2323 dici-

457 2363 582 2415 tur,
621 2355 796 2408 sciant
826 2354 928 2407 hoc
970 2355 1141 2422 ipsum
1170 2370 1364 2409 nomen
1399 2356 1700 2426 signiﬁcare
1750 2361 1891 2428 quod
1935 2371 2018 2416 est

454 2441 633 2495 liberae
657 2442 958 2497 voluntatis.
997 2439 1127 2495 Nam
1165 2460 1282 2498 cum
1337 2458 1555 2500 satanas
1591 2461 1693 2502 vox
1745 2449 2016 2506 Hebraica

452 2533 544 2596 sit,
584 2533 714 2586 nihil
747 2534 890 2588 aliud
925 2535 1197 2605 signiﬁcat
1229 2552 1389 2606 quam
1433 2541 1811 2608 adversarium,
1846 2525 1904 2595 lsi
1933 2543 2017 2610 ip-

451 2639 567 2679 sam
598 2625 784 2680 Latine
809 2627 1193 2695 interpreteris.
1239 2628 1595 2685 Adversarius
1643 2647 1770 2686 vero
1799 2647 1922 2686 cum
1952 2634 2017 2689 de

452 2717 670 2772 homine
736 2718 967 2784 dicitur,
1020 2721 1158 2774 idem
1210 2731 1293 2776 est
1335 2723 1474 2790 quod
1524 2725 1764 2778 inimicus
1806 2742 2012 2780 nocens.

455 2808 607 2861 Sicut
651 2809 812 2880 igitur
848 2811 1097 2865 inimicus
1126 2813 1397 2866 voluntate
1427 2822 1509 2868 est
1540 2815 1811 2882 inimicus,
1855 2819 1932 2871 sic
1963 2827 2018 2872 et

455 2883 817 2952 ad'versarius.
854 2897 938 2952 Uti
987 2903 1148 2953 etiam
1203 2901 1396 2954 horum
1459 2907 1750 2957 contraria.
1796 2907 2015 2963 Amicus

453 2989 597 3042 enim
628 2997 682 3042 et
713 2988 1002 3042 benevolus
1030 3000 1087 3044 et
1115 3007 1340 3046 concors
1378 3003 1432 3046 et
1465 2994 1602 3048 idem
1634 2999 1889 3061 sentiens,
1919 3014 2016 3053 no-

2045 1785 2086 1839 Β

2113 535 2212 604 τὴν
2260 535 2572 605 προαίρεσιν
2620 533 2921 601 ὠνόμασεν,
2953 531 3126 597 λέγων
3338 530 3552 592 πάντας
3577 533 3676 600 ἅμα

2110 628 2237 688 τοὺς
2263 624 2527 694 μαθητὰς,
2557 621 2903 694 συναριθμῶν
2934 623 3027 674 καὶ
3050 621 3142 673 τὸν
3169 621 3377 673 Ἰούδαν
3404 623 3465 672 ὲν
3483 622 3673 684 αὑτάς·

2112 716 2254 783 Οὐχὶ
2284 715 2423 780 τοὺς
2469 714 2697 773 δώδεκα
2735 713 2889 782 ὑμᾶς
2939 711 3333 780 ἐξελεξάμην,
3381 712 3486 764 καί
3523 707 3604 777 εἷς
3622 713 3678 776 ἐξ

2114 807 2279 877 ὑμῶν
2321 806 2596 872 διάϐολός
2642 806 2847 867 early;
2887 799 2955 875 ᾯ
3001 804 3250 874 ἐπιφέρει
3305 802 3676 873 ωδγγραμᾷεύς.

2121 900 2297 953 Τοῦτο
2315 899 2380 951 δὲ
2403 894 2572 952 εἶπεν
2591 897 2723 965 περὶ
2755 896 2962 958 Ἰούδα,
2986 897 3092 948 τοῦ
3111 895 3460 964 μέλλοντος
3498 894 3677 961 προδι-

2114 992 2502 1045 δόναιαὺτόν.
2531 990 2591 1042 Εἰ
2626 988 2732 1058 γὰρ
2779 988 2868 1041 διὰ
2917 989 3012 1056 τὴν
3055 986 3354 1058 μέλλουσαν
3409 987 3677 1055 προδοσίαν

2113 1080 2353 1143 διάϐολος
2376 1080 2611 1150 εἴρηται,
2643 1078 2703 1130 οὑ
2731 1078 2850 1130 τότε
2876 1075 3117 1140 διάϐολος
3144 1071 3232 1145 ἦν,
3263 1075 3354 1127 ὅτε
3385 1074 3508 1144 ἅμα
3537 1077 3676 1126 aiam

2114 1172 2338 1241 ἐκλογῆς
2367 1171 2571 1241 ἔτυχεν.
2611 1169 2892 1231 Ἐκλεκτὸς
2925 1170 3022 1239 μὲν
3064 1169 3172 1238 γὰρ
3211 1167 3330 1237 ἅμα
3352 1166 3676 1257 πᾶσινογὲγο-

2114 1281 2222 1327 νεν,
2255 1263 2343 1316 διὰ
2383 1261 2481 1333 τὴν
2521 1261 2825 1333 προσοῦσαν
2850 1261 2998 1331 αὐτῷ
3033 1260 3154 1312 τότε
3183 1261 3393 1330 ἀρετήν
3413 1276 3429 1288 ο
3459 1259 3675 1321 διαϐολκ

2114 1357 2170 1409 δὲ
2193 1357 2311 1408 τότε
2346 1357 2729 1426 ἐχρημάτισεν,
2754 1355 2843 1407 ὅτε
2886 1352 2954 1405 τὰ
2975 1351 3074 1420 τῆς
3105 1352 3402 1422 προδοσίας
3443 1349 3676 1420 εἰργάσαο

2115 1465 2191 1500 το.
2229 1448 2288 1499 El
2324 1447 2499 1498 τοίνυν
2525 1446 2618 1498 ἐπὶ
2641 1444 2734 1498 τοῦ
2774 1443 2939 1499 Ἰούδα
2967 1443 3026 1496 τὸ
3055 1441 3336 1507 διάϐολος
3359 1442 3542 1512 ὄνομα
3561 1443 3675 1512 πρά-

2117 1532 2250 1603 ξεως
2293 1537 2681 1610 προαιρετικῆς
2725 1534 3016 1605 δηλωτικόν
3056 1535 3222 1596 ἐστιν,
3260 1534 3442 1596 οὕτως
3493 1533 3586 1585 κᾶν
3605 1536 3674 1586 ἐπ’

2114 1630 2275 1683 ἄλλου
2319 1629 2460 1691 τινος
2486 1629 2519 1698 ἡ
2550 1627 2698 1696 φωνὴ
2724 1625 2951 1694 λέγοιτο,
2991 1625 3373 1696 προαιρετικὸν
3417 1642 3472 1677 τι
3497 1625 3672 1693 σημαί-

2113 1740 2212 1775 νει.
2235 1717 2386 1775 Οἶδεν
2411 1720 2468 1772 δὲ
2495 1720 2586 1773 καὶ
2611 1721 2643 1788 ἡ
2676 1717 2929 1788 συνήθεια
2959 1719 3058 1786 τὴν
3084 1717 3278 1787 χρῆσιν
3307 1715 3408 1768 τοῦ
3440 1716 3673 1784 ὀνόματος

2115 1813 2322 1866 τούτου.
2354 1811 2639 1873 Διαϐόλους
2659 1809 2788 1877 γοῦν
2812 1808 3078 1878 καλοῦμεν
3094 1809 3221 1870 τοὺς
3249 1805 3672 1878 κατηγοροῦνψ

2083 1904 2303 1958 ,τούσδε
2352 1903 2544 1966 τοῖσδε,
2592 1901 2878 1962 κάκείνους
2927 1899 3150 1962 τούτοις.
3205 1899 3363 1951 Ἐπεὶ
3401 1896 3500 1951 οὖν
3544 1901 3672 1951 καὶὸ

2115 1995 2358 2057 διάϐολος
2379 1995 2511 2048 Θεὸν
2556 1991 2858 2064 ἀνθρώποις
2905 1991 3199 2054 διαϐάλλει,
3232 1991 3332 2043 καὶ
3367 1989 3672 2061 ἀνθρώπους

2107 2085 2254 2156 Θεῷ,
2287 2085 2380 2138 καὶ
2407 2084 2604 2146 αὐτοὺς
2643 2085 2771 2146 τοὺς
2827 2080 3142 2151 ἀνθρώπους
3180 2079 3464 2151 ἀλλήλοις,
3494 2079 3668 2148 ταύτης

2117 2176 2304 2244 ἔτυχεν
2350 2175 2450 2244 τῆς
2502 2174 2811 2243 ὀνομασίας.
2845 2174 2906 2225 Et
2940 2172 2995 2224 δὲ
3024 2173 3118 2224 καὶ⁵
3156 2171 3217 2224 τὸ
3255 2172 3503 2234 σατανᾰς
3526 2172 3668 2240 ὄνομα

2118 2270 2472 2339 κατηγοροῖτο
2514 2266 2676 2319 αὑτοῦ
2709 2263 2804 2317 τοῦ
2847 2263 3112 2328 διαϐόλου,
3149 2263 3412 2326 τστωσαν,
3461 2264 3541 2316 ὅτι
3593 2263 3669 2314 ul.

2117 2361 2247 2413 αὐτὸ
2267 2361 2420 2416 τοῦτο
2445 2357 2819 2429 προαιρετικοῦ
2840 2356 2981 2418 τινός
2998 2356 3111 2407 ἐστι
3133 2355 3458 2425 δηλωτικόν.
3488 2353 3668 2423 Ἐϐραῖ-

2117 2453 2187 2522 κὴ
2210 2451 2314 2522 γὰρ
2337 2447 2522 2519 οὖσαή
2549 2451 2717 2519 φωνὴ,
2739 2449 2836 2518 οὐχ
2863 2448 3044 2518 ἕτερόν
3071 2464 3123 2498 τι
3146 2446 3403 2516 σημαίνει
3430 2445 3550 2498 καθ’
3575 2445 3668 2497 Ἐλ-

2118 2541 2250 2594 λάδα
2280 2540 2480 2609 φωνὴν,
2525 2540 2559 2609 ἢ
2582 2538 2642 2591 τὸ
2665 2537 3101 2605 ἀντικείμενον·
3130 2533 3190 2586 τὸ
3217 2533 3273 2585 δὲ
3317 2532 3667 2602 ἀντικείμενον

2117 2633 2202 2685 ἐπ’
2250 2631 2536 2701 ἀνθρώπου
2597 2629 3020 2700 λαμϐανόμενον,
3056 2626 3169 2678 ἴσον
3196 2625 3317 2678 ἐστὶ
3345 2624 3427 2693 τῷ
3455 2624 3663 2691 ἐχθρὲ-ς,

2111 2725 2428 2792 βλαϐερός.
2464 2723 2550 2784 Ὠς
2571 2718 2662 2774 οὖν
2683 2719 2915 2790 ὁὲςχθρδς
2942 2717 3255 2790 προαιρέσει
3285 2716 3403 2768 ἐστὶ
3431 2715 3663 2777 τοιοῦτος,

2115 2817 2287 2878 οὕτως
2319 2815 2413 2868 καὶ
2472 2817 2499 2866 6
2548 2811 2946 2881 ἀντικείμενος*
3003 2809 3189 2878 ὥσπερ
3236 2806 3335 2859 καὶ
3374 2807 3448 2859 τὰ
3490 2805 3666 2858 τούτων

2117 2907 2330 2958 ἐναντία
2353 2921 2366 2934 ·
2403 2904 2464 2956 τὸ
2504 2903 2613 2974 γὰρ
2656 2901 2841 2971 φίλος,
2872 2900 2964 2951 καὶ
2990 2897 3227 2962 εὐνοῶν,
3277 2898 3372 2950 καὶ
3430 2895 3663 2964 sponsa,

2117 2996 2210 3049 mi.
2233 2993 2567 3064 ὁμοφρονῶν,
2592 2991 2826 3060 ὀνόματα
2853 2986 3219 3059 προαιρέσεών
3243 2988 3362 3038 ἐστι
3397 2984 3663 3055 δηλωτικὰ.

454 3080 600 3133 mina
639 3090 783 3145 sunt,
809 3082 948 3149 quod
980 3093 1061 3137 est
1085 3083 1269 3138 liberae
1294 3085 1586 3140 voluntatis
1637 3089 2011 3158 signiﬁcantia.

2118 3085 2345 3152 Λέγεται
2381 3087 2488 3154 γὰρ
2528 3082 2688 3144 αὐτὸς
2725 3074 2878 3142 οὗτος
2934 3079 3082 3146 φίλος
3122 3077 3216 3129 καὶ
3246 3075 3472 3136 εὐνοῶν,
3506 3075 3667 3143 ὥσπερ

453 3170 660 3224 Dicitur
687 3171 830 3225 enim
865 3172 952 3226 hic
990 3173 1128 3226 idem
1158 3173 1362 3228 amicus
1406 3185 1461 3229 et
1526 3178 1832 3240 benevolus,
1880 3179 2018 3233 sicut

456 3258 652 3312 dicitur
683 3259 925 3314 diabolus
972 3271 1026 3314 et
1059 3271 1274 3317 satanas
1326 3274 1379 3318 et
1425 3265 1616 3319 malus.
1664 3265 2018 3332 Quemadmo-

455 3344 580 3397 dum
613 3344 857 3400 Salvator
894 3347 947 3400 in
984 3347 1270 3418 Evangelio
1304 3361 1495 3421 praiter
1525 3366 1716 3408 czetera
1749 3357 1850 3410 hoc
1878 3374 2008 3426 quo-

456 3451 559 3502 que
591 3437 879 3503 discipulos
937 3440 988 3493 in
1040 3443 1287 3496 oratione
1331 3446 1523 3502 docet:
1551 3446 1616 3499 Et
1649 3465 1708 3500 ne
1743 3465 1832 3501 vos
1861 3449 2018 3502 indu-

456 3543 542 3580 cas
560 3529 610 3581 in
652 3531 1007 3595 tentationem,
1031 3534 1121 3585 sed
1154 3533 1314 3587 libera
1345 3552 1436 3589 nos
1463 3555 1492 3589 a
1517 3538 1651 3591 "talo
1669 3539 1735 3591 ⁸³.
1789 3539 1921 3593 Nam
1966 3551 2019 3594 et

455 3618 580 3672 mali
609 3635 803 3676 nomen
835 3621 1057 3675 liberam
1081 3623 1298 3678 denotat
1325 3627 1668 3684 voluntatem.

2107 3177 2373 3240 διάϐολος,
2400 3177 2492 3228 καὶ
2535 3175 2790 3235 σατανᾶς.
2815 3167 2910 3224 καὶ
2946 3169 3196 3239 πονηρός.
3235 3169 3326 3231 Ὠς
3351 3170 3414 3221 ὲν
3455 3169 3668 3234 Εὖαγγε-

2111 3269 2208 3338 λίῳ
2241 3270 2270 3320 6
2321 3265 2507 3336 Σωτὴρ
2543 3265 2677 3334 πρὸς
2701 3263 2907 3333 ἑτέροις
2951 3262 3042 3314 καί
3065 3259 3221 3312 τοῦτο
3249 3258 3432 3326 λέγειν
3455 3259 3666 3311 διδάσκει

2111 3361 2168 3411 ὲν
2197 3361 2261 3428 τῇ
2294 3357 2424 3425 εῦχῇ
2461 3354 2587 3416 τοὺς
2621 3353 2865 3423 μαθητάς
2885 3369 2896 3383 ·
2929 3351 3142 3420 Καὶμὴ
3157 3350 3513 3418 εἰσενέγκῃς

2110 3452 2197 3513 εἰς
2226 3445 2584 3514 πειρασμὸν,
2618 3447 2779 3499 ἀλλὰ
2823 3445 3008 3512 ῥῦσαι
3038 3433 3191 3511 ἡμᾶς
3224 3443 3343 3494 ἀ.τύ
3373 3442 3480 3495 τοῦ
3510 3457 3667 3505 πει-η-

2104 3541 2237 3608 ροῐν.
2275 3540 2383 3592 Καὶ
2406 3539 2512 3609 γὰρ
2546 3539 2637 3592 καὶ
2679 3539 2738 3589 τὸ
2769 3537 2865 3589 τοῦ
2908 3535 3143 3605 πονηροῦ
3193 3535 3365 3604 ὖνομα
3433 3532 3663 3604 προαιρέ-

2115 3630 2249 3694 σεώς
2275 3633 2388 3683 ἐστι
2417 3629 2727 3699 δηλωτικόν.

669 3734 795 3789 CAP.
837 3736 948 3792 ΧΗ.
993 3736 1123 3792 Mali
1155 3754 1357 3805 nomen,
1385 3751 1438 3791 ut
1470 3741 1666 3823 diaboli
1708 3751 1754 3795 et
1788 3740 2019 3869 Satanctc,
2055 3746 2357 3804 voluntatis.
2393 3745 2642 3800 Diabolus
2680 3755 2880 3800 creati"
2921 3743 3069 3806 liber,
3115 3751 3168 3795 ut
3208 3750 3340 3796 esset
3367 3750 3550 3809 sponte

1994 3832 2144 3869 onus.
2907 3853 2910 3856 ι

1994 3832 2144 3871 οιιιιδ.
2907 3853 2910 3856 «

525 3895 580 3950 Si
610 3896 790 3967 igitur,
821 3899 1015 3966 quibus
1065 3901 1316 3954 omnibus
1371 3901 1678 3957 nominibus
1724 3903 2016 3974 insignitur

455 3987 581 4039 mali
618 3997 808 4041 auctor
835 3988 1148 4058 primusque
1176 3989 1392 4044 virtutis
1433 3991 1699 4058 desertor,
1727 3994 2015 4049 voluntatis

454 4078 674 4133 arbitrio
719 4079 837 4134 talis
885 4091 1003 4147 est;
1047 4095 1141 4148 per
1185 4082 1473 4135 essentiam
1525 4083 1697 4142 malus
1747 4098 1865 4138 esse
1909 4100 2013 4139 non

454 4177 650 4238 potest.
683 4170 833 4235 Quod
872 4173 916 4225 si
951 4173 1204 4237 dixerint,
1233 4173 1364 4228 Cum
1396 4183 1538 4228 esset
1566 4177 1862 4229 substantia
1902 4192 2016 4229 ma-

428 4286 429 4289 η
456 4261 540 4314 lus
573 4261 972 4330 atque'natura,
1001 4265 1295 4318 accessisse
1347 4275 1400 4318 et
1429 4264 1729 4335 quas'erant
1773 4267 2016 4320 volunta-

2187 3909 2248 3960 El
2291 3909 2468 3961 τοίνυν
2515 3907 2602 3960 διὰ
2630 3908 2864 3971 πάντων,
2902 3899 2974 3960 ὧν
3017 3904 3286 3974 σημαίνει,
3329 3903 3667 3974 δάρχέκακος

2117 4001 2208 4052 καὶ
2237 3999 2449 4070 πρῶτος
2475 3999 2786 4069 ἀποστάτης
2801 3998 2898 4067 τῆς
2925 3998 3124 4069 ἀρετῆς
3151 3995 3546 4067 προαιρετικὼς
3570 3994 3669 4044 ἐστι

2114 4090 2373 4153 τοιοῦτος,
2428 4091 2489 4143 οὐ
2513 4090 2731 4143 δύναται
2774 4090 2890 4141 κατ’
2925 4089 3110 4140 οὐσίαν
3135 4083 3268 4139 εἶναι
3319 4086 3522 4149 κακός·
3556 4087 3600 4136 εἰ
3621 4083 3667 4134 δὲ

2116 4182 2319 4249 λέγοιεν
2347 4182 2522 4244 τοῦτο,
2575 4182 2655 4233 ὅτι
2685 4183 2748 4250 τῇ
2777 4180 2929 4250 οὐσίᾳ
2958 4179 3123 4242 κακὸς
3173 4177 3240 4230 ἂν
3266 4177 3458 4246 ἔτυχεν
3493 4176 3580 4228 καὶ
3612 4173 3666 4225 τὰ

2120 4273 2496 4344 προαιρετικὰ,
2541 4273 2606 4325 δι’
2649 4271 2684 4325 ἃ
2713 4272 2882 4334 οὕτως
2912 4271 3252 4340 ὠνόμασται·
3310 4271 3564 4328 ἴστωσαν,
3602 4270 3666 4318 ὅτι

458 4350 551 4414 tis,
596 4353 664 4404 ob
709 4367 826 4420 qua:
881 4355 960 4407 sic
1019 4354 1326 4410 nominatus
1379 4366 1499 4411 est:
1543 4359 1712 4415 sciant
1746 4359 1830 4412 iSti
1858 4360 1911 4412 in
1950 4359 2014 4414 iis

2119 4367 2176 4417 ὲν
2220 4368 2330 4428 τοῖς
2368 4362 2676 4417 οὐσιὼδεσιν
2720 4363 2780 4415 οὐ
2829 4361 3307 4432 παραλαμϐάνεται
3349 4361 3665 4430 προαίρεσις.

457 4452 576 4506 qua:
597 4436 665 4491 ad
688 4441 978 4495 essentiam
1017 4453 1260 4510 spectant
1289 4460 1353 4499 ac
1378 4446 1692 4501 substantize
1735 4457 1880 4510 sunt,
1909 4463 2015 4502 non

2123 4452 2306 4516 Οὐδεὶς
2343 4453 2450 4525 γὰρ
2491 4455 2636 4522 λέγει
2673 4453 3064 4524 προαιρετικῶς
3093 4451 3229 4516 ζῶον
3260 4447 3421 4510 εἶναιι
3453 4453 3486 4520 ἢ
3510 4450 3664 4502 λίθον*

456 4530 654 4582 assumi
687 4546 749 4584 ea
774 4547 892 4600 qua:
914 4544 1042 4586 sunt
1067 4534 1246 4589 liberas
1271 4537 1578 4591 voluntatis.
1629 4537 1813 4592 Nullus
1871 4540 2014 4592 enim

2116 4545 2285 4598 ταῦτα
2309 4546 2416 4617 γὰρ
2476 4546 2728 4617 οὐσιῲδη.
2764 4546 2921 4598 Ὅθεν
2944 4545 3062 4597 οὐδὲ
3090 4543 3474 4614 προαιρετικὸν
3510 4558 3588 4594 τι·
3620 4541 3665 4591 ἐν

453 4621 604 4685 dicit,
640 4621 803 4678 libera
827 4625 1096 4681 voluntate
1127 4627 1324 4680 animal
1346 4641 1467 4683 esse
1496 4637 1591 4680 aut
1619 4628 1867 4696 lapidem.
1895 4628 2014 4684 Haec

2116 4636 2340 4700 ἐκείνοις
2369 4636 2478 4709 γὰρ
2510 4637 2578 4690 τά
2624 4636 3007 4708 προαιρετικά,
3062 4637 3120 4688 ὲν
3165 4629 3245 4696 οἷς
3273 4636 3371 4685 καὶ
3418 4635 3452 4704 ή
3500 4631 3664 4703 προαί-

452 4711 594 4765 enim
629 4714 1000 4768 substantialia
1032 4727 1195 4771 sunt:
1227 4718 1460 4786 hincque
1490 4726 1591 4784 est,
1649 4727 1707 4771 ut
1752 4718 1884 4772 nihil
1932 4722 2016 4776 hic
2114 4743 2282 4797 ρεσις.

452 4802 633 4859 libera:
666 4806 1074 4862 sitvoluntatis.
1128 4809 1186 4863 ln
1241 4809 1324 4864 his
1369 4811 1682 4874 enimsunt
1731 4801 1863 4879 qua!
1896 4813 1963 4865 ad
2018 4813 2238 4871 liberam
2308 4827 2632 4874 voluntatem
2700 4829 2966 4888 spectant,
3014 4819 3066 4872 in
3119 4821 3311 4886 quibus
3359 4817 3525 4871 libera
3569 4816 3662 4882 ipsa

450 4895 696 4950 voluntas
723 4907 826 4952 est.

523 4987 630 5041 Sed
663 4989 890 5044 fortasse
911 4990 1121 5054 dicent,
1156 4990 1221 5045 Ut
1251 4992 1378 5062 quid
1430 5007 1558 5047 vero
1599 5009 1720 5048 eum
1751 5012 1842 5066 qtn
1913 5004 2013 5055 da-

2200 4998 2337 5052 Ἀλλ’
2351 4997 2476 5060 ἴσως
2494 4996 2616 5068 ἐροῦ
2625 5012 2728 5050 σιν·
2742 4997 2838 5050 Διὰ
2854 4999 2903 5050 τί
2924 4999 3014 5050 τὸν
3027 4998 3166 5050 οῦτω
3186 4998 3449 5068 μέλλοντα
3469 4994 3661 5050 ἔσεσθαι

455 5093 684 5146 ιηηοιυε,
705 5078 914 5134 futurus
942 5090 1128 5134 eratet
1145 5084 1311 5149 pestis
1331 5097 1393 5136 ac
1411 5082 1575 5149 labes,
1595 5086 1764 5141 bonus
1794 5088 1933 5143 Deus
1960 5090 2013 5143 in

454 5184 634 5222 rerum
668 5180 914 5222 naturam
953 5171 1246 5238 produxit?
1275 5164 1444 5242 Atqui.
1477 5179 1649 5230 sciant
1677 5177 1766 5246 qui
1801 5179 1902 5234 hoc
1933 5181 2014 5233 di-

453 5269 618 5321 cunt,
655 5275 760 5314 non
800 5261 968 5315 solum
1006 5264 1160 5318 nobis
1191 5265 1502 5332 adversari,
1551 5270 1647 5322 sed
1681 5277 1735 5322 et
1765 5263 2016 5327 omnibus

455 5350 545 5418 qui
590 5351 976 5419 providentiam
1023 5362 1245 5422 ponunt.
1297 5354 1446 5410 Multi
1490 5359 1632 5412 enim
1683 5360 1845 5414 etiam
1889 5363 2013 5426 alii,

455 5457 575 5495 cum
603 5443 991 5510 providentiam
1017 5457 1249 5513 ponant,
1281 5448 1573 5503 animantia
1595 5451 1775 5504 omnia
1810 5452 2018 5506 ratione

457 5534 657 5587 utentia
686 5548 751 5587 ex
780 5535 885 5588 Deo
912 5549 1031 5590 esse
1063 5537 1280 5603 dicunt,
1315 5540 1365 5592 ln
1396 5541 1589 5610 quibus
1619 5541 1779 5595 etiam
1814 5541 2016 5596 malitia

524 5711 568 5744 "~
601 5711 880 5776 Joan.-vr,
931 5713 1017 5766 Ἠ.

2121 5090 2396 5160 βλαϐερὸν,
2432 5089 2465 5160 ἧ
2501 5088 2774 5159 λυμεῶνα,
2816 5091 2895 5152 εἰς
2921 5089 2982 5143 τὸ
3010 5084 3145 5142 εἶναι
3189 5091 3395 5159 ἤγαγεν
3428 5091 3459 5142 6
3486 5086 3660 5156 ἀγαθὸς

2119 5182 2280 5245 Θεός;
2319 5183 2578 5234 Ἴστωσαν
2603 5179 2658 5232 δὲ
2696 5180 2854 5233 τοῦτο
2887 5181 3155 5248 λέγοντες,
3177 5181 3259 5233 ὅτι
3297 5183 3396 5252 οὐχ
3427 5183 3552 5251 ἡμῖν
3578 5196 3659 5248 μοι

2111 5288 2244 5334 νοις,
2278 5270 2410 5323 ἀλλὰ
2439 5270 2532 5322 καὶ
2571 5271 2734 5322 πᾶσιν
2763 5273 2874 5333 τοῖς
2899 5270 3197 5340 τιθεμένοις
3237 5272 3491 5340 πρόνοιαν
3531 5271 3658 5322 ἀντι-

2115 5362 2422 5417 πίπτουσιν.
2455 5360 2646 5413 Πολλοὶ
2676 5360 2784 5432 γάρ
2814 5361 2906 5414 καὶ
2934 5361 3079 5415 ἄλλοι
3110 5362 3380 5432 τιθέμενοι
3405 5363 3656 5432 πρόνοιαν.

2116 5452 2178 5502 ὲκ
2210 5449 2343 5502 Θεοῦ
2375 5450 2623 5518 λέγουσιν
2651 5448 2790 5504 εἶναι
2815 5453 2993 5506 πάντα
3021 5453 3087 5505 τὰ
3116 5453 3306 5521 λογικά
3349 5453 3482 5516 ζῶα,
3507 5454 3560 5503 ὲν
3589 5446 3656 5510 οἱς

2117 5540 2310 5609 φύεται
2337 5542 2481 5612 καὶὴ
2513 5543 2698 5596 κακία.
2731 5544 2791 5596 Εἰ
2823 5540 2914 5598 οῦν
2942 5545 3068 5614 περὶ
3100 5544 3194 5598 τοῦ
3230 5544 3473 5598 διαϐόλου
3506 5541 3652 5597 ταῦτα

1095 5714 1138 5746 ⁸³
1180 5715 1308 5768 ibid.
1345 5716 1430 5768 72.
1507 5718 1551 5749 ⁸³
1591 5718 1775 5772 Matth.
1811 5735 1883 5786 vt,
1927 5720 2022 5784 l5;
2054 5719 2180 5778 Luc.
2220 5739 2292 5786 xl,
2325 5723 2378 5778 4.
