3774 6308
93 379 117 432 1
137 375 238 430 101
1346 373 1621 429 CONTRA
1659 371 2105 430 MANIClI/EOS.
3212 379 3349 437 “02

84 489 374 558 λέγουσιν,
403 485 501 542 καὶ
530 485 658 557 περῒ
700 485 917 539 πάντων
941 485 1051 538 τῶν
1091 486 1324 554 λογικῶν
1352 487 1654 556 ἀναγκάζον

1787 504 1849 542 ac
1885 489 2076 542 vitium
2106 486 2296 542 oritur.
2333 485 2387 540 Si
2421 487 2584 558 igitur
2617 489 2730 543 haec
2757 489 2826 544 de
2870 490 3083 545 diabolo
3123 491 3347 557 dicunt,

81 598 180 633 ται
212 581 398 632 εἰπεῖν
439 576 618 632 τοῦτο.
647 578 837 642 Ὅμως
879 575 936 628 δέ
980 578 1142 646 ἡμεῖς
1173 577 1273 630 οὐκ
1315 578 1554 640 ἐκείνους
1599 598 1654 648 μι

1787 595 2008 635 necesse
2052 588 2161 642 est,
2199 587 2255 631 ut
2287 589 2342 632 et
2373 580 2438 632 de
2469 580 2719 634 omnibus
2745 580 2928 635 dicant
2967 584 3174 637 ratione
3212 599 3352 651 prae-

88 670 390 740 μούμενοι,
422 669 630 740 φαμέν·
664 669 736 721 υύ
769 668 966 731 κακίας
991 667 1164 731 αἴτιος
1192 667 1220 718 ὁ
1250 670 1480 739 ποιήσας
1504 669 1566 722 τὸ
1591 670 1652 722 δυ

1776 666 1912 724 ditis
1947 681 2108 739 atque
2149 669 2360 722 animis.
2397 668 2508 722 Nos
2534 670 2808 725 enimvero
2835 671 2926 740 qui
2979 671 3096 725 illos
3128 672 3350 728 minimo

83 763 334 830 ναμενον
371 761 428 827 ἐξ
464 760 599 822 ιδίας
629 760 801 830 ῥοπῆς
845 761 927 822 εις
957 759 1157 812 κακίαν
1178 759 1399 842 ἐλθεῖν.
1454 762 1654 828 Λογικδ

1784 776 2090 832 sequamur,
2146 761 2412 824 dicimus,
2463 776 2565 814 non
2607 775 2725 815 esse
2768 763 2893 815 mali
2935 775 3208 816 auctorem
3259 765 3350 832 qui

84 853 202 922 γὰρ
253 851 664 905 κατεσκεύασεν
697 851 854 915 ζῶον,
890 851 919 904 ὃ
965 851 1214 905 ἐϐούλετο
1255 848 1394 905 εἶναι
1440 854 1547 905 ἀπὸ
1584 854 1650 923 τῆ

1785 869 1906 908 ειιιιι
1940 853 2191 922 produxit
2225 868 2288 906 ac
2318 852 2442 906 fecit
2464 894 2480 917 ,
2514 853 2606 922 qui
2637 868 2732 907 sua
2769 853 2882 920 ipse
2910 853 3130 922 proclivi
3162 854 3352 908 volun-

84 943 293 995 ἑαυτοῦ
323 941 698 1013 προαιρέσεως
731 941 952 1009 ἀγαθὸν,
985 940 1105 1010 ἐχον
1130 942 1209 1004 εἰς
1233 943 1469 1013 ἑκάτερα
1499 942 1650 1012 ῥέπει

1786 956 1892 999 tate
1920 954 2159 1013 nutuque
2177 945 2228 998 in
2249 945 2443 998 malum
2463 959 2682 1013 vergere
2697 952 2898 1014 potest,
2913 946 3072 1013 eique
3088 946 3352 1000 obnoxius

83 1033 148 1085 τὸ
215 1031 592 1096 αὐτεξούσιον.
659 1033 886 1100 Ἀγαθὸν
943 1031 1051 1101 γὰρ
1097 1033 1258 1085 αὑτὸν
1305 1033 1553 1085 ἐϐούλετο
1603 1029 1653 1086 εἴ

1783 1052 1923 1091 csse.
1952 1033 2086 1089 Dum
2111 1036 2252 1090 enim
2284 1035 2480 1089 animal
2508 1037 2748 1092 condidit
2797 1038 3020 1092 rationis
3049 1038 3349 1108 particeps,

81 1140 200 1185 ναι,
238 1123 366 1191 (51)
393 1124 661 1184 ἐγουσίως
687 1123 1008 1194 αἱρούμενον
1036 1124 1098 1176 τὸ
1131 1123 1349 1191 ἀγαθόν.
1368 1125 1550 1188 Οὐδεὶς
1574 1125 1654 1195 γὰς

1783 1127 1954 1181 voluit
1981 1143 2076 1181 sua
2114 1126 2284 1196 ipsum
2319 1127 2592 1182 voluntate
2618 1143 2683 1182 ac
2711 1129 2936 1182 arbitrio
2969 1131 3163 1182 bonum
3199 1129 3348 1195 fore,

82 1215 343 1284 γενητῶν
395 1213 545 1267 ἄκων
587 1213 788 1281 ἀγαθὸς
831 1210 968 1266 εἶναι
1026 1215 1269 1268 δύναται·
1311 1215 1447 1268 ἀλλὰ
1480 1217 1649 1269 πάντε

1781 1232 1842 1272 ea
1867 1219 2117 1273 facultate
2147 1220 2450 1286 praaditum,
2474 1234 2577 1288 qua
2605 1219 2790 1274 liceret
2811 1222 2874 1274 ad
2908 1221 3216 1275 utrumlibet
3240 1235 3353 1274 ver-

78 1308 134 1358 οἱ
169 1306 336 1370 ὄντες
368 1307 560 1374 ἀγαθοὶ
601 1307 860 1370 ἑκουσίως
893 1308 1030 1360 εἰσὶν
1048 1308 1296 1362 τοιοῦτοι.
1329 1309 1475 1361 Ἔδει
1502 1309 1654 1361 τοίνυε

1781 1323 1929 1378 gere.
1980 1307 2203 1363 Volebat
2239 1309 2380 1364 enim
2425 1309 2598 1378 ipsutu
2643 1311 2840 1364 bonum
2897 1326 3057 1376 esse,
3105 1311 3350 1380 eligendo

79 1399 178 1450 τὸν
215 1398 542 1470 προαιρέσει
567 1401 632 1468 τῇ
677 1398 870 1451 ἑαυτοῦ
891 1438 893 1440 -
917 1399 1118 1466 ἀγαθὸν
1149 1400 1424 1470 ἐσόμενον,
1453 1401 1654 1472 δύναμιε

1780 1410 1972 1468 sponte
1995 1401 2135 1470 quod
2185 1401 2379 1455 bonum
2417 1409 2521 1454 est.
2569 1399 2757 1455 Nullus
2807 1403 2950 1456 enim
3001 1403 3054 1456 in
3118 1403 3182 1455 iis
3232 1417 3351 1471 quin

80 1493 238 1561 ἔχειν
271 1491 376 1562 τὴν
402 1492 571 1561 αὐτὴν
600 1493 665 1561 τῇ
695 1491 1091 1562 ἐπιτηδειότητι
1123 1492 1260 1562 πρὸς
1294 1491 1552 1561 ἀνάληψιν
1584 1493 1654 1545 τοι

1779 1491 1992 1545 condita
2021 1501 2178 1555 sunt,
2215 1491 2413 1545 invitus
2455 1492 2629 1546 bonus
2661 1505 2784 1546 esse
2823 1501 3044 1560 potest;
3095 1492 3187 1545 sed
3225 1505 3348 1545 om-

79 1583 331 1652 ἀγαθοῦ.
383 1583 582 1636 Εἵπετο
625 1584 681 1636 δέ
745 1583 807 1636 τὸ
855 1583 1103 1636 δεκτικὸν
1161 1583 1254 1637 τοῦ
1323 1583 1528 1652 ἀγαθοῦ
1583 1602 1654 1638 κα

1779 1599 1875 1637 nes
1903 1584 1991 1652 qui
2024 1583 2147 1637 boni
2175 1592 2336 1646 sunt,
2372 1591 2563 1651 sponte
2605 1581 2740 1637 tales
2787 1591 2933 1636 sunt.
2984 1583 3160 1647 Quare
3188 1597 3352 1650 opor-

83 1673 274 1727 κανκοῦ
345 1674 594 1727 δεκτικὸν
643 1670 812 1726 εἶναι·
863 1671 1004 1726 οὕτω
1073 1674 1560 1744 κατεσκευασμένῳ
1599 1672 1654 1743 τι]

1780 1675 1954 1740 tebat,
1983 1685 2041 1728 ut
2064 1674 2155 1743 qui
2183 1674 2454 1729 voluntate
2481 1688 2578 1728 sua
2613 1673 2822 1727 futurus
2851 1683 2993 1728 esset
3022 1673 3194 1726 bonus
3214 1712 3230 1736 ,
3264 1689 3351 1740 po-

83 1765 342 1837 λογικῷ,
409 1767 546 1834 πρὸς
599 1765 798 1837 ἀρετὴν
855 1765 950 1819 καὶ
1017 1765 1216 1819 κακίαν
1266 1765 1492 1836 δύναμιν
1509 1766 1651 1836 ἐχειν

1779 1774 2024 1820 testatem
2047 1765 2292 1829 haberet,
2323 1779 2427 1834 qua
2459 1765 2680 1819 idoneus
2709 1773 2764 1818 et
2792 1774 2946 1832 aptus
2985 1773 3127 1818 esset
3163 1765 3230 1818 ad
3265 1763 3354 1817 bo-

82 1857 287 1928 ἐντολὴ
345 1857 553 1910 δέδοται
603 1858 751 1920 ὅπως
811 1856 908 1927 τὴν
956 1857 1054 1927 μὲν
1113 1856 1311 1927 ἀρετὴν
1367 1858 1486 1910 κατ’
1536 1857 1654 1928 ἐνέρ

1790 1872 1915 1910 ιιυιιι
1949 1858 2332 1924 capessendum
2371 1870 2434 1908 ac
2463 1856 2604 1924 quod
2634 1854 2915 1908 honestum
2951 1861 3109 1908 esset.
3142 1851 3353 1920 Seque-

81 1967 146 2016 γε
159 1967 276 2012 ιαν,
305 1948 404 2018 τὴν
431 1949 489 2002 δὲ
527 1949 725 2002 κακίαν
758 1949 880 2002 κατ’
919 1947 1329 2018 ἐπιτηδειότητα
1356 1949 1522 2019 μόνην
1545 1948 1654 2019 ἔχει

1787 1947 1946 2000 batur
1973 1956 2148 2002 autem
2171 1986 2187 2011 ,
2217 1958 2275 2000 ut
2295 1946 2433 2014 quod
2469 1945 2666 2002 bonum
2701 1958 2892 2013 capere
2922 1952 3133 2012 posset,
3171 1951 3354 2012 posset

93 2041 157 2091 ὐ
180 2040 301 2111 γὰρ
333 2039 428 2092 τοῦ
473 2039 973 2110 δημιουργήσαντος
1021 2041 1184 2109 νόμος
1234 2039 1549 2110 προτρέπει,
1586 2057 1654 2093 κα

1781 2048 1835 2091 et
1860 2037 2056 2092 malum
2078 2081 2093 2106 ,
2135 2041 2212 2093 sic
2257 2039 2515 2094 fabricata
2550 2037 2795 2091 rationali
2827 2036 3122 2091 substantia
3147 2074 3162 2099 ,
3192 2043 3249 2087 ut
3283 2033 3351 2085 ad

80 2130 334 2198 ἀλείφει,
382 2129 476 2180 καὶ
512 2130 759 2200 συνεργεῖ
800 2128 936 2199 πρὸς
963 2127 1190 2198 ἀρετὴν,
1222 2129 1544 2199 ἀποτρέπων

1781 2131 2030 2182 virtutem
2077 2130 2373 2197 vitiumque
2415 2128 2723 2183 facultatem
2769 2128 3028 2194 haberet,
3069 2126 3254 2180 datum
3296 2128 3354 2177 ei

87 2222 264 2289 φύσιν
293 2221 395 2290 τῆς
422 2221 636 2280 κακίας.
671 2218 786 2272 Κᾶν
807 2219 985 2273 τοίνυν
1020 2219 1298 2290 ἐνυπάρχῃ
1325 2218 1550 2290 δύναμις
1577 2237 1654 2273 καη

1786 2219 2101 2274 mandatutn
2129 2230 2240 2287 est,
2270 2231 2328 2276 ut
2352 2222 2599 2275 virtutem
2631 2220 2682 2274 in
2716 2229 2872 2284 actu,
2897 2219 3086 2274 vitium
3118 2233 3242 2273 vero
3269 2233 3353 2272 so-

82 2313 225 2376 κίας
254 2313 315 2365 ἐν
339 2311 417 2381 τῷ
443 2310 668 2381 λογικῷ,
701 2311 759 2363 ού
787 2310 874 2364 διὰ
906 2310 1001 2382 τὴν
1023 2311 1247 2382 δύναμιν
1269 2311 1469 2382 φαῦλον
1504 2311 1654 2366 τοῦτο

1784 2313 1892 2365 lum
1934 2313 2232 2382 aptitudine
2272 2314 2513 2367 haberet.
2543 2313 2820 2368 Creatoris
2849 2325 3082 2381 namque
3114 2311 3193 2364 lex
3226 2311 3352 2365 hor-

91 2402 465 2475 Ἀμφοτέρων
494 2403 623 2472 γὰρ,
651 2402 853 2470 ἀρετῆς
893 2401 985 2454 καὶ
1011 2402 1208 2465 κακίας
1232 2402 1395 2470 λέγω,
1437 2403 1494 2454 αἱ
1523 2402 1654 2456 δυνά

1786 2414 1952 2469 tatur,
1989 2403 2225 2471 facitque
2260 2405 2467 2458 animos
2507 2413 2667 2474 atque
2713 2403 2932 2471 adjuvat
2959 2405 3027 2455 ad
3058 2402 3350 2465 virtutem,

83 2513 220 2565 μεις
269 2495 366 2545 καὶ
397 2492 764 2564 προαιρέσεις.
816 2491 1131 2563 Δίρούμεθα
1159 2492 1267 2564 γὰρ
1295 2494 1495 2564 ἀρετῆς
1538 2493 1650 2563 ἔχει

1783 2511 2017 2550 avocans
2049 2505 2299 2548 naturam
2330 2511 2359 2549 a
2393 2495 2538 2548 vitio.
2569 2494 2828 2561 Quamvis
2871 2494 3037 2563 igitur
3076 2493 3205 2546 insit
3234 2492 3348 2546 vitii
3403 2538 3407 2544 .

77 2587 354 2655 δύναμιν,
385 2586 474 2637 ἴνα
502 2585 594 2636 καὶ
621 2583 911 2636 ἀναλαϐεῖν
933 2585 1049 2637 κατ’
1074 2585 1353 2656 ἐνέργειαν
1377 2584 1654 2654 δυνώμεθα

1785 2584 2013 2638 facultas
2052 2585 2101 2636 in
2137 2594 2324 2637 utente
2358 2583 2566 2637 ratione
2596 2599 2611 2648 ;
2646 2598 2750 2636 non
2782 2593 3000 2652 propter
3030 2582 3342 2636 facultatem

81 2674 410 2746 αἱρούμεθα
435 2674 529 2726 καὶ
557 2674 752 2737 κακίας
784 2673 928 2744 ἔχειν
947 2673 1192 2744 δύναμιν.
1219 2675 1349 2727 Τότε
1375 2676 1482 2746 γὰρ
1515 2675 1649 2744 αὑτὴ

1785 2678 1954 2730 malus
1983 2685 2064 2730 est
2093 2677 2183 2745 qui
2215 2692 2274 2729 ea
2303 2677 2557 2744 prteditus
2583 2683 2665 2730 est
2692 2693 2706 2729 :
2738 2675 2803 2727 ad
2835 2673 3148 2728 utrumlibet
3199 2688 3349 2726 nam-

80 2767 321 2836 ἔχομεν,
357 2766 482 2818 ὅταν
504 2766 561 2816 ἐν
623 2765 868 2836 ἐνεργείᾳ
913 2766 1009 2836 τὴν
1065 2766 1264 2842 ἀκτὴν
1303 2767 1535 2836 ἔχωμεν.
1573 2767 1654 2818 Κα

1785 2783 1910 2836 que,
1931 2769 2181 2821 virtutem
2211 2769 2419 2824 scilicet
2445 2775 2606 2835 atque
2633 2765 2842 2826 vitium.
2871 2779 2928 2818 se
2957 2765 3155 2818 habent
3179 2763 3347 2818 facul-

80 2860 193 2928 οὑχ
226 2857 389 2928 ἡμῶν
416 2857 605 2928 μόνων.
622 2858 656 2928 ἡ
675 2857 798 2923 δόξα
815 2855 974 2930 αὕτη,
999 2859 1133 2912 ἀλλὰ
1157 2860 1249 2912 καὶ
1273 2861 1488 2913 πάντων
1508 2857 1654 2928 όρθῶ

1787 2869 1924 2914 tates
1951 2870 2111 2928 atque
2147 2861 2326 2915 libera:
2363 2860 2683 2915 voluntates.
2727 2856 2921 2910 Libcre
2959 2855 3102 2910 enim
3149 2856 3349 2908 habere

80 2949 229 3020 περὶ
253 2948 364 3001 τῶν
393 2947 625 3016 λογικῶν
647 2947 801 3012 ζώων
827 2947 1324 3020 φιλοσοφησάντων.

1793 2951 2008 3004 virtutis
2038 2949 2342 3005 facultatem
2395 2952 2764 3014 volumus,ut
2819 2959 2874 3003 et
2938 2950 2988 3002 in
3052 2955 3174 3002 actu
3237 2947 3351 3014 ejus

83 3055 384 3114 compotes
425 3041 557 3095 ellici
599 3041 915 3096 valeamus:
945 3044 1058 3096 vitii
1101 3055 1314 3111 quoque
1357 3041 1660 3097 facultatem
1725 3043 1922 3097 habere
1975 3043 2143 3099 libere
2194 3045 2460 3097 volumus.
2511 3043 2661 3099 Tunc
2704 3046 2848 3099 enim
2895 3059 3015 3099 eam
3056 3043 3348 3106 habemus,

81 3154 220 3191 cum
251 3138 509 3190 virtutem
541 3135 590 3188 in
623 3143 744 3188 actu
777 3135 1054 3206 ipsamque
1118 3137 1410 3192 exercitam
1480 3137 1854 3192 habuerimus.
1889 3135 2073 3205 Neque
2134 3137 2248 3191 haec
2316 3146 2492 3192 nostra
2532 3137 2792 3190 duntaxat
2817 3136 2998 3207 opinio
3027 3145 3143 3203 est,
3174 3136 3266 3191 sed
3299 3151 3353 3187 et

81 3231 342 3286 omnium
375 3229 464 3298 qui
500 3228 567 3282 de
601 3227 795 3282 animis
855 3239 1016 3298 atque
1075 3229 1554 3297 rationepraaditis
1587 3239 1732 3284 recte
1774 3238 1899 3285 sunt
1925 3229 2308 3300 philosolihati.

80 3347 226 3399 CAP.
269 3341 410 3396 XIII.
453 3340 590 3392 Deus
635 3355 738 3392 non
772 3351 846 3394 est
880 3352 1068 3395 auctor
1104 3343 1322 3411 peccati.
1375 3341 1566 3423 Omnes
1605 3345 1767 3423 animi
1819 3343 1938 3397 boni
1988 3343 2147 3423 creati
2192 3352 2238 3396 et
2279 3345 2346 3394 ad
2392 3343 2601 3397 bonum.
2650 3345 2790 3396 Artis
2838 3360 3031 3397 aousus
3073 3354 3122 3396 et
3155 3359 3346 3413 .egum,

1381 3414 1509 3479 ipsis
1543 3414 1717 3464 invitis
1754 3429 1802 3468 et
1838 3414 2084 3466 innoxiis.

162 3506 289 3560 Κᾶν
323 3503 506 3558 τοίνυν
551 3505 649 3578 τὴν
689 3505 875 3558 οὐσίαν
917 3503 1014 3574 τὴν
1059 3502 1399 3574 καλουμένην
1431 3504 1654 3558 διάϐολοι

1847 3506 2001 3561 Licet
2033 3506 2194 3576 igitur
2225 3505 2365 3560 Deus
2409 3505 2767 3560 substantiam
2811 3507 3048 3561 condidit
3080 3521 3199 3576 quae
3233 3508 3349 3560 dia-

83 3601 114 3651 δ
150 3597 290 3660 Θεὸς
325 3596 597 3660 ἐποίησεν,
647 3596 768 3666 οὐχὶ
810 3595 1054 3649 διάϐολον
1099 3595 1267 3666 αὐτὴν
1323 3595 1654 3666 ἐδημιούργη

1783 3599 1935 3653 holus
1968 3607 2329 3668 nuncupatur,
2357 3613 2471 3656 non
2508 3609 2683 3652 tamen
2715 3598 2884 3667 ipsam
2919 3599 3185 3653 diabolum
3220 3613 3350 3654 con-

87 3709 210 3752 σεν,
253 3689 394 3742 ἀλλὰ
420 3689 674 3760 δεκτικήν
706 3689 926 3758 ἀρετῆς,
961 3687 1045 3738 ἵνα
1068 3686 1270 3758 ταύτην
1299 3687 1396 3760 ἔχῃ
1417 3705 1430 3718 ·
1466 3687 1560 3741 καὶ⁸
1585 3687 1654 3739 δε-

1778 3689 1916 3742 didit
1942 3727 1956 3751 ,
1984 3689 2076 3742 sed
2102 3689 2320 3742 virtutis
2343 3703 2630 3758 capacem,
2653 3696 2711 3740 ut
2739 3687 2879 3741 illam
2907 3689 3344 3753 nancisceretur;

84 3783 295 3851 κτικὴν
319 3781 535 3843 κακίας,
567 3780 655 3832 ἵνα
676 3779 878 3849 ταύτης
902 3779 1190 3848 ἀπέχηται.
1210 3779 1362 3831 Ἐπεὶ
1382 3778 1490 3850 γάρ
1516 3780 1674 3832 ἀσυν-

86 3875 380 3944 άρπακτος
410 3873 520 3944 (52.)
553 3875 585 3943 ή
613 3871 780 3942 ἀρετὴ
807 3874 872 3941 τῇ
904 3871 1087 3941 κακίᾳ,
1124 3870 1248 3941 φίλη
1287 3872 1344 3924 δὲ
1389 3871 1464 3942 τῷ
1495 3871 1613 3940 Θεῷ
1638 3871 1670 3942 ή

85 3967 289 4037 ἁρετὴ,
323 3966 647 4035 ἀμφοτέρων
693 3964 792 4026 τὰς
837 3963 1093 4032 δυνάμεις
1130 3963 1292 4026 ἐνιεὶς
1338 3962 1417 4034 τῷ
1466 3962 1668 4034 λογικῷ

84 4060 183 4111 διὰ
216 4057 378 4110 τοῦτο
429 4057 622 4126 ἐνῆκεν
667 4057 856 4120 αὑτὰς,
892 4056 976 4109 ἵνα
1003 4055 1101 4125 τὴν
1131 4055 1226 4125 μὲν
1268 4055 1347 4117 είς
1393 4054 1672 4125 ἐνέργειαν

89 4147 516 4221 μεταλάϐωμεν,
550 4150 649 4218 τῆς
677 4148 731 4200 δὲ
763 4149 953 4219 ἐτέρας
999 4146 1279 4214 δυνάμεως
1327 4145 1420 4197 τοῦ
1462 4145 1669 4210 τέλους,

85 4243 188 4293 ἕρπε
198 4258 230 4312 ρ
254 4240 407 4291 ἐστὶν
431 4241 463 4308 ή
489 4238 756 4308 ἐνέργεια,
784 4235 1302 4307 ἀπεχώμεθα.¹Ὠστε
1324 4234 1543 4302 γέγονεν
1563 4236 1671 4287 πᾶν

85 4331 313 4399 λογικὸν
352 4329 446 4381 ἐπὶ
472 4328 554 4398 τῷ
569 4328 868 4381 -σπουδαῖον
909 4321 1068 4388 εἶναι,
1104 4326 1195 4378 καὶ
1240 4323 1313 4394 μὴ
1347 4323 1566 4392 φαῦλον.
1609 4323 1675 4375 Et

84 4443 213 4477 τινα
239 4420 335 4476 οὖν
363 4423 470 4475 τῶν
505 4421 736 4489 λογικῶν
775 4421 875 4489 τὴν
920 4417 1162 4471 ἐναντίαν
1209 4417 1548 4487 δεδράμηκεν
1593 4413 1671 4484 τῷ

87 4514 424 4584 πεποιηκότι
452 4514 544 4566 καὶ
577 4510 980 4584 προνοουμένῳ,
1014 4510 1074 4561 ού
1100 4508 1194 4562 τοῦ
1222 4511 1541 4580 ποιήσαντος
1573 4510 1670 4560 καὶ

86 4603 560 4674 νομοθετήσαντος
616 4603 650 4670 ἡ
698 4601 868 4662 αἰτία,
921 4598 1056 4651 ἀλλὰ
1101 4597 1209 4650 τῶν
1259 4597 1669 4650 ἀντιτεινάντων

87 4698 231 4766 πρὸς
289 4697 416 4758 τοὺς
467 4694 720 4758 δοθέντας
775 4693 868 4746 καὶ
909 4691 1045 4762 πρὸς
1083 4690 1208 4754 τοὺς
1246 4689 1668 4761 προνοουμένους

85 4791 146 4843 νὸ
153 4805 313 4859 μους.

1781 3788 1834 3833 οι
1867 3779 1981 3832 vitii
2012 3794 2302 3848 capacem,
2339 3789 2396 3832 ut
2430 3779 2498 3832 ab
2536 3779 2653 3847 ipso
2690 3793 2812 3832 sese
2853 3779 3174 3834 abstineret.
3210 3781 3346 3847 Quia

1778 3871 1924 3924 enim
1955 3870 2130 3923 virtus
2156 3884 2276 3923 cum
2316 3869 2450 3924 vitio
2490 3869 2651 3923 simul
2687 3870 2951 3924 exsiStere
2987 3885 3092 3924 non
3134 3881 3345 3941 potest;

1778 3971 1855 4014 est
1889 3969 2068 4014 autem
2099 3961 2272 4014 amica
2300 3961 2408 4015 Deo
2440 3961 2646 4026 virtus;
2675 3962 2954 4030 utriusque
2983 3961 3237 4018 facultate
3269 3965 3348 4017 in-

1777 4053 1890 4108 dita
1919 4053 2086 4106 utenti
2116 4053 2354 4117 ratione,
2380 4061 2660 4121 propterea
2688 4052 2917 4118 indidit,
2945 4063 3003 4108 ut
3028 4054 3194 4108 altera
3226 4055 3346 4124 qui-

1777 4145 1899 4198 dem
1933 4145 1998 4196 ad
2022 4152 2199 4196 actum
2226 4144 2609 4211 capessendum
2640 4143 2844 4213 prcediti
2871 4157 3146 4210 essemus,
3175 4146 3243 4198 ab
3268 4145 3346 4198 al-

1779 4237 1948 4291 terius
1977 4247 2155 4290 autem
2189 4237 2294 4290 [ine
2328 4236 2595 4290 facultatis
2616 4275 2631 4300 ,
2662 4237 2752 4305 qui
2782 4245 2863 4291 est
2892 4239 3134 4305 operatio
3162 4249 3344 4292 actus-

1777 4346 1914 4400 que,
1959 4329 2371 4384 ahstineremus.
2402 4330 2581 4398 Itaque
2609 4343 2796 4382 omnes
2831 4330 2994 4382 animi
3022 4330 3187 4383 creati
3219 4337 3346 4382 sunt

1777 4429 1834 4474 ut
1860 4431 2041 4476 essent
2066 4420 2250 4490 probi,
2283 4435 2387 4473 non
2419 4419 2566 4472 mali.
2599 4418 2653 4472 Si
2684 4420 2772 4486 qui
2805 4418 2969 4487 igitur
2999 4420 3050 4472 in
3083 4421 3182 4484 eis,
3214 4435 3345 4474 cou-

1779 4513 1940 4567 traria
1978 4512 2187 4568 auctori
2213 4527 2310 4566 suo
2340 4527 2403 4565 ac
2429 4511 2764 4579 providentia
2797 4512 3004 4578 regenti
3041 4511 3123 4564 via
3151 4527 3351 4566 cucura

1776 4613 1999 4668 rerunt,
2036 4619 2140 4660 non
2177 4605 2291 4659 hate
2328 4602 2625 4656 conditoris
2671 4601 2825 4669 culpa
2871 4616 2936 4656 ac
2979 4601 3338 4669 legislatoris,

1775 4701 1867 4753 sed
1893 4709 2078 4752 eorum
2107 4735 2122 4759 ,
2169 4697 2257 4763 qui
2291 4705 2479 4750 contra
2520 4697 2665 4764 leges
2698 4695 2850 4747 datas
2879 4694 3204 4762 provideque
3230 4694 3342 4749 dis.

1775 4790 1976 4860 positas
2001 4788 2197 4842 obnixe
2225 4788 2551 4840 obstiterunt

174 4877 428 4950 Ὀρῶμεν
458 4876 588 4944 γοῦν
619 4877 713 4930 καὶ
751 4877 830 4938 είς
858 4876 1003 4946 ἡμᾶς
1037 4873 1252 4934 αὐτοὺς,
1278 4870 1363 4922 ἀεὶ
1395 4868 1566 4922 ταῦτα
1583 4885 1654 4936 γι-

1849 4881 2102 4934 Videmus
2142 4880 2194 4932 iu
2239 4881 2396 4934 nobis
2433 4881 2564 4949 ipsis
2603 4881 2717 4934 Itazc
2757 4893 2898 4947 smpe
2929 4877 3215 4944 accidere;
3249 4893 3341 4948 qm

84 4973 315 5042 νόμενα,
363 4971 399 5023 ἃ.
428 4970 750 5039 παιδεύομεν
781 4970 850 5022 τὰ
870 4969 1055 5027 τέκνα,
1081 4966 1199 5018 κατ’
1235 4965 1546 5033 ἐπιστήμην
1580 4961 1668 5013 αύο

84 5066 159 5117 τὰ
198 5064 426 5129 ἀνάγειν
472 5060 801 5131 βουλόμενοι,
843 5059 929 5111 ἵνα
977 5059 1070 5109 καὶ
1097 5056 1297 5126 ταύτην
1338 5052 1663 5124 ἐνεργῶσιν·

85 5158 151 5209 οὐ
172 5157 395 5218 πάντως
422 5154 479 5206 δὲ
504 5152 675 5215 οὕτως
697 5151 1027 5222 ἐνεργοῦσιν,
1054 5149 1128 5213 ὡς
1156 5145 1529 5217 ἐδιδάχθησαν·
1549 5144 1665 5197 ἀλλ’

87 5253 239 5305 ἐστιν
270 5251 361 5302 ὅτε
391 5246 648 5316 ἐναντίως
680 5245 864 5298 πολλοὶ
896 5245 1000 5297 υἱοὶ
1024 5242 1174 5314 παρά
1209 5239 1457 5310 πατέρων
1495 5237 1668 5306 ἰατροὶ

86 5341 518 5414 ἁνατραφέντες,
569 5338 632 5389 οὐ
679 5337 899 5398 δεόντως
929 5334 1166 5405 χρῶνται
1213 5334 1278 5401 τῇ
1317 5331 1550 5400 ἰατρικῇ,
1599 5326 1666 5379 τά

88 5435 350 5488 νοσοποιά
379 5431 500 5485 ἀντὶ
530 5431 636 5482 τῶν
662 5429 912 5497 ὑγιεινῶν
949 5430 1063 5490 τοῖς
1093 5423 1451 5493 κακουμένοις
1492 5438 1664 5492 προσ-

89 5527 350 5592 άγοντεςο
392 5521 487 5575 καὶ
513 5522 574 5574 ού
612 5520 783 5591 δήπου
817 5521 851 5588 ἠ
902 5517 1139 5589 ἰατρικὴ,
1169 5516 1200 5586 ἢ
1233 5517 1260 5567 ό
1294 5516 1494 5583 ταύτην
1536 5529 1667 5564 παι-

166 5708 281 5781 (51)
312 5707 561 5781 Ἀγαθὸν
587 5706 696 5776 γὰρ
728 5706 912 5781 αὑτὸν
955 5704 1232 5781 ἐϐούλετο
1286 5697 1458 5781 εἶναιε
1513 5701 1654 5781 Tur-

91 5771 313 5835 riaiius:
358 5771 565 5832 Volebat
591 5771 725 5832 enim
750 5787 803 5832 ut
834 5779 985 5830 homo
1024 5785 1148 5830 esset
1197 5776 1377 5826 bonus.
1416 5771 1529 5826 Non
1565 5775 1655 5830 bc-

1775 4971 1974 5026 Iiberos
1999 4971 2311 5024 erudiamus
2339 4986 2404 5024 eo
2437 4971 2618 5024 animo
2641 5009 2657 5035 ,
2693 4980 2752 5023 ut
2794 4971 2859 5022 ad
2901 4969 3182 5024 scientiam
3222 4969 3341 5025 illos

1774 5063 2160 5134 provehamus,
2201 5076 2309 5128 quo
2354 5061 2451 5128 ipsi
2487 5061 2709 5130 perinde
2751 5059 3031 5130 disciplina
3079 5070 3337 5125 utantur;

1774 5167 1895 5208 cum
1929 5161 2106 5204 tamen
2139 5149 2361 5204 omnino
2393 5158 2452 5200 ut
2485 5147 2659 5201 edocti
2690 5157 2853 5212 sunt,
2893 5149 3004 5216 ipsa
3041 5161 3146 5201 non
3177 5157 3336 5201 utan-

1771 5255 1855 5298 tur
1880 5257 1894 5296 :
1927 5243 2036 5297 imo
2061 5242 2323 5310 contingit
2351 5239 2636 5308 aliquando
2664 5279 2677 5303 ,
2707 5250 2765 5293 ut
2791 5239 2939 5294 multi
2972 5239 3064 5293 filii
3091 5255 3118 5293 a
3146 5255 3340 5308 paren-

1769 5331 1910 5383 tibus
1942 5329 1994 5381 iu
2027 5336 2142 5381 arte
2174 5326 2381 5379 medica
2410 5325 2641 5388 eruditi,
2667 5340 2773 5377 non
2802 5335 2861 5378 ut
2889 5334 3099 5393 oportet
3125 5343 3188 5378 ea
3219 5336 3338 5380 arte

1768 5428 2031 5478 utantur;
2071 5417 2163 5471 sed
2195 5415 2374 5483 potius
2415 5430 2511 5483 pro
2553 5415 2856 5468 salubribus
2903 5428 2966 5467 ea
3000 5416 3216 5484 aegrotis
3243 5415 3339 5469 ad-

1769 5509 2023 5570 hibeant,
2075 5523 2193 5576 quae
2239 5506 2351 5574 ipsa
2407 5506 2648 5560 morbida
2696 5506 2955 5575 qualitate
2999 5505 3066 5559 iis
3103 5505 3336 5560 exitiomt

1765 5717 1832 5757 ne
1859 5715 1871 5753 :
1900 5713 2019 5751 cum
2057 5697 2323 5766 prmcipuc
2351 5709 2537 5766 sermo,
2557 5696 2626 5748 sit
2649 5695 2714 5749 de
2744 5693 2976 5750 dlabolo.

1835 5771 1946 5840 (59.)
1973 5765 2483 5835 Ἀσιννάρπακτος.
2519 5765 2644 5836 Leg.
2683 5766 3116 5835 ἁσυνύπαρκτος.
