3738 6308
466 355 602 412 H03
1696 358 1925 415 DIDYMI
1960 359 2428 417 ALEXANDRINI
3534 365 3634 424 iltil

464 472 770 530 exsistant:
813 487 913 528 nec
955 482 1081 528 tunc
1122 473 1425 528 accusanda
1469 473 1761 540 medicina,
1794 484 1888 529 aut
1934 491 1940 503 π

2164 476 2355 541 εὑσας,
2402 477 2593 542 αἴτιος.
2642 477 2716 530 Οὐ
2769 476 2878 548 γὰρ
2915 475 3087 539 οὕτως
3133 474 3395 541 ἐδίδαξεν,
3431 475 3640 547 Ξνόθτως

465 568 669 622 candus
713 565 765 620 in
819 566 1022 620 crimen
1073 565 1163 635 qui
1208 564 1409 619 docuit.
1459 565 1573 620 Non
1626 566 1768 621 enim
1815 566 1897 621 sic
1939 593 1941 609 ι

2166 572 2284 640 ποιῇ.
2318 570 2553 640 Πράττει
2579 568 2685 640 γὰρ
2709 570 2808 640 οὐχ
2848 569 2925 631 ὡς
2954 567 3157 639 ἔμαθεν
3185 570 3376 621 ποιεῖν.
3408 568 3550 623 Πάλιν
3583 575 3642 627 τό.

465 656 677 720 docuit,
708 664 770 709 ut
797 655 875 711 sic
905 655 1009 710 iste
1040 654 1281 720 laceret;
1315 655 1442 711 iacit
1472 656 1615 710 enim
1638 697 1652 723 ,
1693 672 1799 712 non
1850 666 1908 712 ut

2164 679 2272 725 ιους
2308 661 2629 731 παιδεύομεν
2671 678 2841 724 τινας,
2879 660 2965 714 ἴνα
2994 658 3352 723 συνιστῶνται
3383 658 3457 729 τῷ
3475 660 3640 735 δικαίῳ,

464 761 592 801 cere
617 748 807 801 doctus
848 754 951 801 est.
1003 745 1211 801 Rursus
1250 746 1393 816 leges
1436 747 1696 816 quosdam
1739 750 1940 804 doceml

2166 752 2231 806 ιαὶ
2259 751 2357 823 τὴν
2385 751 2597 805 ἀδικίαν
2630 749 3022 822 παραιτῶνται.
3073 748 3233 803 Ἀλλὰ
3254 749 3521 821 κακοήθως
3551 752 3642 807 ἔνιοι

465 847 528 892 ιιι
552 836 817 905 justitiam
849 834 1138 891 defendant
1162 846 1216 889 et
1242 835 1553 903 iniustitiam
1576 837 1871 905 repellant:
1903 854 1941 891 un

2166 842 2313 894 ιύτῶν
2335 844 2446 906 τοῖς
2467 842 2656 913 νόμοις
2685 841 3031 913 προσιόντων,
3063 838 3125 893 τὸ
3146 839 3415 894 ἀνάπαλιν
3441 842 3642 899 ποιῶσιν.

468 926 598 981 nulli
630 935 810 980 tamen
842 923 1008 978 animi
1042 927 1306 994 pravitate
1334 925 1480 993 leges
1534 927 1794 982 adeuntes
1846 941 1944 981 con

2168 934 2245 986 ἰαὶ
2275 912 2397 986 οὔτε
2421 933 2512 986 τὸν
2538 912 2735 1003 νόμον,
2760 931 2885 986 οὔτε
2923 932 3016 985 τὸν
3052 930 3348 1002 νομοθέτην
3381 931 3644 1002 αἰτιώμεθα.

465 1015 671 1072 faciunt
700 1030 765 1070 ac
793 1014 1120 1071 didicerunt.
1148 1014 1333 1083 Neque
1362 1023 1540 1069 tamen
1568 1016 1827 1070 continuo
1862 1015 1941 1086 leg

2173 1026 2199 1077 il
2230 1023 2338 1098 γὰρ
2366 1024 2517 1078 αὐτοὶ
2538 1025 2638 1094 τῆς
2672 1023 2884 1087 ἀδικίας
2917 1023 3081 1076 αἴτιοι
3114 1018 3278 1092 ἦσαν,
3302 1023 3403 1076 οὐκ
3428 1022 3488 1076 ἂν
3506 1025 3649 1078 ἐκόλα-

468 1116 561 1160 aut
594 1107 956 1178 legislatorem
989 1106 1358 1161 crimiuamur.
1396 1105 1455 1161 Si
1487 1107 1631 1160 enim
1669 1108 1721 1161 bi
1758 1107 1943 1177 iujusti

2175 1132 2229 1168 ον
2256 1115 2378 1179 τοὺς
2411 1114 2658 1179 ἀδίκους.
2688 1114 2798 1168 Καὶ
2829 1112 2939 1182 γὰρ
2976 1112 3072 1165 καὶ
3110 1111 3270 1165 τοῦτο
3309 1110 3408 1165 τοῦ
3447 1110 3651 1183 βουλήμα-

469 1195 548 1250 rei
578 1206 763 1251 essent
788 1236 803 1260 ,
834 1198 975 1252 haud
1012 1195 1239 1264 injustas
1269 1200 1545 1268 punirent.
1577 1198 1707 1253 Nam
1736 1199 1789 1253 id
1825 1214 1945 1269 quor

2176 1223 2227 1270 ος
2271 1205 2451 1260 αὐτῶν
2502 1205 2757 1276 ὑπάρχει,
2796 1203 2870 1258 Τὸ
2902 1202 3238 1258 κολαστέον
3266 1202 3376 1257 τόν
3403 1201 3580 1256 ἄδικον
3597 1201 3652 1258 εἴ·

465 1302 651 1341 eorum
680 1287 972 1342 arbitratus
1003 1298 1087 1343 est
1125 1303 1191 1344 ac
1227 1291 1529 1354 sementim,
1572 1289 1729 1344 hsta
1770 1293 1941 1361 castig.

2178 1314 2232 1349 tu
2251 1313 2265 1326 ·
2292 1297 2386 1351 καὶ
2409 1298 2438 1350 ὁ
2457 1296 2588 1360 Θεὸς
2607 1296 2824 1359 κολάζει
2855 1294 2948 1349 τὸν
2980 1295 3236 1357 σατανᾶν,
3274 1293 3370 1347 καὶ
3390 1293 3505 1356 τοὺς
3526 1311 3654 1363 παρι-

466 1378 587 1430 dum
618 1380 1095 1445 animadversione,
1124 1381 1262 1450 quod
1294 1381 1552 1450 injustam
1581 1394 1676 1436 est.
1712 1381 1856 1435 Deus
1905 1383 1942 1436 it

2178 1390 2337 1451 άντας
2377 1388 2501 1450 τοὺς
2545 1386 2652 1441 ἀπὸ
2695 1386 2831 1440 Θεοῦ
2874 1384 3131 1449 τεθέντας
3162 1385 3385 1454 νόμους.
3426 1384 3557 1438 Τισὶν
3578 1388 3654 1457 γὰρ

466 1479 708 1523 satanam
737 1471 922 1537 punit,
960 1480 1014 1526 et
1036 1487 1128 1527 eos
1152 1473 1244 1541 qui
1271 1472 1525 1528 divinitus
1548 1473 1869 1550 constitutas
1891 1474 1939 1529 le

2177 1480 2359 1544 αὐλοις
2398 1479 2543 1548 λέγει
2567 1498 2582 1512 ·
2646 1479 2933 1547 Ὑπάγετε
2961 1480 3048 1543 εις
3093 1476 3159 1530 τὸ
3191 1477 3313 1545 πῦρ
3342 1477 3411 1530 τὸ
3446 1475 3653 1539 altam.

471 1563 957 1632 transgrediuntur.
983 1562 1313 1632 Quibusdam
1339 1566 1481 1620 enim
1516 1546 1696 1635 prauis
1724 1566 1799 1620 ait
1824 1584 1837 1619 :
1871 1563 1947 1619 Ite

2178 1572 2202 1624 ὑ
2236 1546 2681 1641 ήτοιμιιὰμένον
2724 1546 2815 1636 τῷγ
2847 1569 3105 1636 διαϐόλῳ
3136 1570 3236 1623 καί
3281 1567 3414 1634 τοῖς
3437 1569 3654 1638 ἀγγέλοις

468 1658 637 1725 ignem
662 1669 910 1714 aeternum
935 1698 950 1725 ,
976 1660 1067 1730 qui
1107 1672 1325 1728 paratus
1377 1670 1453 1714 est
1496 1660 1705 1715 diabolo
1730 1670 1780 1715 et
1832 1659 2031 1731 angelis
2132 1660 2341 1715 αὐτοῦ.

466 1749 577 1816 ejus
612 1749 680 1801 “.
999 1761 1004 1767 ‘

467 1842 594 1896 Car.
638 1840 776 1897 XIV.
819 1843 1117 1897 Iuconsona
1162 1843 1574 1899 Manichaeorum
1624 1846 1836 1900 delirio.
1884 1845 2163 1898 Peccatum
2201 1839 2425 1899 diaboli.
2467 1854 2567 1891 non
2609 1836 2842 1907 ingenita
2882 1835 3108 1902 malitia,
3150 1837 3241 1891 sed
3283 1845 3466 1907 sponte
3496 1833 3659 1905 longe:

1799 1917 2058 1969 creatione
2080 1918 2366 1977 assmnpta.
3208 1962 3219 1972 .

540 2002 727 2057 Sciant
757 2002 920 2071 igitur
951 2001 1040 2071 qui
1074 2003 1157 2057 his
1183 2004 1598 2068 contradicunt,
1637 2006 1738 2061 sibi
1778 2002 1909 2075 ipsis
1940 2019 2016 2072 put

2211 1998 2474 2052 ἰστωσαν
2499 1997 2675 2050 τοίνυν
2697 1998 2746 2049 οἱ
2776 1996 2983 2061 τούτοις
3006 1994 3404 2065 ἀντιλέγοντες,
3436 1996 3660 2068 μαχόμενα

442 2095 684 2167 ,ρειειιιίο
701 2095 903 2151 dicere.
919 2092 975 2148 Si
993 2100 1135 2149 enim
1167 2095 1408 2149 diabolus
1456 2097 1749 2151 secundum
1785 2094 1914 2151 subs

2182 2084 2350 2152 ιντοῖς
2379 2088 2646 2157 λέγοντες.
2682 2089 2743 2142 Ei
2774 2089 2882 2160 γὰρ
2903 2089 3024 2142 κατ’
3049 2089 3235 2142 οὐσίαν
3257 2088 3433 2153 κακὸς
3455 2085 3516 2161 ἦν
3533 2093 3558 2143 ὁ
3579 2091 3658 2144 διὰ·

469 2187 598 2241 tiam
634 2185 807 2241 malus
836 2195 953 2240 erat
980 2194 1034 2240 et
1068 2200 1099 2239 a
1133 2186 1272 2240 bono
1300 2185 1410 2240 Deo
1433 2186 1646 2241 alienus
1666 2226 1682 2249 ,
1708 2199 1771 2240 ac
1797 2186 1888 2254 qui
1921 2199 1945 2254 ι]

2185 2180 2313 2243 >λος,
2338 2179 2432 2233 καὶ
2462 2178 2739 2251 ἀλλότριος
2768 2180 2862 2232 τοῦ
2891 2179 3096 2248 ἀγαθοῦ
3124 2179 3283 2243 Θεοῦ,
3304 2179 3581 2251 δυνάμενος
3593 2182 3661 2236 αὖ·

470 2277 546 2331 illi
584 2277 776 2332 robore
804 2284 1015 2332 certare
1046 2285 1265 2345 posset,
1302 2291 1400 2330 nec
1444 2276 1516 2330 illi
1569 2275 1887 2347 supplicium
1937 2291 1946 2344 ι

2184 2271 2523 2343 ῥίσοσθενὴς
2561 2267 2732 2324 εἶναι’
2773 2272 2894 2325 οὐδὲ
2932 2271 3153 2325 κόλασιν
3199 2272 3495 2343 ἡτοίμαζεν
3534 2273 3660 2343 αὐτῷ,

473 2383 600 2423 rare
627 2407 644 2434 ,
676 2383 775 2423 nec
818 2368 869 2421 in
914 2368 1086 2437 ipsum
1135 2382 1261 2422 eum
1311 2369 1524 2423 mittere
1568 2368 1850 2438 potuisset.
1902 2366 1949 2419 D;

2189 2362 2255 2414 ιδὲ
2296 2361 2511 2431 βάλλειν
2559 2362 2721 2415 αὑτὸν
2754 2363 2833 2427 είς
2876 2362 2976 2434 τὴν
3015 2363 3240 2417 κόλασιν
3267 2362 3524 2433 ἠδύνατο*
3554 2363 3665 2433 λέγει

468 2471 646 2515 tamen
674 2474 791 2513 esse
828 2459 1003 2526 ignem
1039 2458 1253 2514 diabolo
1277 2469 1539 2529 paratum.
1569 2459 1705 2526 Quin
1730 2457 1833 2513 hoc
1854 2457 1944 2512 dici

2189 2471 2193 2500 -.
2223 2451 2550 2523 ἡτοιμάσθαι
2583 2453 2693 2525 πῦρ
2716 2451 2793 2524 τῷ
2809 2453 3057 2524 διαὸόλῳ.
3081 2454 3192 2508 Καὶ
3214 2452 3378 2507 τοῦτο
3407 2454 3462 2508 δὲ
3490 2455 3665 2527 ῥητέον

467 2550 631 2606 dum:
666 2547 722 2604 Si
755 2548 899 2605 Deus
942 2549 1118 2605 bouus
1168 2549 1516 2605 immutabilis
1560 2560 1677 2616 cst,
1726 2559 1785 2605 ut
1818 2549 1943 2620 quid

2190 2544 2200 2595 ἱ
2224 2544 2488 2610 ἄτρεπτος
2513 2546 2541 2596 ὁ
2563 2543 2765 2612 ἀγαθὸς
2780 2543 2912 2609 Θεός
2928 2546 3097 2609 ἐστιν,
3122 2544 3311 2616 ὥσπερ
3324 2541 3426 2600 οὖν
3440 2547 3525 2600 καὶ
3538 2546 3666 2610 ἔστιν,

464 2648 583 2703 est,
616 2647 669 2695 et
718 2640 908 2694 iisdem
949 2654 1161 2709 semper
1210 2637 1378 2694 fretus
1419 2639 1660 2702 viribus,
1705 2654 1879 2710 neque
1904 2641 1940 2694 a‘

2192 2633 2230 2685 tl
2262 2633 2350 2685 ἀεὶ
2377 2633 2474 2703 τὴν
2499 2634 2669 2706 αὐτὴν
2696 2633 2809 2705 ἔχει
2832 2634 3085 2706 δύναμιν,
3125 2634 3202 2698 ὡς
3224 2635 3302 2706 μὴ
3326 2634 3513 2689 ἄλλοτε
3537 2636 3668 2698 ἄλλως

464 2730 654 2796 aliter,
720 2730 857 2786 alias
929 2730 1085 2786 aliter
1155 2730 1335 2797 valet;
1396 2746 1516 2785 cum
1586 2730 1821 2786 futurum
1890 2746 1940 2788 es

2192 2722 2363 2793 χύειν,
2406 2726 2499 2779 καὶ
2538 2725 2723 2780 ἄλλοτε
2761 2725 2967 2791 ἄλλως·
3014 2725 3209 2797 ἔμελλε
3248 2727 3307 2780 δὲ
3335 2727 3479 2799 μετὰ
3514 2729 3668 2801 πολλὴν

468 2833 531 2879 ut
561 2832 683 2895 post
709 2823 932 2878 multam
990 2839 1185 2878 nosam
1228 2834 1557 2895 acceptaque
1608 2825 1676 2879 ab
1732 2839 1797 2880 eo
1841 2825 1944 2879 dan

2196 2814 2340 2885 ιὰὅην
2373 2816 2465 2869 καὶ
2499 2806 2795 2885 ἀπώλειαν,
2827 2817 3028 2889 πολλὴν
3066 2818 3200 2891 πυρὶ
3240 2820 3453 2892 αἰωνίῳ
3487 2821 3672 2893 παραδι-

466 2923 671 2968 αξιεηιο
697 2926 819 2969 eum
858 2914 967 2985 igni
1010 2916 1287 2979 traderet;
1326 2916 1509 2985 quidni
1551 2916 1651 2970 hoc
1688 2930 1719 2970 a
1769 2916 1938 2987 princi

2194 2923 2280 2958 ναι
2312 2906 2405 2958 τὸν
2438 2909 2697 2974 σατανᾶν,
2723 2907 2813 2962 διὰ
2844 2909 2897 2962 τί
2931 2907 3007 2980 μὴ
3044 2908 3105 2972 ἐξ
3128 2909 3303 2981 ἀρχῆς
3332 2910 3493 2964 τοῦτο
3516 2913 3669 2975 ἐποίει,

465 3004 627 3070 fecit,
687 3020 809 3060 cum
861 3020 920 3060 se
967 3005 1056 3060 ille
1119 3008 1171 3060 id
1232 3006 1404 3076 ipsum
1452 3006 1675 3074 extulit,
1733 3018 1789 3063 et
1830 3017 1941 3078 part

2193 3015 2221 3050 ε
2236 2999 2538 3070 ἐπανῆλθεν
2553 3002 2721 3074 αὐτῷ,
2737 3004 2831 3057 καὶ
2858 3002 3023 3073 μέρος
3047 3002 3239 3057 ἔλαϐεν
3264 3004 3433 3058 αὐτοῦ
3456 3021 3471 3070 ;
3492 3004 3669 3058 Anuli-

467 3097 637 3167 ipsius
664 3099 948 3168 occupavit
970 3099 992 3152 ?
1016 3097 1224 3154 lustius
1263 3100 1408 3153 enim
1441 3108 1565 3155 tunc
1599 3100 1649 3154 in
1696 3115 1818 3155 eum
1847 3114 1943 3171 paen

2198 3108 2292 3163 ρον
2329 3091 2436 3163 γὰρ
2456 3094 2577 3146 τότε
2620 3094 2821 3164 μᾶλλον
2850 3097 3119 3169 τιμωρίαν
3150 3096 3354 3169 ὥριζεν
3387 3100 3503 3152 κατ’
3526 3096 3671 3159 αὐτοῦ,

465 3190 826 3253 decrevisset,
879 3197 937 3243 ut
987 3191 1077 3260 qui
1121 3191 1171 3244 in
1221 3190 1478 3260 majorem
1522 3191 1854 3261 deliquisset.
1904 3190 1941 3241 Ν

2198 3200 2209 3244 ;
2239 3183 2378 3236 κατὰ
2410 3183 2655 3254 μείζονος
2686 3186 3191 3258 πλημμεληθέντος.
3210 3189 3325 3242 Νῦν
3365 3190 3466 3260 μὲν
3489 3189 3583 3261 γὰρ
3605 3190 3674 3242 ἀνι

466 3297 607 3338 nunc
636 3283 851 3353 quidem
884 3282 1194 3339 hominibus
1227 3292 1384 3338 nocet
1430 3299 1446 3350 ;
1476 3292 1604 3338 tunc
1644 3293 1825 3338 autem
1847 3324 1863 3350 ,
1909 3283 1942 3337 il

2200 3272 2387 3338 ιώπους
2416 3274 2639 3344 βλάπτει
2660 3293 2674 3306 ·
2720 3277 2863 3341 τότε,
2896 3278 3016 3331 κατ’
3043 3277 3261 3346 αὐτοὺς,
3292 3279 3469 3352 αὐτὴν
3488 3279 3676 3349 {fndes

469 3390 586 3428 rum
618 3374 884 3429 sententia
916 3383 971 3428 et
1002 3383 1060 3428 ut
1094 3374 1405 3430 existimant
1430 3415 1445 3441 ,
1485 3376 1585 3445 ipsi
1622 3391 1817 3431 noxam
1853 3377 1945 3431 iutt

2204 3385 2231 3419 ν
2265 3367 2514 3439 θεότητα,
2555 3369 2745 3441 ὥσπερ
2787 3371 2883 3423 καὶ
2929 3371 3238 3444 φρονοῦσιν.
3280 3372 3471 3443 Νόμος
3519 3372 3572 3426 δὲ
3608 3373 3678 3424 ui

465 3464 668 3519 deitati.
707 3464 866 3535 chis
902 3480 1030 3520 vero
1057 3466 1327 3521 districtio
1381 3481 1445 3525 ac
1493 3467 1794 3529 indignatio
1831 3467 1941 3536 just

2201 3456 2503 3529 ανάκτησις
2552 3458 2736 3512 δικαία
2773 3461 2889 3514 ἐστὶ
2945 3463 3147 3533 μᾶλλον
3190 3464 3224 3534 ἡ
3266 3464 3414 3517 κατὰ
3440 3464 3543 3518 τῶν
3570 3462 3677 3515 κστά

462 3567 580 3623 est,
617 3557 662 3611 si
693 3558 814 3627 quis
845 3557 897 3611 in
934 3572 1147 3627 regem,
1182 3572 1343 3628 quam
1372 3557 1416 3612 si
1449 3557 1500 3611 in
1532 3558 1808 3623 subditos,
1839 3560 1938 3628 inju

2206 3549 2398 3613 σιλέως
2427 3549 2773 3621 τολμώντων,
2807 3553 2841 3625 ἥ
2874 3570 3037 3608 τινων
3061 3554 3173 3608 τῶν
3209 3556 3495 3626 ὑπηκόων.
3520 3555 3576 3610 El
3595 3553 3680 3624 γὰρ

462 3660 664 3716 procax
695 3646 940 3701 exsistat.
976 3646 1035 3701 Si
1063 3647 1208 3702 enim
1235 3647 1315 3702 sic
1344 3647 1421 3702 illi
1454 3650 1519 3703 de
1534 3648 1617 3704 bis
1643 3650 1906 3718 sentiant,

2204 3641 2300 3695 ῦτα
2320 3641 2492 3706 οὕτως
2509 3644 2805 3716 φρονητέα,
2831 3646 2862 3716 ἢ
2892 3645 3113 3715 ἄγνοιαν
3133 3648 3479 3720 προσάψουσι
3502 3648 3571 3720 τῷ
3589 3647 3680 3715 Θεῷ

462 3739 653 3794 dicturi
685 3749 836 3804 sunt,
872 3741 1163 3797 nescivisse
1196 3751 1324 3795 tunc
1353 3740 1555 3804 Deum,
1590 3745 1860 3813 quomodo
1892 3744 1938 3798 ul

2204 3751 2272 3797 ιε,
2311 3732 2405 3788 τοῦ
2433 3735 2550 3799 πῶς
2578 3737 2952 3807 τιμωρήσεται
2988 3738 3082 3792 καλ⁸
3112 3740 3396 3813 ὲμποδίσῃ
3430 3741 3491 3795 τὸ
3524 3740 3680 3803 κακὸν,

462 3845 555 3884 rus
580 3840 726 3886 esset
757 3841 812 3886 et
848 3830 1045 3885 malum
1081 3830 1436 3897 impediturus
1458 3870 1473 3893 ,
1508 3841 1595 3885 aut
1627 3847 1736 3887 non
1770 3833 1938 3903 potuis

2206 3826 2531 3899 ἀδυναμίαν.
2570 3828 2709 3881 Ἀλλ’
2735 3829 3013 3901 οὐδέτερον
3056 3833 3262 3885 τούτων
3292 3832 3427 3904 περὶ
3457 3831 3544 3885 τὸν
3570 3832 3680 3899 ἁτε-

460 3921 533 3976 Δι
571 3930 824 3975 neutrum
864 3922 1056 3976 horum
1088 3923 1230 3977 bono
1258 3922 1369 3976 Deo
1398 3924 1738 3980 tribuendum
1765 3934 1887 3994 est;
1924 3943 1936 3979 ι

2206 3935 2220 3970 ι
2253 3918 2415 3971 Θεὸν*
2447 3921 2547 3972 οὐκ
2589 3919 2697 3991 ἄρα
2728 3922 3007 3994 ἀγενήτως
3037 3923 3231 3996 ὲχθρδς
3266 3926 3333 3979 ἂν
3369 3925 3507 3979 Θεοῦ
3550 3926 3682 3977 ἐπαν-

464 4012 626 4081 ignur
653 4012 794 4067 nulla
825 4013 1033 4082 origine
1092 4011 1183 4067 Dei
1229 4013 1478 4068 inimicus
1522 4016 1573 4068 lu
1612 4030 1734 4069 eum
1775 4030 1834 4070 se
1873 4030 1939 4071 ex

2206 4028 2225 4080 τι
2256 4011 2373 4063 κατ’
2409 4009 2572 4064 αὑτοῦ
2600 4028 2615 4043 ⁶
2655 4012 2791 4066 ἀλλὰ
2821 4015 3110 4086 γενόμενος
3160 4017 3254 4069 ἐπὶ
3294 4016 3380 4087 τῷ
3410 4013 3545 4071 εῖναι
3576 4017 3682 4081 ἁγι-

460 4102 560 4168 lit;
609 4104 702 4155 sed
742 4101 832 4169 qui
884 4102 1057 4157 iactus
1086 4111 1228 4157 esset
1256 4112 1313 4156 ut
1337 4104 1504 4157 bonus
1550 4117 1733 4170 esset,
1781 4105 1936 4159 facull

2206 4117 2242 4164 ;,
2293 4102 2392 4173 τὴν
2444 4102 2543 4173 μὲν
2573 4102 2799 4174 δύναμιν
2831 4105 2932 4176 τῆς
2968 4106 3171 4179 ἀρετῆς
3216 4108 3387 4179 ἀτελῆ
3431 4105 3682 4180 ἐφύλαξεν,

467 4192 817 4259 capessenda:
855 4190 1070 4245 virtutis
1107 4190 1422 4261 imperfecta
1458 4206 1521 4246 ac
1558 4208 1746 4248 manca
1783 4202 1943 4249 reten:

2206 4212 2234 4247 ν
2261 4193 2317 4247 δὲ
2341 4195 2438 4264 τῆς
2464 4195 2661 4259 κακίας
2705 4197 3118 4269 ἐπιτηδειότητα
3161 4198 3243 4262 εἰς
3272 4199 3553 4271 ἐνέργειαν
3576 4200 3679 4269 ﬁrs-

461 4281 688 4351 quodin
722 4282 909 4336 vitium
951 4297 1180 4352 pronum
1237 4292 1354 4338 erat
1399 4284 1581 4355 illique
1628 4287 1878 4341 idoneum
1907 4326 1923 4351 ,

2205 4303 2261 4338 V'
2288 4285 2354 4339 δι’
2383 4287 2411 4340 ὃ
2438 4288 2533 4340 καὶ
2560 4287 2869 4354 κολαστέος,
2907 4291 2998 4344 καὶ
3031 4289 3256 4356 εἰκότως
3286 4292 3435 4363 μετὰ
3463 4290 3587 4345 πολῦ
3615 4308 3675 4342 τι·

460 4383 637 4429 actum
666 4371 939 4443 perduxit.
971 4373 1333 4439 Quamobrem
1369 4375 1565 4444 dignus
1609 4378 1869 4447 supplicio
1911 4394 1936 4433 e

1174 4374 1333 4429 ubrem
1369 4375 1565 4444 dignus
1609 4378 1869 4447 supplicio
1911 4388 2033 4443 est,
2139 4377 2319 4451 μωρίᾳ
2350 4379 2650 4450 ammon.

459 4482 524 4524 ac
554 4468 749 4522 merito
780 4466 869 4522 diu
904 4478 1024 4535 post
1055 4466 1129 4520 illi
1164 4477 1248 4521 est
1280 4468 1633 4536 mancipatus.

1162 4557 1290 4613 CAP.
1332 4558 1446 4617 XV.
1489 4556 1691 4612 Eorum
1728 4562 2047 4629 ptenitentia,
2091 4580 2279 4634 qmous
2322 4562 2520 4618 malum
2550 4580 2581 4617 a
2614 4563 2881 4618 voluntate
2909 4575 3005 4619 est.

532 4651 589 4706 Si
616 4665 742 4706 vero
768 4648 895 4705 illud
916 4648 1248 4719 objecerint,
1270 4651 1413 4722 quod
1435 4650 1638 4706 dictum
1660 4660 1745 4706 est
1770 4666 1799 4704 a
1821 4651 2008 4707 Joanne

2211 4656 2273 4710 Εί
2309 4655 2367 4710 δὲ
2393 4656 2614 4709 κάκεῖνο
2634 4657 3009 4727 προφέροιντο,
3045 4656 3105 4710 τὸ
3129 4655 3322 4727 λεχθὲν
3348 4658 3462 4711 ὑπὸ
3485 4656 3572 4711 τοῦ
3600 4656 3682 4708 Ba-

456 4742 725 4814 Baptista,
760 4742 845 4797 his
870 4742 961 4811 qui
996 4745 1117 4797 ticte
1151 4744 1438 4796 veniebant
1467 4742 1533 4798 ad
1572 4742 1932 4813 baptismum,

2214 4746 2358 4801 ιστοῦ
2401 4746 2648 4800 Ἰωάννου
2677 4749 2788 4810 τοῖς
2818 4746 2935 4818 μεθ’
2965 4748 3308 4818 ὑποκρίσεως
3326 4751 3410 4814 εἰς
3436 4751 3498 4804 τὸ
3524 4749 3686 4821 βάπτι-

457 4838 572 4892 Ιισεο
612 4835 818 4890 verba:
866 4833 1171 4911 Serpentes,
1213 4836 1484 4905 progenies
1532 4837 1868 4906 viperarum,
1909 4852 1933 4904 ι]

2210 4856 2247 4891 α
2286 4836 2551 4899 ἐλθοῦσιν,
2580 4835 2751 4898 οὕτως
2782 4836 2902 4908 ἔχον
2923 4855 2936 4868 ’
2974 4837 3189 4905 ’Ὀφ-εις,
3224 4838 3569 4908 γεννήματα
3591 4839 3686 4906 Ezr-

457 4926 682 4981 ostendit
710 4926 851 4979 vobis
877 4924 1058 4995 fugere
1087 4944 1119 4978 α
1145 4935 1363 4979 ventura
1388 4927 1469 4979 ira
1492 4927 1517 4979 ἱ)
1546 4924 1731 4980 Facite
1763 4942 1885 4995 ergo
1914 4926 1933 4994 1

2211 4927 2310 4993 ὧν,
2360 4928 2451 4993 τίς
2500 4925 2815 4990 ὑπέδειξεν
2849 4926 2992 4996 ὑμῖν
3019 4926 3233 4996 φυγεῖν
3262 4928 3381 4981 ἀπὸ
3429 4927 3538 4996 τῆς
3570 4930 3687 4996 μελε

453 5029 593 5073 ctum
630 5018 850 5088 dignum
883 5017 1201 5086 paenitentia:
1232 5031 1250 5070 :
1280 5027 1329 5071 et
1361 5034 1422 5071 ne
1455 5016 1622 5072 velitis
1671 5016 1846 5070 dicere
1887 5018 1929 5070 in

2209 5020 2364 5085 ὐσης
2413 5016 2624 5088 ὀργῆςς
2668 5016 2963 5083 Ποιήσατε
2980 5011 3094 5071 οὖν
3117 5019 3355 5087 καρπὸν
3395 5018 3572 5083 ἄξιοι·
3597 5015 3684 5081 τῆς

457 5126 578 5173 vos,
629 5119 829 5178 patrem
897 5109 1148 5162 habemus
1197 5106 1489 5161 Abraham.
1533 5107 1729 5162 Potens
1766 5118 1841 5162 est
1887 5123 1933 5161 ei

2209 5112 2461 5176 τανοίας.
2498 5111 2596 5164 καί
2626 5109 2712 5180 μὴ
2746 5109 2961 5177 δόξητε
2983 5109 3187 5179 μέτε-ιν
3227 5107 3299 5161 ἐν
3334 5105 3592 5172 ἑαυτοῖς,
3616 5104 3685 5157 ἔτι

378 5198 383 5201 Α
459 5200 597 5255 Deus
625 5202 688 5254 de
719 5200 981 5267 lapidibus
1013 5200 1129 5254 istis
1158 5201 1416 5254 suscitare
1450 5199 1590 5269 ﬁlios
1622 5199 1848 5254 Abralue

2210 5201 2352 5269 τιέρα
2379 5201 2597 5270 ἔχομεν
2629 5200 2735 5254 τὸν
2775 5199 3037 5270 Ἀϐραάμ.
3068 5201 3321 5254 durarat
3345 5199 3464 5269 γὰρ
3503 5200 3538 5252 ὁ
3566 5196 3686 5257 Θεὸς

453 5305 607 5358 porro
632 5290 830 5343 securis
856 5288 925 5341 ad
950 5290 1179 5343 radicem
1218 5292 1464 5344 arborum
1493 5291 1667 5358 posita
1705 5300 1806 5344 est.
1837 5288 1929 5343 0m

2231 5293 2349 5347 τῶν
2371 5293 2560 5347 λίθων
2597 5293 2829 5346 τούτων
2855 5292 3071 5363 ἐγεῖραι
3104 5290 3288 5345 τέκνα
3315 5290 3403 5354 τῷ
3442 5285 3685 5356 Ἇόμιόμ.

453 5396 574 5451 ergo
604 5381 762 5435 arbor
787 5397 904 5452 qua
936 5396 1037 5434 non
1069 5380 1197 5448 facit
1222 5382 1452 5450 fructum
1485 5382 1676 5435 bonum
1698 5421 1713 5448 ,
1763 5382 1929 5435 excidi

2214 5385 2281 5453 δη
2322 5384 2391 5439 δὲ
2422 5386 2461 5453 ἡ
2491 5385 2672 5452 ἀξίνη
2719 5384 2870 5453 πρὸς
2901 5383 3016 5454 τὴν
3056 5381 3230 5453 ﬂetur
3272 5381 3395 5436 τῶν
3447 5379 3690 5447 δένδρων·

453 5481 501 5525 et
540 5475 593 5525 in
623 5474 793 5543 ignem
830 5473 1055 5526 mittitur
1089 5472 1156 5526 ⁸⁸.
1189 5471 1429 5527 Audiant
1458 5472 1578 5536 isti,
1608 5487 1711 5526 non
1744 5486 1902 5541 posse

2249 5494 2327 5531 at.
2353 5476 2483 5531 Πᾶν
2510 5472 2623 5531 οὖν
2648 5476 2901 5545 δένδρον
2915 5475 3001 5546 μὴ
3026 5474 3240 5529 ποιοῦν
3262 5468 3689 5541 καρπὸνκαῑὲτ
3714 5530 3722 5543 ⁸

454 5563 690 5633 objicere
708 5580 828 5632 quae
847 5578 950 5617 non
974 5564 1251 5633 recipiunt.
1275 5562 1389 5618 Non
1415 5564 1555 5620 enim
1576 5563 1843 5632 recipiunt
1861 5560 1930 5616 J0

2210 5565 2492 5629 coarctat,
2527 5565 2626 5619 καί
2664 5567 2751 5631 εις
2794 5562 2915 5631 πῦρ
2942 5562 3257 5627 βάλλεται.
3305 5561 3686 5615 Ἀκουέτωσεῖ.

455 5671 575 5709 nem
608 5655 931 5726 Baptistam,
968 5656 1058 5726 qui
1090 5672 1228 5713 unus
1261 5657 1330 5712 sit
1359 5671 1391 5712 e
1424 5654 1603 5711 Veteri
1646 5653 1931 5709 Testamen

2234 5655 2295 5710 οὐ
2325 5655 2578 5713 δύνανται
2606 5655 2921 5729 προφέρειν,
2952 5656 3048 5725 ἀφ’
3076 5647 3150 5708 ὧν
3182 5654 3258 5726 μὴ
3282 5653 3687 5726 παραδέχονται.

527 5788 573 5819 ⁸⁸⁵
612 5788 799 5844 Matth.
833 5804 957 5856 xxv,
993 5789 1084 5843 41.
1161 5788 1208 5821 ⁸⁸
1249 5788 1438 5845 Matth.
1473 5804 1533 5843 ill
1556 5825 1571 5855 ,
1605 5787 1773 5856 740;
1807 5786 1937 5844 Luc.
1972 5803 2028 5842 tu
2052 5826 2068 5855 ,
2105 5788 2214 5844 7-9.
