3774 6312
62 289 228 346 “95

1345 302 1624 359 CONTRA
1665 305 2105 364 MANICHAZOS.

3207 318 3341 374 “06

59 403 147 453 οὐ
187 403 309 472 γὰρ
336 402 582 474 δέχονται
611 406 700 458 τὸν
740 406 1049 480 Βαπτιστὴν
1093 411 1360 482 Ἰωάννην,
1388 415 1668 485 τυγχάνονι

1783 418 1874 473 Sic
1923 430 2097 476 tamen
2148 421 2251 478 illis
2302 426 2726 494 respondendum
2769 439 2869 486 est.
2922 431 3059 486 Toto
3109 431 3342 488 Joannes

56 509 135 544 τα
195 494 305 546 ἕνα
335 495 440 564 τῆς
479 497 721 562 Παλαιᾶς
767 500 1007 572 Γραφῆς.
1051 503 1239 574 Ὅμως
1273 505 1329 558 δὲ
1365 508 1457 561 καὶ
1504 508 1676 572 οὕτως

59 584 285 652 ῥητέον
342 586 481 656 πρὸς
525 589 741 652 αὐτούς·
793 590 894 643 Διὰ
951 591 1130 662 πάσης
1171 595 1267 664 τῆς
1317 599 1676 668 συμφράσεως

56 676 308 747 ἀναιρεῖ
343 677 405 731 τὸ
453 678 610 746 φύσει
661 681 897 750 ἀγαθοὺς
945 685 1035 736 καὶ
1081 685 1236 752 φύσει
1277 683 1415 740 εἶναι
1449 689 1669 752 κακούς.

55 765 250 833 Λέγει
302 768 418 839 γὰρ
476 770 611 840 πρὸς
663 772 886 837 αὐτούς’
940 775 1235 840 Ποιήσατε
1282 773 1396 830 οὖν
1445 779 1676 847 καρπὸν

55 857 261 920 ἄξιον
293 856 406 926 τῆς
421 863 760 928 μετανοίας.
781 865 1054 919 Μετάνοια
1075 868 1129 920 δὲ
1153 867 1245 920 καὶ
1270 870 1480 940 καρπὸς
1503 871 1674 940 αὐτῆς

56 947 128 1000 οὐ
171 949 404 1014 πίπτει,
453 951 576 1005 οὔτε
619 955 756 1024 πρὸς
796 956 885 1010 τὸν
932 958 1049 1011 κατ’
1100 959 1286 1030 οὐσίαν
1331 961 1518 1027 κακὸν,
1549 961 1671 1013 οὗτε

59 1039 223 1110 πρὸς
249 1042 348 1095 τὸν
386 1044 545 1113 φύσει
577 1046 781 1114 ἀγαθὸν
814 1049 960 1100 ὄντα.
993 1049 1115 1113 Πῶς
1145 1050 1252 1121 γὰρ
1279 1053 1306 1105 ὁ
1335 1053 1444 1104 αίεὶ
1470 1053 1672 1120 ἀγαθὸς

55 1131 279 1202 Χρῇξει
307 1135 632 1203 μετανοίας;
659 1136 690 1207 ἢ
730 1138 844 1202 πῶς
866 1141 894 1192 ὁ
921 1140 1076 1208 φύσει
1106 1142 1272 1204 κακὸς
1296 1144 1564 1214 χρήσηται
1596 1143 1672 1213 τῷ

57 1223 276 1294 ἀγαθῷ
312 1225 416 1295 τῆς
459 1226 776 1296 μετανοίας;
815 1229 873 1282 '0
896 1230 1004 1300 γὰρ
1023 1234 1140 1285 κατ’
1173 1233 1360 1284 οὐσίαν
1384 1231 1457 1286 ὢν
1483 1234 1668 1296 κακὸς,

57 1313 438 1384 ἐκτραπῆναι
470 1315 567 1384 τῆς
594 1317 868 1386 ἁμαρτίας
894 1321 954 1373 οὐ
993 1322 1244 1375 δύναται·
1281 1324 1395 1377 ἁλλ’
1434 1326 1554 1379 οὐδὲ
1583 1327 1668 1378 ἐπ’

55 1402 331 1475 ὠφελείᾳ
368 1405 622 1474 μετάνοια
651 1407 856 1475 γίνεται
888 1411 981 1463 τοῦ
1011 1413 1238 1481 ἀγαθοῦ.
1285 1417 1401 1468 Ἔτι
1433 1417 1540 1486 μὴν
1578 1418 1672 1470 καὶ

54 1494 128 1545 ὲκ
160 1494 288 1547 τῶν
315 1495 504 1559 λίθων,
537 1496 644 1549 τῶν
675 1498 1037 1570 δεικνυμένων
1067 1504 1154 1555 ὑπ’
1190 1505 1374 1568 αὑτοῦ,
1412 1505 1556 1574 λέγει
1584 1507 1668 1558 τέ-

61 1602 184 1637 arva.
217 1586 623 1658 ὲγερθήσεσθαι
647 1589 722 1660 τῷ
750 1591 997 1662 Ἀϐραάμ
1022 1613 1029 1621 ·
1063 1595 1241 1658 λίθους
1267 1596 1322 1648 δὲ
1351 1598 1520 1662 λέγων
1546 1598 1670 1660 τοὺς

55 1675 354 1745 ἠλιθίους,
398 1680 489 1731 καὶ
518 1677 598 1731 ἔτι
654 1679 987 1751 ἐμμένοντας
1028 1690 1092 1758 τῇ
1135 1689 1302 1760 κακίᾳ
1331 1690 1665 1762 ἀνθρώπους.

1781 520 2034 565 contextu
2065 512 2320 583 destruit,
2357 531 2476 572 esse
2506 530 2697 573 natura
2734 521 2906 577 bonos
2929 564 2943 587 ,
2965 533 3020 577 et
3047 524 3216 577 malos
3244 541 3342 578 na-

1779 611 1920 655 tura.
1944 601 2032 656 Ait
2057 605 2196 658 enim
2227 607 2292 660 ad
2325 608 2476 664 illos:
2508 608 2692 664 Facite
2718 629 2838 683 ergo
2871 613 3098 682 fructum
3127 616 3340 684 dignum

1775 693 2112 759 pmttitentirr.
2163 695 2326 764 Atqui
2367 699 2677 766 paenitentia
2714 701 2935 770 ejusque
2977 701 3188 757 fructus
3233 720 3339 757 non

1776 785 1973 837 cadunt
1993 824 2009 852 ,
2040 800 2216 855 neque
2244 789 2296 840 in
2325 804 2445 843 eum
2476 792 2562 859 qui
2599 806 2691 860 per
2715 794 3002 848 essentiam
3033 794 3202 848 malus
3228 794 3296 847 sit
3322 836 3338 860 ,

1776 891 1873 930 nec
1899 877 1989 946 qui
2016 887 2204 932 natura
2237 879 2425 934 bonus.
2461 882 2735 947 Quomodo
2763 884 2904 938 enim
2931 895 3050 954 eget
3078 886 3343 954 pteniten-

1775 968 1884 1031 tia,
1917 969 2122 1037 quiest
2170 985 2384 1040 semper
2423 973 2654 1040 probus?
2707 987 2800 1028 aut
2845 979 3110 1044 quomodo
3159 979 3205 1032 is
3248 979 3340 1046 qui

1772 1067 1962 1112 natura
1992 1061 2161 1116 malus
2187 1073 2298 1126 est,
2329 1063 2466 1118 bono
2489 1067 2821 1134 ptenitentite
2851 1069 3068 1122 utetur?
3093 1068 3224 1121 Nam
3250 1070 3340 1138 qui

1775 1165 1872 1218 per
1904 1153 2196 1206 essentiam
2237 1155 2411 1210 malus
2436 1165 2550 1222 est,
2579 1175 2607 1211 a
2637 1169 2856 1232 peccato
2887 1160 3080 1212 mutari
3109 1174 3213 1213 non
3248 1175 3341 1228 po-

1770 1250 1916 1306 test;
1949 1244 2040 1296 sed
2073 1259 2170 1298 uec
2214 1245 2318 1299 ulla
2362 1248 2567 1303 utilitas
2620 1259 2703 1304 est
2755 1251 3016 1320 poenitere
3061 1251 3126 1306 de
3177 1252 3337 1305 bono.

1769 1330 2036 1386 Praeterea
2083 1349 2150 1388 ex
2188 1339 2422 1393 ostensis
2470 1341 2536 1394 al)
2565 1340 2682 1408 ipso
2711 1341 2977 1410 lapidibus
3005 1343 3340 1399 suscitandas

1771 1424 1848 1476 ait
1877 1425 2019 1480 lilios
2049 1428 2278 1483 Abrahae
2306 1447 2320 1494 ;
2351 1446 2540 1500 nempe
2569 1432 2771 1502 lapides
2799 1449 2995 1489 vocans
3031 1435 3256 1489 stolidos
3280 1447 3337 1489 et

1769 1516 2062 1580 vecordes,
2111 1531 2173 1571 ac
2227 1520 2316 1588 qui
2359 1521 2532 1575 adhuc
2589 1522 2638 1575 in
2693 1523 2893 1576 malitia
2945 1533 3336 1593 permanerent.

1769 1601 1879 1658 llos
1908 1606 2052 1660 enim
2104 1608 2152 1662 si
2204 1612 2518 1677 paenituerit
2562 1627 2624 1666 ac
2670 1611 2780 1667 Deo
2827 1615 3155 1670 crediderint
3193 1655 3209 1679 ,
3243 1616 3338 1669 ﬁlii

1769 1694 2004 1750 Abrahae
2043 1713 2243 1766 erunt;
2296 1705 2385 1772 qui
2443 1714 2724 1773 propterea
2771 1705 2931 1759 homo
2967 1709 3056 1760 Dei
3101 1709 3335 1773 audivit,

55 1767 126 1818 Εἰ
155 1768 282 1836 γὰρ
320 1771 712 1840 μετανοήσαιεν
736 1767 902 1837 οὗτοι,
927 1779 1019 1829 καὶ
1048 1779 1394 1833 πιστεύσαιεν
1421 1781 1500 1850 τῷ
1528 1781 1665 1852 Θεῷ,

1777 1786 1910 1853 quod
1948 1788 2000 1841 in
2049 1788 2216 1844 Deum
2263 1767 2594 1860 crediderit,
2637 1796 2770 1850 adeo
2815 1807 2870 1849 ut
2917 1797 3049 1852 lides
3091 1809 3334 1866 repntata

54 1859 250 1912 τέκνα
285 1859 386 1913 τοῦ
426 1861 676 1933 Ἀϐραάμ
704 1863 936 1930 ἔσονται,
966 1869 1024 1931 ὃς
1064 1870 1150 1923 διὰ
1180 1872 1337 1925 τοῦτο
1382 1873 1665 1944 ἄνθρωπος

1772 1877 1839 1929 sit
1865 1878 1910 1930 ei
1945 1880 2009 1932 ad
2035 1880 2298 1947 justitiam
2333 1885 2397 1937 οδ.

53 1951 212 2005 Θεοῦ
242 1953 364 2023 (55)
398 1955 780 2026 ἐχρημάτισεν,
815 1957 896 2009 δτι
931 1959 1246 2013 ἐπίστευσεν
1315 1964 1392 2024 είς
1457 1962 1615 2014 αὐτὸν
1669 1960 1759 2014 τὸν
1797 1962 1946 2031 Θεὸν,
2005 1967 2080 2030 ὡς
2144 1969 2240 2023 τὴν
2291 1972 2471 2025 πίστιν
2527 1973 2688 2025 αυτοῦ
2737 1975 2816 2036 εἰς
2860 1975 3202 2045 δικαιοσύνην
3255 1975 3341 2028 λο-

54 2042 368 2114 γιεθῆναι.

850 2139 977 2195 CAP.
1018 2139 1158 2195 XVI.
1202 2141 1474 2196 Genimina
1509 2144 1799 2212 viperarum
1830 2144 1976 2214 facti,
2015 2149 2104 2209 qui
2131 2152 2322 2218 posteri
2351 2151 2596 2208 Abrahae.

148 2233 326 2286 Ἐπεὶ
355 2232 410 2286 δὲ
441 2234 658 2287 κάκεῖνο
691 2233 1000 2302 ἠκούσαμεν
1041 2232 1330 2303 λεγόμενον
1372 2234 1464 2285 ὑπ’
1487 2234 1665 2287 αὐτῶν

57 2327 219 2396 πρὸς
250 2326 382 2389 τοὺς
419 2327 478 2377 ἐκ
505 2325 598 2378 τοῦ
639 2326 890 2398 Ἁϐραάμ
915 2325 1007 2378 καὶ
1056 2325 1161 2378 τῶν
1194 2325 1366 2379 ἄλλων
1395 2327 1564 2394 ἁγίων
1585 2328 1671 2382 άν-

58 2416 223 2486 δρῶν
252 2415 705 2486 γεγεννημένους,
733 2417 814 2479 τὸ,
880 2417 1105 2484 "Oscam,
1159 2415 1500 2484 γεννήματα
1547 2418 1660 2486 ἐχι-

58 2505 266 2572 δνῶν,
284 2507 599 2577 λεγόμενον,
618 2507 825 2578 ἐχίδνας
841 2506 966 2568 τοὺς
981 2506 1124 2576 ἀμφὶ
1139 2507 1226 2558 τὸν
1243 2507 1444 2577 Ἀϐραὰ
1454 2526 1491 2577 μ
1507 2508 1670 2578 δηλοῖ-

59 2599 327 2652 ῐστωσαν
358 2597 636 2669 μαχόμενα
682 2601 747 2668 τῇ
785 2597 1079 2669 ἀκολουθίᾳ
1118 2597 1210 2650 τοῦ
1240 2598 1532 2667 κεφαλαίου
1582 2600 1670 2652 λέ-

66 2710 298 2762 γοντες.
359 2693 599 2763 Ἐλέγχει
646 2692 754 2762 γὰρ
803 2693 1020 2756 αὐτοὺς,
1060 2693 1136 2755 ὡς
1171 2693 1245 2762 μὴ
1280 2691 1374 2744 τοῦ
1423 2693 1670 2763 Ἀϐραάμ

59 2785 267 2847 ὂντας,
327 2783 446 2837 ἀλλ’
496 2782 720 2854 ἐχιδνῶν
771 2785 1114 2852 γεννήματα,
1174 2782 1668 2852 προσποιουμένους

60 2877 166 2928 καὶ
213 2875 397 2946 μάτην
421 2874 719 2944 αὐχοῦντας
754 2869 1006 2925 εἷναιτοῦ
1052 2872 1320 2942 Ἀϐραάμ.
1364 2873 1524 2941 Λέγει
1559 2873 1665 2942 γὰρ

60 2970 125 3021 ἐν
168 2971 355 3038 ἑτέρῳ
382 2967 658 3038 κεφαλαίῳ
679 2968 910 3039 ὁΣωτὴρ
942 2967 1072 3038 πρὸς
1108 2965 1301 3028 αὐτούς
1329 2965 1457 3036 (54)-
1489 2965 1667 3018 Τοῦτο

72 3060 356 3128 Ἀϐραὰμ
395 3062 505 3113 οὐκ
542 3061 831 3127 ἐποίησεν
882 3059 960 3128 (ὃν
1015 3059 1198 3126 λέγετε
1253 3059 1462 3128 πατέρα
1514 3056 1667 3128 ὑμῶν

61 3149 224 3206 εἶναι
255 3152 616 3222 ψευδόμενοι).
643 3154 711 3204 El
750 3151 861 3221 γὰρ
885 3151 1066 3204 τέκνα
1107 3146 1212 3220 ἦτε
1239 3149 1345 3202 τοῦ
1391 3149 1664 3217 Ἀϐραὰμ,

62 3243 341 3297 ἐποιεῖτε
370 3242 448 3296 ἂν
477 3245 582 3296 τοῦ
627 3242 884 3312 Ἀϐραὰμ
917 3243 986 3296 τὰ
1015 3241 1175 3310 ἔργα.
1225 3242 1374 3293 Ἀλλ’
1406 3239 1573 3310 ὑμεῖς
1596 3240 1665 3292 ἐκ

64 3335 190 3390 τοῦ
219 3335 447 3402 πατρὸς
472 3333 637 3404 ὑμῶν
666 3336 804 3388 ἐστε
839 3333 944 3388 τοῦ
973 3333 1276 3394 διαϐόλου,
1299 3330 1394 3384 καὶ
1421 3331 1523 3396 τὰς
1553 3329 1678 3382 ἐπι--

66 3428 306 3495 θυμίας
337 3424 440 3480 τοῦ
473 3425 696 3494 πατρὸς
730 3424 894 3493 ὑμῶν
924 3423 1124 3477 θέλετε
1163 3421 1372 3475 ποιεῖν.
1412 3419 1668 3505 Ἐκεῖνος

67 3521 194 3587 γὰρ
226 3518 723 3585 ἀνθρωποκτόνος
755 3517 926 3569 ἐστὶν
963 3515 1064 3569 ἀπ’
1112 3511 1325 3582 ἀρχῆς,
1366 3513 1463 3564 καὶ
1493 3513 1560 3564 ἐν
1593 3511 1668 3580 τῇ

66 3610 342 3676 ἀληθείᾳ
397 3610 509 3675 οὺχ
557 3594 833 3674 ἕστηκεν.
887 3601 959 3658 Εὖ
990 3605 1044 3657 δὲ
1075 3605 1166 3658 καὶ
1215 3603 1274 3655 τὸ
1315 3605 1506 3668 εἰπεῖν,
1545 3605 1666 3669 Οὐχ

69 3702 376 3765 ἕστηκεν,
409 3697 621 3760 δεικνὺς
656 3696 816 3749 αὑτὸν
864 3695 1124 3766 πρότερον
1161 3695 1446 3762 ἱστάμενον
1493 3693 1550 3746 ἐν
1600 3694 1665 3762 τῇ

72 3789 340 3861 ἀληθείᾳ.
368 3789 590 3860 Πατέρα
610 3789 663 3841 δὲ
686 3787 864 3840 αὐτῶν
885 3786 1034 3854 λέγει
1059 3786 1147 3838 τὸν
1172 3785 1432 3845 διάϐολον,
1463 3783 1549 3836 διὰ
1570 3783 1668 3852 τὴν

70 3881 350 3951 ὁμοίωσιν
370 3880 470 3949 τῆς
499 3879 706 3950 τροπῆς
736 3879 829 3932 καὶ
855 3879 951 3946 τῆς
978 3876 1461 3948 ποιότητος-Ὥστε
1487 3875 1545 3926 οὐ
1576 3875 1668 3926 τὸν

86 3971 356 4042 ’Δϐραὰμ
386 3971 481 4024 καὶ
528 3972 654 4034 τοὺς
714 3971 810 4023 σὺν
847 3968 993 4039 αὑτῷ
1031 3968 1217 4036 ἁγίους
1255 3967 1466 4038 ἐχίδνας
1498 3963 1665 4019 εἶπεν.

85 4065 197 4117 Ἐκ
221 4061 526 4132 μεταϐολῆς
572 4062 679 4133 γὰρ
709 4060 863 4130 ἔσχον
902 4062 1077 4118 τοῦτο,
1120 4059 1180 4111 τὸ
1210 4059 1314 4110 υἱοὶ
1341 4057 1560 4128 ἐχιδνῶν
1592 4055 1668 4110 εἶ-

73 4173 202 4217 ναι,
235 4153 326 4206 διὰ
371 4152 433 4206 τὸ
457 4152 652 4216 αὐτοὺς
683 4155 936 4227 πονηροῖς
963 4150 1264 4222 κεχρῆσθαι
1309 4149 1666 4212 διδασκάλοις,

75 4247 160 4308 ὡς
195 4245 440 4315 εἴρηται,
485 4242 625 4296 κατὰ
683 4244 816 4296 ἰδίαν
852 4243 1190 4314 προαίρεσιν.
1243 4241 1403 4309 Λέγει
1445 4241 1670 4295 τοίνυνό

1846 2239 1978 2305 Quia
2003 2255 2129 2294 vero
2161 2240 2287 2293 illud
2313 2244 2474 2296 etiam
2507 2247 2573 2299 ab
2601 2245 2717 2300 istis
2755 2246 2954 2302 dictum
2997 2247 3325 2309 audivimus.

1776 2329 1828 2382 in
1861 2343 1953 2383 eos
1982 2331 2072 2398 qui
2100 2345 2162 2385 ex
2193 2330 2465 2387 Abraham
2499 2345 2552 2388 et
2575 2337 2696 2390 aliis
2718 2339 2919 2393 sanctis
2943 2339 3070 2392 viris
3098 2342 3336 2407 generati

1774 2430 1927 2487 sunt;
1958 2422 2112 2489 quasi
2142 2423 2394 2476 nimirum
2431 2426 2691 2491 dicendo,
2741 2426 3032 2496 Serpentes,
3073 2433 3339 2498 progenies

1771 2511 2108 2578 viperarum,
2194 2513 2563 2569 Abrahamum
2629 2527 2959 2588 nepotesque
3033 2519 3336 2588 signiﬁcet;

1770 2601 1982 2655 discant
2009 2603 2093 2656 isti
2125 2605 2418 2673 pugnantia
2451 2622 2507 2660 se
2528 2607 2670 2676 loqui
2698 2611 3098 2679 consequentiae
3124 2613 3332 2680 capitis.

1765 2690 1954 2760 Argnit
1977 2691 2119 2745 enim
2154 2703 2207 2745 et
2237 2694 2525 2762 vituperat,
2554 2698 2694 2765 quod
2722 2714 2824 2751 non
2851 2712 3032 2754 essent
3056 2701 3146 2754 lilii
3174 2702 3338 2754 Abra-

1769 2782 1874 2843 hze.
1928 2784 2020 2837 sed
2077 2785 2166 2854 qui
2205 2786 2489 2855 progenies
2528 2787 2862 2857 viperarum,
2905 2792 3100 2845 frustra
3153 2807 3337 2846 semen

1774 2873 2006 2928 Abrahre
2036 2875 2378 2942 prwierrent',
2411 2894 2584 2948 eoque
2614 2881 2977 2951 gloriarentur
3004 2899 3067 2938 ac
3099 2884 3199 2938 sibi
3224 2885 3338 2952 pla-

1773 2969 1979 3012 cerent.
2006 2961 2096 3014 Ait
2136 2965 2278 3017 enim
2312 2967 2378 3017 ad
2412 2981 2505 3019 eos
2548 2966 2798 3022 Salvator
2835 2970 2885 3022 in
2928 2973 3032 3025 alio
3057 2975 3291 3042 capitulo
3321 2989 3335 3026 :

1774 3047 1888 3103 Hoc
1934 3053 2196 3107 Abraham
2251 3073 2352 3110 non
2400 3059 2543 3126 fecit,
2615 3077 2770 3128 quem
2809 3077 2904 3116 vos
2957 3064 3094 3118 falso
3128 3076 3334 3133 patrem

1773 3151 2006 3196 vestrum
2061 3159 2180 3199 esse
2224 3146 2422 3203 dicitis.
2462 3149 2524 3205 Si
2565 3152 2701 3204 enim
2732 3152 2834 3219 ﬁlii
2880 3154 3336 3221 Abrahw‘essetis,

1771 3249 1925 3302 opera
1949 3236 2175 3292 Abrahae
2211 3241 2470 3306 faceretis.
2504 3241 2607 3296 Sed
2636 3260 2721 3296 vos
2749 3260 2813 3297 e1:
2843 3256 2990 3313 patre
3018 3257 3182 3300 vestro
3215 3248 3334 3299 dia-

1770 3323 1886 3377 bolo
1912 3328 2059 3392 estis,
2087 3339 2132 3381 et
2170 3330 2432 3383 desideria
2457 3334 2622 3399 patris
2654 3335 2808 3386 vestri
2839 3335 2990 3386 vultis
3012 3336 3202 3402 facere.
3237 3335 3337 3390 Ille

1769 3417 1904 3470 enim
1950 3418 2235 3472 homicida
2275 3432 2388 3474 erat
2439 3423 2502 3474 ab
2546 3423 2714 3489 initio,
2772 3434 2818 3478 et
2869 3426 2923 3477 in
2979 3429 3191 3479 veritate
3236 3443 3338 3479 non

1769 3509 1908 3561 stetit
1940 3509 2004 3563 ⁸⁷.
2040 3509 2149 3564 lloc
2188 3527 2396 3581 quoque
2442 3515 2697 3583 praeclare
2737 3516 2959 3580 dictum,
3015 3515 3080 3569 In
3126 3518 3338 3570 veritate

1772 3617 1871 3653 non
1889 3603 2044 3666 stetit,
2084 3618 2190 3670 quo
2224 3605 2371 3672 prius
2406 3605 2457 3658 in
2509 3607 2735 3659 veritate
2783 3607 2998 3660 stetisse
3045 3608 3333 3678 significat.

1772 3691 1986 3744 Patrem
2034 3705 2215 3746 autem
2249 3711 2434 3748 eorum
2470 3698 2678 3750 vocavit
2716 3697 3010 3760 diabolum,
3043 3697 3184 3767 quod
3218 3700 3335 3765 pari

1772 3796 1893 3834 cum
1927 3782 2016 3836 illo
2044 3785 2253 3838 ratione
2290 3786 2480 3839 mutati
2533 3797 2658 3841 sunt
2706 3803 2768 3841 ac
2811 3788 3072 3858 qualitate
3122 3787 3336 3844 imbuti.

1771 3873 2130 3938 Quamobrem
2165 3892 2270 3944 non
2310 3877 2579 3931 Abraham
2612 3889 2934 3947 sanctosque
2982 3879 3053 3932 illi
3101 3879 3338 3933 asseclas

1771 3968 1983 4034 viperas
2016 3967 2321 4036 appellavit.
2373 3968 2439 4023 Ut
2483 3971 2624 4024 enim
2661 3970 2752 4024 lilii
2785 3970 3091 4039 viperarum
3135 3978 3335 4034 essent,

1771 4071 1836 4110 ex
1877 4060 2175 4113 mutatione
2224 4059 2547 4128 habuerunt,
2588 4063 2789 4116 idcirco
2834 4063 2957 4132 quia
2999 4077 3094 4116 sua
3128 4071 3335 4130 sponte,

1771 4147 1929 4203 malis
1976 4151 2268 4219 magistris,
2329 4151 2469 4206 sicut
2515 4153 2717 4207 dictum
2766 4162 2868 4220 est,
2918 4153 2996 4208 usi
3046 4162 3189 4207 sunt.
3249 4152 3339 4206 Ait

1773 4238 1938 4308 igitur
1978 4240 2081 4295 illis
2116 4240 2388 4296 Joannes:
2421 4241 2864 4312 Quandoquidem
2926 4246 3101 4300 aversi
3156 4260 3184 4299 a
3230 4246 3339 4298 vir-

90 4337 360 4405 Ἰωάννης
386 4337 592 4399 αὐτοῖς’
644 4335 795 4387 Ἐπεὶ
824 4334 966 4387 κατὰ
999 4333 1296 4404 μεταϐολὴν
1317 4332 1413 4402 τὴν
1445 4332 1499 4398 ἐξ
1541 4334 1668 4403 ἀρε-

1777 4340 1905 4398 Iute,
1941 4345 2220 4402 serpentes
2248 4334 2362 4389 ﬁeri
2397 4335 2638 4389 voluistis
2684 4335 2704 4406 (
2729 4352 2831 4389 non
2862 4337 3004 4391 enim
3033 4353 3126 4406 per
3152 4353 3337 4393 esseu-

75 4427 185 4495 τῆς
213 4426 371 4495 ὄφεις
399 4423 700 4493 ἠθελήσατε
721 4423 971 4492 γενέσθαι
1021 4422 1161 4492 (οὐδὲ
1187 4423 1296 4493 γὰρ
1335 4421 1454 4475 καθ’
1485 4422 1671 4474 οὐσίαν

76 4515 227 4588 ἦσαν
253 4515 531 4586 τοιοῦτοι),
562 4515 839 4569 παύσασθε
869 4514 962 4568 τοῦ
989 4511 1127 4568 εἶναι
1154 4515 1372 4584 ἐχιδνῶν
1406 4516 1675 4586 γεννήμα-

77 4627 178 4670 τα,
215 4602 296 4661 ὧν
327 4608 621 4679 ἐθελήσατε
650 4609 749 4679 τὴν
779 4608 1037 4678 ποιότητα
1089 4607 1253 4677 ἔχειν.
1298 4608 1530 4677 Πονηροὶ
1568 4607 1676 4678 γὰρ

84 4703 154 4752 ὲκ
193 4698 476 4768 πονηρῶν,
495 4699 590 4750 καὶ
613 4699 784 4751 ἄδικοι
807 4698 867 4761 ἐξ
892 4698 1090 4750 ἀδίκων
1119 4697 1486 4750 ἐσπουδάσατε
1513 4693 1672 4751 εἶναι.

95 4789 244 4843 Ἀλλ’
280 4790 427 4848 ἐπεὶ,
458 4789 548 4842 διὰ
574 4791 635 4843 τὸ
665 4791 755 4843 ἐπὶ
783 4791 842 4842 τὸ
881 4789 1164 4860 βάπτισμα
1197 4789 1472 4860 ἔρχεσθαι,
1509 4807 1670 4860 μετα-

79 4882 239 4944 νοίας
273 4881 464 4948 λέγετε
498 4883 722 4950 σημεῖον
753 4881 960 4952 φέρειν,
995 4880 1378 4951 προσποιητῶς
1410 4880 1466 4933 δὲ
1515 4880 1674 4933 τοῦτο

83 4976 322 5038 ποιεῖτε,
355 4972 502 5041 λέγω
533 4974 681 5044 ὑμῖν
710 4974 806 5039 Τίς
819 4972 1133 5036 ὑπέδειξεν
1159 4971 1300 5041 ὑμῖν
1324 4971 1534 5040 φυγεῖν
1554 4972 1672 5024 ἀπὸ

82 5065 195 5132 τῆς
212 5068 573 5135 μελλούσης
601 5065 782 5135 ὀργῆς
805 5082 822 5128 ;
859 5066 916 5119 Ὀ
944 5065 1052 5136 γὰρ
1082 5063 1378 5135 μετανοῶν,
1409 5063 1498 5116 διὰ
1519 5063 1674 5116 τοῦτο

85 5160 368 5228 μετανοεῖ,
406 5157 492 5210 ἵνα
543 5159 740 5228 μηκέτι
770 5157 1097 5228 ἁμαρτάνων
1137 5155 1311 5225 φεύγῃ
1343 5155 1442 5226 τὴν
1483 5154 1675 5224 ἐσομέ-

156 5283 208 5316 ³⁸
251 5284 412 5338 “om.
445 5297 520 5347 tv,
556 5283 608 5336 5.
685 5283 731 5314 ⁸⁷
763 5280 918 5336 Joan.
947 5297 1069 5346 vin,
1100 5282 1287 5338 5944.

157 5420 279 5491 (53)
309 5421 658 5491 Ἀνθρωπίζ
684 5417 855 5473 Θεοῦ.
888 5418 944 5473 ln
979 5429 1159 5491 nostro
1184 5417 1500 5491 exemplari,
1521 5419 1672 5491 _ami_-

87 5487 180 5545 cus
219 5491 312 5542 Dei
351 5491 564 5557 legitur.
603 5489 923 5544 Turrianns.
958 5487 1164 5542 -—J:re.
1193 5489 1343 5542 ιι.ἓό
1376 5508 1386 5540 :
1434 5487 1540 5540 Kal.
1592 5488 1674 5554 φί-

87 5562 180 5623 λος
204 5559 344 5613 Θεοῦ
375 5559 599 5630 ἐκλήθη.
652 5560 741 5614 Sic
786 5569 842 5614 et
880 5559 919 5613 ll
965 5558 1139 5612 Paral.
1189 5573 1280 5624 xx,
1323 5559 1378 5620 7,
1424 5575 1521 5610 nec
1566 5573 1669 5610 non

91 5630 503 5770 l=a(bzihli:bc
548 5699 787 5765 αὐτούς·
817 5699 992 5753 τοῦτο
1021 5701 1165 5768 Ἀϐρ.
1208 5698 1280 5751 Ex
1329 5703 1475 5752 textu
1513 5695 1673 5750 Joan.

1773 4425 1899 4477 tiam
1944 4425 2074 4480 tales
2101 4426 2318 4495 erant),
2360 4427 2591 4481 desinite
2620 4441 2740 4482 esse
2775 4427 2955 4494 proles
3001 4429 3333 4494 viperarum,

1771 4531 1998 4585 quarum
2041 4516 2356 4586 qualitatem
2383 4518 2628 4573 voluistis
2666 4519 2886 4572 habere.
2920 4517 3042 4571 Mali
3093 4521 3235 4571 enim
3271 4533 3334 4572 ex

1775 4608 1955 4671 malis,
2001 4622 2174 4676 exque
2226 4609 2424 4676 iniquis
2471 4610 2641 4678 iniqui
2694 4624 2815 4663 esse
2865 4609 3173 4663 studuistis.
3233 4608 3336 4663 Sed

1773 4694 1896 4760 quia
1934 4693 2114 4748 dicitis
2144 4709 2238 4748 vos
2271 4697 2604 4763 pmnitentia:
2631 4697 2846 4765 signum
2874 4696 3035 4759 ferre,
3081 4695 3222 4764 quod
3270 4699 3339 4751 ad

1773 4787 2096 4854 baptismum
2147 4788 2372 4850 venitis;
2439 4788 2541 4842 hoc
2585 4799 2761 4842 autem
2815 4788 3066 4842 simulate
3124 4789 3334 4853 l‘acitis;

1774 4878 1893 4930 dico
1931 4877 2101 4942 vobis,
2135 4877 2266 4942 Quis
2291 4880 2511 4931 ostendit
2540 4877 2681 4933 vobis
2711 4877 2887 4946 [agere
2911 4894 2943 4928 a
2969 4887 3184 4931 ventura
3217 4877 3340 4930 ira?

1775 4969 1943 5035 Quem
1969 4969 2111 5023 enim
2145 4970 2384 5038 paenitet,
2410 4971 2528 5024 ideo
2551 4971 2799 5038 pmnitet,
2834 4978 2911 5032 ut,
2936 4971 3058 5023 dum
3080 4984 3185 5022 non
3216 4984 3332 5020 arn-

1775 5061 1915 5129 plius
1934 5070 2137 5128 peccat,
2158 5063 2289 5115 iram
2308 5077 2424 5128 quae
2448 5062 2623 5114 futura
2645 5070 2728 5115 est
2745 5059 3003 5115 adversus
3027 5070 3342 5130 peccatores

1777 5151 2016 5221 eﬂ‘ugiat.
2052 5153 2218 5222 Rogat
2251 5165 2452 5218 autem,
2482 5152 2611 5218 Qui:
2632 5153 2770 5206 vobis
2796 5154 3062 5209 ostendit?
3092 5161 3152 5205 ut
3174 5153 3340 5217 dicat,

1781 5433 1901 5481 vru,
1933 5417 2022 5482 60,
2063 5418 2204 5472 hunc
2243 5417 2418 5472 locum
2460 5419 2539 5473 sic
2569 5419 2938 5485 distinximus,
2969 5420 3192 5488 ejusque
3218 5435 3338 5472 ver-

1781 5491 1986 5542 sionem
2046 5489 2481 5541 relormavimns.
2546 5489 2832 5555 Perperam
2885 5501 3109 5556 uterque
3176 5491 3338 5540 inter-

1782 5575 1929 5623 pres,
1960 5558 2256 5628 'I‘urrianus
2281 5569 2334 5610 et
2362 5558 2717 5611 Comhelisius
2741 5577 2753 5611 :
2783 5559 2918 5628 πρὸς
2947 5560 3140 5619 αὐτοὺς
3161 5558 3334 5610 τοῦτο.

1780 5629 1932 5698 Ἀδρ.
1973 5658 2038 5668 --
2079 5628 2132 5681 lu
2162 5627 2268 5683 alio
2303 5629 2536 5697 capitulo
2564 5647 2579 5682 :
2615 5627 2875 5682 Abraham
2901 5646 3001 5682 non
3027 5630 3168 5696 fecit.
