3774 6308
436 327 570 380 H07

1660 309 1895 365 DIDYMI
1933 308 2404 365 ALEXANDRINI

3556 307 3673 361 tios

432 438 524 506 qui
553 438 707 491 docet
737 447 861 487 vere
884 446 913 485 a
947 430 1085 485 malo
1122 426 1374 483 recedere
1398 468 1413 491 ,
1466 438 1573 477 non
1605 438 1719 477 rem
1751 422 2005 477 simulate
2036 434 2079 490 Α
2106 439 2203 491 νην

2128 439 2203 491 νην
2228 420 2369 472 κατά
2417 418 2526 471 τῶν
2568 418 2993 490 αμαρτανόντων
3023 418 3212 487 ὀργην.
3257 418 3587 475 Πυνθάνεται
3626 428 3668 477 δὲ

436 538 727 597 ρτιεειοτε;
775 540 869 579 vos
898 534 1078 577 autem
1108 538 1229 576 cum
1265 518 1612 574 simulatione
1646 515 1844 578 facitis,
1878 514 2005 567 dum

435 622 501 673 ad
530 619 849 686 baptismum
886 614 1167 669 acceditis.
1226 610 1340 665 Non
1385 609 1549 677 igitur
1592 604 2003 660 mundabimini.

436 709 535 775 Qui
569 708 711 760 enim
750 705 861 757 vult
890 719 1016 758 vere
1046 700 1316 760 mandari,
1355 713 1384 751 a
1409 696 1649 767 peccatis
1688 694 1918 757 desistit,
1954 703 2009 747 et

436 798 741 869 bujusmodi
776 797 1007 849 fructum
1043 792 1373 863 poenitentiae
1401 788 1576 856 aﬂert,
1609 788 1815 841 faciens
1842 801 2006 854 opera

438 891 640 943 habitui
693 888 899 956 peccati
942 887 1232 940 contraria.
1287 883 1393 937 Vos
1433 882 1710 936 enimvero
1764 880 1864 933 hoc
1905 894 2008 931 non

439 979 666 1041 fecistis,
726 978 816 1047 qui
883 979 980 1045 ipsi
1027 992 1121 1029 vos
1181 977 1329 1043 ipsos
1394 971 1815 1035 condemnastis,
1882 969 2010 1021 dum

438 1072 639 1124 habere
668 1084 762 1121 vos
788 1067 1057 1121 Abraham
1102 1077 1309 1134 patrem
1343 1064 1541 1119 dicitis.
1596 1060 1709 1116 Non
1740 1062 1883 1114 enim
1913 1060 2013 1112 hoc

439 1176 534 1214 vos
561 1159 789 1227 juvabit,
816 1157 955 1227 quod
985 1157 1216 1212 Abrahae
1242 1156 1335 1208 lilii
1364 1152 1726 1217 aestimemini,
1754 1150 1846 1205 sed
1873 1148 2013 1218 quod

437 1253 555 1322 ejus
584 1252 673 1305 filii
710 1252 827 1305 sitis
867 1266 928 1306 ea
961 1251 1170 1304 ratione
1194 1290 1208 1313 ,
1244 1249 1389 1319 quod
1445 1247 1612 1315 ipsius
1647 1244 1803 1298 fidem
1849 1251 1901 1295 et
1947 1242 2013 1295 ab

440 1344 597 1398 idolis
632 1343 812 1411 fugam
859 1343 1209 1397 temulemini.
1253 1338 1636 1408 Quamobrem,
1669 1334 1879 1389 tametsi
1915 1333 2015 1385 ali—

443 1428 661 1498 quando
707 1429 801 1482 ﬁlii
842 1429 1077 1483 Abraha:
1130 1429 1325 1491 fuistis,
1366 1442 1471 1480 non
1528 1427 1630 1480 hoc
1684 1439 1775 1478 vos
1835 1422 2015 1477 salvos

439 1518 617 1573 faciet.
652 1519 785 1574 Nam
818 1530 872 1574 et
910 1535 1003 1574 eos
1046 1522 1135 1589 qui
1182 1535 1286 1572 non
1342 1529 1468 1572 sunt
1515 1531 1658 1571 nunc
1721 1516 1836 1583 ejus
1894 1514 2014 1577 filii,

438 1621 615 1679 potest
676 1610 818 1664 Deus
880 1611 1049 1679 ipsius
1112 1610 1249 1665 ﬁlios
1301 1610 1501 1664 facere.
1557 1608 1736 1673 Quare
1787 1606 2014 1661 salutem

441 1705 797 1770 consequitur
849 1704 941 1771 qui
998 1702 1214 1755 virtutis
1248 1701 1550 1755 rationibus
1593 1698 1827 1754 Abrahae
1877 1697 2017 1751 filius

2105 511 2186 576 τὸ,
2222 512 2317 574 Τίς
2374 509 2517 578 ὑμῖν
2568 510 2919 575 ὑπέδειξεν;
2961 510 3049 562 ἵνα
3077 509 3207 582 εἴπῃ
3241 510 3270 561 6
3296 512 3534 580 γνησίως
3570 516 3673 568 ὑπο

2107 604 2321 666 δεικνὺς
2352 602 2551 665 κακίας
2574 603 2898 672 ἀναχωρεῖν,
2949 601 3011 654 οὐ
3047 604 3411 673 προσποιήσει
3441 604 3590 656 τοὴ
3610 606 3676 671 γί-

2110 694 2316 747 νεσθαι.
2378 694 2568 764 Ὑμεῖς
2604 693 2659 746 δὲ
2716 694 2871 746 τοῦτο
2915 697 3116 747 ποιεῖτε
3156 696 3280 765 μεθ’
3332 697 3677 766 ὑποκρίσεως,

2111 788 2203 838 ἐπὶ
2228 786 2287 838 τὸ
2335 785 2692 855 βαπτίζεσθαι
2717 787 3021 857 ἐρχόμενοι.
3054 789 3166 841 Οὐκ
3206 788 3319 857 ἄρα
3356 787 3678 858 καθαρθήτεο

2114 880 2225 930 σθε.
2266 878 2325 930 '0
2372 876 2480 949 γὰρ
2539 877 2753 947 ἀληθῶς
2815 876 3155 949 καθαρθῆναι
3204 878 3536 949 βουλόμενος
3591 881 3681 946 ἀει

2116 970 2331 1024 ίσταται
2379 972 2817 1041 ἁμαρτημάτων,
2858 972 2950 1024 καὶ
3006 973 3104 1041 τῆς
3133 974 3392 1042 τοιαύτης
3421 974 3678 1041 μετανοίας

2122 1063 2330 1133 καρπὸν
2361 1064 2533 1135 φέρει,
2565 1064 2635 1116 τὰ
2666 1064 2763 1133 τῆς
2785 1064 3031 1127 ἐναντίας
3052 1068 3118 1135 τῇ
3144 1066 3392 1135 ἁμαρτία
3422 1065 3584 1129 ἕξεως
3608 1067 3680 1135 ἑρ-

2115 1171 2185 1221 γα
2228 1154 2415 1207 ποιῶν.
2478 1154 2637 1207 Ἀλλὰ
2675 1155 2833 1207 τοῦτο
2881 1156 2977 1227 μὲν
3030 1156 3186 1225 ὑμεῖς
3226 1158 3287 1209 οὐ
3337 1158 3681 1225 πεποιήκατε,

2116 1247 2341 1307 ἑαυτοὺς
2417 1247 2878 1317 κατακρίναντες,
2955 1247 3253 1315 φάσκοντες
3327 1249 3550 1317 πατέρα
3606 1250 3681 1299 τιν

2128 1337 2376 1407 ’Λὸραὰμ
2416 1336 2577 1406 ἔχειν.
2629 1338 2765 1392 Ἀλλ’
2816 1340 2876 1392 οὐ
2931 1338 3075 1391 τοῦθ’
3109 1340 3256 1409 ὑμᾶς
3299 1339 3593 1410 ὠφελήσει,
3633 1344 3681 1391 τὲ

2114 1428 2320 1482 οἴεσθαι
2349 1429 2512 1481 τέκνα
2555 1429 2648 1482 τοῦ
2693 1430 2943 1501 Ἀϐραὰμ
2974 1427 3133 1493 εἶναι,
3166 1431 3302 1484 ἀλλὰ
3334 1432 3399 1483 τὸ
3434 1429 3571 1483 εἶναι
3604 1435 3681 1482 1".-

2114 1520 2208 1573 τοῦ
2231 1520 2417 1583 τέκνα,
2460 1521 2553 1574 καὶ
2585 1524 2651 1593 τῇ
2698 1522 2878 1575 πίστει
2914 1524 3007 1575 καὶ
3034 1526 3098 1593 τῇ
3123 1523 3228 1575 ἀπὸ
3260 1524 3501 1575 εἰδώλων
3534 1527 3678 1593 φυῇ.

2116 1602 2235 1666 Κᾶν
2268 1613 2447 1666 τοίνυν
2475 1614 2603 1667 ποτέ
2638 1615 2806 1668 τέκνα
2856 1616 2949 1668 τοῦ
2994 1616 3246 1687 ’Δόραὰμ
3298 1617 3589 1684 γεγόνατε,
3632 1620 3678 1667 οὐ

2116 1705 2275 1759 τοῦτο
2310 1708 2452 1777 ὑμᾶς
2490 1707 2673 1771 σώσει.
2704 1708 2814 1759 Καὶ
2861 1708 2969 1778 γὰρ
3002 1709 3124 1771 τοὺς
3153 1708 3248 1761 νῦν
3307 1707 3384 1778 μὴ
3416 1700 3576 1769 sui;
3604 1709 3682 1759 αὖ·

440 1804 546 1859 est,
578 1812 681 1848 non
713 1795 803 1863 qui
831 1795 954 1863 ejus
986 1794 1280 1848 secundum
1318 1807 1536 1848 carnem
1582 1790 1752 1845 solum
1801 1790 2009 1843 exstitit
2042 1788 2085 1842 Β
2110 1798 2201 1850 τοῦ

2128 1798 2201 1850 τοῦ
2233 1799 2395 1851 τέκνα
2424 1798 2642 1851 δύναται
2672 1801 2700 1851 6
2723 1799 2854 1862 Θεὸς
2876 1799 3039 1852 τέκνα
3063 1798 3224 1851 αὐτοῦ
3268 1799 3518 1869 ποιῆσαι.
3543 1802 3681 1851 Ὠς-ει

440 1886 602 1938 filius.
641 1885 793 1951 Quod
827 1900 871 1938 SI
904 1886 1136 1952 exstitit,
1161 1901 1227 1939 ne
1253 1884 1510 1955 glorietur
1532 1883 1740 1951 sibique
1775 1882 2011 1951 placeat:

441 1988 524 2032 est
548 1979 691 2032 enim
722 1993 807 2032 res
834 1977 1097 2045 ejusmodi
1146 1994 1265 2047 qua:
1308 1978 1379 2031 sit
1414 1976 1517 2029 alia
1549 1976 1655 2029 alio
1690 1975 1912 2029 decidua
1953 1989 2015 2028 ac

441 2069 676 2136 proclive
730 2079 986 2123 mutetur.
1046 2068 1287 2137 Denique
1341 2067 1535 2137 quibus
1589 2067 1752 2120 etiam
1810 2067 1860 2119 id
1908 2081 2013 2119 non

444 2161 657 2229 obtigit,
710 2170 963 2229 poterunt
1022 2175 1357 2229 comparare.
1412 2158 1545 2212 Nam
1591 2168 1644 2214 et
1691 2157 1886 2212 Paulus
1934 2157 2018 2211 his

442 2266 579 2317 quos
638 2265 802 2306 carne
849 2268 955 2305 non
1006 2261 1287 2320 genuerat,
1326 2252 1501 2307 dicit:
1535 2250 1599 2304 In
1644 2249 1854 2306 Christo
1924 2265 2016 2317 per

442 2339 784 2410 Evangelium
818 2359 909 2411 ego
940 2359 1025 2396 vos
1054 2345 1207 2412 genui
1246 2343 1309 2394 ⁸⁸.

2122 1888 2394 1953 σώζεταιό
2417 1890 2490 1942 ὣν
2524 1890 2619 1943 τοῦ
2655 1890 2907 1962 Ἀϐραὰμ
2951 1891 3141 1942 τέκνον
3184 1892 3329 1944 κατὰ
3361 1892 3461 1962 τὴν
3478 1893 3680 1961 ἀρετὴν,

2116 1982 2213 2051 οὐχ
2247 1984 2274 2033 ὁ
2296 1982 2583 2052 γενόμενος
2612 1981 2776 2035 αὑτοῦ
2806 1983 2991 2037 τέκνον
3021 1984 3161 2037 κατὰ
3188 1985 3369 2054 σάρκα
3397 1985 3578 2054 μόνον,
3599 1984 3682 2036 κᾶν

2116 2072 2174 2125 δὲ
2204 2072 2451 2141 γένηται,
2498 2072 2575 2143 μὴ
2606 2074 2748 2141 μέγα
2781 2074 3065 2144 φρονείτω·
3108 2074 3461 2144 μετάπτωτον
3506 2074 3611 2143 γὰρ
3636 2074 3682 2123 τὸ

2118 2162 2345 2215 τοιοῦτο.
2395 2163 2610 2232 Ἀμέλει
2654 2164 2783 2231 γοῦν
2822 2163 2914 2216 καὶ
2941 2164 2989 2215 οἱ
3044 2164 3117 2235 μὴ
3149 2164 3364 2234 ἔχοντες
3398 2164 3529 2215 αὐτὸ
3571 2166 3682 2232 κτή-

2122 2253 2314 2306 σασθαι
2368 2254 2498 2306 αὐτὸ
2548 2255 2886 2325 δυνήσονται.
2922 2255 3032 2307 Καὶ
3087 2256 3197 2326 γὰρ
3244 2257 3274 2307 6
3326 2255 3557 2317 Παῦλος,
3605 2254 3683 2313 ei;

2120 2349 2185 2416 τῇ
2237 2346 2400 2416 σαρκὶ
2449 2347 2510 2399 οὐ
2546 2346 2892 2415 γεγέννηκεν,
2932 2345 3100 2414 λέγει·
3166 2348 3269 2400 Ἐν
3316 2348 3427 2416 γὰρ
3472 2344 3682 2414 Χριστῷ

2120 2434 2219 2488 διὰ
2246 2435 2350 2489 τοῦ
2394 2437 2760 2506 Εὐαγγελίου
2794 2435 2906 2507 ἐγὼ
2940 2435 3089 2505 ὑμᾶς
3113 2437 3435 2507 ἐγέννησα.

730 2540 858 2599 Car.
902 2543 1059 2599 XVII.
1084 2544 1358 2609 Peccator,
1388 2547 1438 2598 in
1469 2562 1527 2601 eo
1553 2545 1663 2614 ipso
1690 2546 1828 2613 quod
1856 2556 2053 2613 peccat,
2076 2563 2304 2616 prarseus
2338 2549 2487 2603 habet
2522 2552 2836 2619 supplicium
2859 2566 2961 2618 quo
2986 2561 3060 2603 est
3096 2553 3414 2620 afﬁciendus.

524 2635 721 2691 Verum
760 2654 880 2691 cum
920 2638 1031 2693 Iure
1082 2639 1300 2701 auditis,
1339 2654 1404 2692 ne
1442 2640 1823 2703 contenmatis,
1864 2639 2019 2707 quasi

446 2732 525 2782 ira
564 2730 613 2783 in
646 2740 958 2798 peccatores
992 2730 1316 2784 retardetur.
1368 2728 1485 2784 Jatn
1541 2731 1685 2783 enim
1736 2730 1906 2783 malus
1966 2731 2023 2782 in

446 2839 514 2875 eo
567 2822 683 2889 ipso
731 2824 873 2889 quod
914 2832 1119 2890 peccat,
1169 2837 1408 2890 priesens
1459 2822 1779 2889 supplicium
1835 2822 2019 2887 habet,

444 2912 536 2982 qui
576 2912 689 2981 ejus
716 2928 841 2967 reus
880 2914 1102 2967 exsistat
1128 2930 1191 2967 ac
1220 2926 1397 2981 pinnae
1422 2912 1706 2967 obnoxius.
1737 2912 2018 2978 Quamob-

2201 2643 2360 2696 Ἀλλὰ
2390 2642 2541 2695 ταῦτ’
2570 2642 2858 2706 ἀκούοντες
2905 2643 2980 2715 μὴ
3021 2647 3431 2714 καταφρονεῖτε,
3463 2644 3540 2707 ὠς
3578 2645 3685 2713 3g:-

2116 2734 2377 2805 δυνούσης
2408 2735 2506 2804 τῆς
2554 2735 2694 2788 κατὰ
2722 2735 2829 2787 τῶν
2862 2736 3283 2807 ἁμαρτανόντων
3334 2736 3527 2806 ὀργῆς.
3561 2738 3682 2805 Ἤδη

2117 2826 2226 2897 γὰρ
2280 2826 2345 2878 δι’
2399 2825 2563 2879 αὐτοῦ
2614 2825 2709 2879 τοῦ
2754 2826 3090 2895 ἁμαρτάνειν
3126 2828 3155 2879 6
3186 2826 3391 2894 φαῦλος
3421 2828 3681 2899 παροῦσαν

2118 2916 2229 2986 ἔχει
2260 2916 2356 2986 τὴν
2382 2916 2623 2978 κόλασιν,
2654 2916 2941 2979 κολαστέος
2979 2918 3258 2988 ὑπάρχων.
3292 2920 3369 2970 Δι’
3405 2919 3433 2969 ὃ
3459 2921 3569 2971 ίστε
3599 2920 3683 2987 τὴν

448 3018 561 3057 rem
616 3003 809 3057 scitote
850 3003 960 3070 jam
1006 3004 1236 3058 securim
1294 3005 1502 3059 radices
1550 3005 1806 3057 arborum
1849 3018 2013 3073 prope
2051 3000 2092 3057 C
2128 3010 2213 3075 ἀξί

2128 3010 2315 3079 ἀξίνην
2340 3009 2438 3079 ἤδη
2468 3011 2588 3072 ταῖς
2617 3009 2794 3080 ῥίζαις
2823 3006 3142 3077 ἐγγίζουσαν
3166 3010 3273 3062 τῶν
3297 3010 3549 3081 δένδρων.
3571 3013 3682 3062 Δέν-

448 3095 736 3167 attingere.
779 3095 1015 3149 Arbores
1063 3107 1243 3148 autem
1298 3106 1480 3159 vocat,
1530 3110 1633 3149 non
1675 3109 1810 3163 quas
1858 3108 2021 3149 sensu

448 3186 794 3255 percipimus,
848 3188 941 3240 sed
984 3188 1227 3242 homines
1261 3188 1391 3242 vitio
1436 3187 1777 3256 depravatos.
1819 3185 2022 3240 Harum

448 3288 627 3331 autem
672 3278 924 3333 arborum
995 3278 1146 3333 radix
1221 3279 1448 3348 pessima
1494 3278 1772 3346 dispositio
1812 3289 1915 3341 est,
1956 3294 2025 3333 ex

448 3384 553 3438 qua
585 3384 689 3423 non
720 3370 908 3423 edulus
936 3369 1162 3436 fructus,
1184 3373 1277 3425 sed
1316 3380 1606 3424 venenatus
1642 3370 1834 3425 oritur.
1873 3368 2026 3425 Hunc

450 3460 612 3529 igitur
638 3460 849 3513 vocavit
878 3459 1106 3516 fructum
1141 3478 1245 3515 non
1276 3462 1502 3515 bonum.
1538 3460 1741 3528 Itaque,
1779 3463 2025 3529 quamvis

449 3553 659 3607 securis
689 3552 1009 3621 supplicium
1039 3552 1284 3617 denotat,
1313 3568 1378 3606 ac
1404 3552 1543 3611 mala
1572 3552 1732 3605 arbor
1752 3551 2023 3605 hominem

448 3654 786 3712 peccatorem
815 3681 830 3707 ,
874 3658 979 3697 non
1034 3654 1160 3697 sunt
1198 3645 1316 3697 dua:
1351 3644 1432 3697 ha:
1467 3652 1671 3697 natura:
1701 3652 2023 3712 pugnantes.

450 3738 788 3791 lntentantur
818 3737 960 3789 enim
994 3736 1174 3801 minae,
1205 3746 1263 3790 ut
1296 3735 1517 3791 arbores
1562 3745 1855 3789 mutentur.
1890 3734 2023 3789 Nam

448 3827 543 3896 qui
598 3827 772 3882 minas
817 3827 1195 3894 peccatoribus
1252 3828 1511 3891 intentat,
1582 3826 1698 3896 ipsa
1756 3826 2024 3879 minarum

448 3918 809 3973 intentatione
837 3920 1031 3989 satagit
1062 3920 1130 3973 ad
1164 3920 1438 3975 meliorem
1472 3919 1678 3987 frugem
1708 3919 2025 3979 transferre.

450 4009 649 4077 Quare,
685 4012 731 4066 si
769 4015 1032 4066 intentata
1067 4027 1163 4081 per
1210 4013 1444 4066 securim
1475 4011 1664 4066 effetas
1707 4010 1929 4065 arbores
1961 4025 2025 4065 ac

451 4103 764 4170 clanguidas
801 4104 1110 4156 excisuram
1148 4104 1568 4156 comminatione
1593 4140 1609 4166 ,
1662 4102 1793 4171 ipsis
1835 4113 2026 4155 auctor

450 4202 554 4256 est,
584 4194 918 4261 inducitque,
952 4204 1009 4247 ut
1038 4209 1143 4247 non
1171 4195 1368 4247 malum
1389 4233 1405 4257 ,
1436 4196 1528 4248 sed
1562 4195 1796 4249 fructum
1825 4193 2025 4249 bonum

450 4283 659 4348 ferant;
707 4299 805 4339 nec
833 4287 997 4341 arbor
1034 4286 1172 4339 mala
1200 4297 1391 4341 natura
1420 4297 1524 4351 εει,
1559 4302 1657 4341 nec
1682 4296 1875 4341 natura
1902 4301 2020 4340 mav

452 4370 561 4423 Ium
588 4374 926 4442 supplicium.

2124 3103 2225 3174 δρα
2252 3102 2307 3155 δὲ
2336 3104 2435 3155 οὐκ
2467 3103 2698 3174 αἰσθητὰ
2724 3103 2895 3172 λέγει,
2925 3104 3040 3157 ἁλλ’
3058 3102 3377 3174 ἀνθρώπους
3437 3104 3574 3156 κατὰ
3596 3122 3682 3156 κα-

2126 3194 2249 3247 κίαν
2272 3193 2691 3263 πεποιημένους.
2742 3194 2893 3257 Ῥίξα
2934 3194 2991 3246 δὲ
3022 3194 3131 3245 τῶν.
3166 3192 3397 3263 δένδρων
3429 3193 3627 3245 τούτων
3657 3196 3684 3263 ἡ

2125 3285 2371 3356 χειρίστη
2403 3285 2534 3349 ἕξις,
2571 3287 2665 3354 ἀφ’
2686 3281 2753 3356 ἦς
2779 3286 2989 3356 καρπὸς
3015 3288 3115 3339 οὐκ
3140 3284 3422 3356 ἐδώδιμος,
3456 3286 3586 3339 ἀλλὰ
3606 3287 3684 3353 δη-

2126 3374 2379 3445 λητήριος
2410 3375 2635 3442 γίνεται.
2662 3375 2832 3427 Αὑτὸν
2861 3373 2954 3427 οὖν
2994 3376 3055 3428 οὺ
3088 3375 3250 3429 καλὸν
3284 3378 3495 3445 καρπὸν
3524 3372 3679 3428 simu.

2127 3466 2245 3518 Κᾶν
2274 3466 2449 3518 τοίνυν
2472 3470 2507 3536 η
2526 3466 2685 3536 ἀξίνη
2711 3465 2808 3535 τὴν
2838 3466 3056 3519 κόλασιν
3078 3468 3352 3537 σημαίνει,
3380 3468 3513 3519 τὸδὲ
3537 3468 3684 3518 κακὸν

2125 3556 2337 3627 δένδρον
2391 3557 2481 3610 τὸν
2535 3557 2914 3628 ἁμαρτάνοντα
2958 3557 3262 3627 ἄνθρωπον,
3292 3558 3353 3610 οὺ
3403 3558 3684 3627 μαχόμεναι

2126 3645 2317 3713 φύσεις
2353 3639 2532 3698 αὗται·
2552 3646 2853 3698 ἀπειλεῖται
2876 3645 2984 3717 γὰρ
3010 3647 3044 3715 ἡ
3067 3645 3285 3707 κόλασις
3314 3646 3406 3697 ἐπὶ
3434 3642 3510 3714 τῷ
3541 3662 3685 3714 μετα-

2127 3735 2307 3788 ϐαλεῖν
2366 3736 2433 3788 τὰ
2480 3736 2693 3807 δένδρα.
2736 3737 2792 3789 '0
2844 3737 2951 3807 γὰρ
2992 3735 3229 3790 ἀπειλῶν
3284 3738 3396 3797 τοῖς
3454 3736 3681 3805 ἁμαρταο

2126 3844 2325 3891 νουσιν,
2357 3826 2425 3879 δι’
2450 3826 2619 3896 αὐτῆς
2656 3826 2753 3896 τῆς
2778 3827 3009 3895 ἀπειλῆς
3034 3826 3399 3897 μεταποιῆσαι
3436 3826 3680 3895 βούλεται.

2126 3920 2188 3971 El
2220 3919 2399 3971 τοίνυν
2429 3917 2515 3971 διὰ
2541 3919 2641 3987 τῆς
2657 3918 2886 3988 ἀπειλῆς
2909 3919 3005 3988 τῆς
3031 3918 3240 3987 ἁξίνης,
3276 3918 3374 3985 τῆς
3405 3916 3683 3986 μελλούσης

2124 4011 2414 4064 ἐκκόπτειν
2453 4010 2522 4062 τὰ
2558 4009 2745 4081 σαπρὰ
2787 4010 2999 4079 δένδρα,
3054 4008 3230 4061 πείθει
3261 4010 3461 4071 αὐτοὺς
3492 4006 3682 4059 παῦσα-

2128 4101 2250 4154 σθαι
2280 4100 2376 4154 τοῦ
2442 4102 2516 4171 μὴ
2566 4102 2736 4154 κακὸν
2791 4100 3001 4171 καρπὸν
3066 4100 3275 4170 φέρειν,
3324 4099 3463 4152 ἀλλὰ
3515 4098 3677 4151 καλόν·

2123 4196 2182 4248 οὐ
2210 4195 2368 4265 φύσει
2407 4194 2575 4248 κακὸν
2606 4195 2667 4246 τὸ
2698 4194 2935 4265 δένδρον,
2966 4191 3084 4244 οὐδὲ
3117 4191 3279 4260 φύσει
3333 4192 3481 4261 κακὴ
3535 4193 3571 4259 η
3606 4188 3682 4240 κο-

2124 4287 2299 4350 λασις.
3476 4320 3501 4325 ,

1336 4490 1465 4547 CAP.
1506 4490 1693 4545 XVIII.
1736 4490 2030 4545 Promistin
2053 4500 2101 4545 et
2130 4490 2444 4559 supplicium
2482 4498 2605 4543 sunt
2637 4489 2793 4542 bona.

524 4600 631 4657 Sed
704 4602 929 4657 fortasse
989 4605 1301 4658 dieeut:Si
1357 4620 1515 4675 pinna
1592 4614 1762 4658 mutat
1818 4604 2025 4668 malos,

450 4692 649 4747 bonum
688 4704 772 4748 est
806 4709 1016 4762 pinnam
1062 4711 1200 4749 esse.
1245 4695 1300 4749 Si
1346 4708 1525 4750 autem
1558 4694 1842 4764 castigatio
1888 4696 2026 4748 bona

450 4794 556 4849 est,
592 4784 825 4855 huicque
857 4787 1129 4841 contraria
1163 4788 1450 4856 promissio
1477 4795 1579 4852 est,
1616 4802 1713 4841 nec
1750 4786 2027 4839 contraria

451 4879 613 4945 simul
642 4882 778 4933 bona
814 4896 935 4935 esse
975 4891 1234 4949 possunt;
1264 4896 1393 4950 ergo
1425 4881 1563 4933 mala
1590 4889 1675 4935 est
1719 4880 2027 4948 promissio.

452 4970 549 5024 Sin
585 4980 762 5024 autem
795 4989 901 5025 non
933 4973 1058 5026 mali
1084 4982 1168 5026 est
1213 4974 1524 5043 promissio,
1562 4972 1657 5026 sed
1701 4971 1849 5034 boni,
1892 4970 2029 5024 mala

450 5060 558 5116 erit
584 5062 715 5116 ultio
765 5079 827 5116 ac
863 5078 1045 5132 paena.
1089 5064 1144 5118 Si
1177 5074 1357 5118 autem
1403 5062 1539 5115 mala
1572 5062 1724 5124 ultio,
1764 5078 1867 5115 non
1909 5077 2028 5116 eam

452 5154 618 5222 Deus,
644 5158 736 5209 sed
763 5156 1014 5223 Satanas,
1045 5157 1227 5211 infert.
1259 5156 1423 5211 Infert
1452 5166 1627 5210 autem
1657 5155 1885 5210 Satanas
1915 5168 2030 5224 pai-

453 5262 604 5311 nam,
640 5263 745 5301 non
775 5251 886 5302 suis
917 5266 931 5300 :
968 5258 1094 5302 sunt
1129 5250 1271 5302 enim
1300 5249 1442 5301 sicut
1470 5248 1604 5317 ipse,
1636 5245 1795 5312 mali;
1840 5260 1903 5298 ac
1934 5259 2029 5298 ne-

452 5352 609 5392 cesse
659 5348 742 5392 est
804 5340 973 5407 ipsum
1033 5355 1249 5409 quoque
1317 5354 1487 5410 pmna-
1556 5338 1770 5407 subjici.
1842 5336 2029 5389 Restat

454 5430 619 5498 igitur
659 5440 717 5482 ut
744 5432 881 5484 bono
908 5445 1125 5499 pmnam
1162 5432 1380 5486 inferat.
1422 5429 1527 5482 Sed
1577 5431 1677 5483 hoc
1712 5439 1793 5483 est
1829 5430 2027 5493 impos-

454 5520 631 5574 sibile.
682 5520 797 5574 Non
837 5535 962 5591 ergo
997 5524 1169 5576 malus
1208 5538 1421 5590 pinnam
1474 5522 1685 5589 infligit,
1737 5520 1829 5573 sed
1863 5518 2023 5570 Deus.

454 5610 722 5680 Quidquid
754 5625 930 5668 autent
962 5629 994 5667 a
1040 5615 1151 5668 Deo
1187 5614 1469 5682 infligitur,
1514 5612 1715 5666 utiliter
1744 5609 2018 5679 infligitur,

536 5773 579 5803 "
612 5770 627 5825 I
662 5770 783 5825 Cor.
822 5786 899 5836 iv,
943 5770 1028 5823 15.

2208 4604 2342 4656 Ἀλλ’
2368 4605 2495 4666 ἴσως
2523 4602 2757 4673 ἐροῦσιν·
2792 4602 2853 4654 Εἰ
2886 4601 3171 4671 μεταποιεῖ
3225 4598 3460 4667 φαύλους
3489 4599 3679 4669 igua:-

2128 4712 2228 4759 σις,
2274 4695 2477 4763 ἀγαθὸν
2523 4695 2692 4765 αὐτὴν
2747 4688 2907 4746 εἶναι·
2958 4695 3006 4744 εἰ
3050 4692 3105 4744 δὲ
3151 4694 3184 4761 ἡ
3236 4691 3455 4754 κόλασις
3478 4691 3678 4759 ἀγαθὸν.

2127 4790 2340 4841 ἐναντία
2372 4789 2429 4841 δὲ
2474 4787 2646 4857 ταύτῃ
2675 4790 2707 4857 ἠ
2746 4786 3065 4853 ἐπαγγελία,
3099 4785 3165 4836 τὰ
3198 4784 3253 4836 δὲ
3280 4784 3497 4836 ἐναντία
3522 4783 3579 4835 οὗ
3603 4782 3677 4834 δύο

2128 4896 2315 4933 νανται
2348 4878 2464 4946 ἆμα
2512 4875 2692 4944 ἁγαθὰ
2740 4872 2900 4927 εἶναι’
2950 4876 2985 4944 ή
3016 4875 3124 4943 ἄρα
3171 4874 3476 4941 ἐπαγγελία
3510 4874 3675 4925 κακὸν.

2128 4971 2219 5040 Μὴ
2244 4967 2414 5021 κακοῦ
2449 4968 2505 5020 δὲ
2539 4969 2639 5036 τῆς
2674 4965 3025 5033 ἐπαγγελίας,
3057 4964 3169 5017 ἀλλ’
3198 4964 3407 5031 ἀγαθοῦ
3452 4964 3677 5031 οὔσηςά

2128 5060 2345 5122 κόλασίς
2387 5062 2500 5111 ἐστι
2545 5057 2735 5112 κακόν.
2774 5058 2843 5110 Ei
2895 5056 2951 5109 δὲ
2990 5055 3159 5108 κακὸν
3189 5056 3223 5126 ἡ
3261 5055 3501 5116 κόλασις,
3532 5056 3621 5122 οὐχ
3658 5056 3677 5102 ὁ

2129 5151 2284 5215 Θεὸς,
2313 5150 2425 5203 ἁλλ’
2451 5152 2479 5203 ὁ
2526 5150 2772 5213 Σατανᾶς
2802 5150 2969 5221 αὐτὴν
3005 5147 3279 5218 ἐπιφέρει.
3325 5146 3597 5215 Ἑπιφέρει
3634 5143 3677 5193 δὲ

2126 5245 2155 5295 ὁ
2183 5242 2425 5304 Σατανᾶς
2452 5242 2547 5313 τὴν
2584 5241 2805 5295 κόλασιν
2833 5242 2894 5294 οὐ
2924 5243 3034 5303 τοῖς
3063 5238 3281 5292 ἑαυτοῦσ
3311 5240 3448 5291 εἰσὶν
3473 5235 3595 5304 γὰρ,
3618 5234 3677 5291 ὡς

2128 5334 2308 5397 αὐτὸς,
2340 5334 2589 5405 πονηροὶ,
2642 5336 2737 5387 καὶ
2784 5332 2998 5400 ἀνάγκη
3031 5332 3125 5386 καὶ
3169 5330 3331 5383 αὑτὸν
3382 5328 3678 5380 ὑποπίπτειν

2126 5429 2194 5495 τῇ
2223 5426 2460 5479 κολάσει·
2491 5426 2569 5496 τῷ
2599 5428 2703 5496 ἄρα
2738 5424 2926 5495 ἀγαθῷ
2948 5425 3157 5476 ἐποίσει
3188 5424 3376 5492 αὐτὴν.
3415 5420 3548 5473 Ἀλλ’
3573 5416 3677 5470 ἀδύ-

2128 5536 2283 5573 νατον
2311 5518 2487 5571 τοῦτο’
2514 5521 2613 5571 οὐκ
2646 5520 2753 5589 ἀρα
2779 5522 2807 5571 ὁ
2834 5516 3067 5588 πονηρὸς
3087 5516 3256 5584 αὐτὴν
3275 5512 3539 5582 ἐπιφέρει,

2128 5609 2277 5669 Θεός.
2317 5610 2431 5662 Πᾶν
2460 5610 2515 5663 δὲ
2553 5611 2613 5662 τὸ
2647 5609 2750 5661 ὑπὸ
2786 5608 2922 5661 Θεοῦ
2968 5606 3381 5677 ἐπιφερόμενον,
3411 5601 3674 5674 χρησίμως

2766 5858 2791 5877 \
