3774 6310
147 314 301 370 1115

1363 321 1788 381 FRAGMENTA
1826 327 1898 381 IN
1937 328 2165 386 EXODU
2178 330 2246 385 Μ.

3286 348 3418 402 HM

142 428 258 497 τῆς
288 423 567 496 ἀληθείας,
597 422 665 499 ἧς
694 428 943 500 μετέχειν
964 433 1111 500 εἰκὸς
1126 436 1216 490 τὸν
1239 436 1463 492 εἰσιέναι
1491 439 1746 512 βουλόμε-

1859 443 1991 508 licet,
2044 445 2237 513 quibus
2295 446 2626 516 signiﬁcatur
2663 453 2894 521 cognitio
2938 456 3216 525 veritatis,
3254 476 3412 531 quam

145 535 248 570 νον
293 517 675 589 (ἑρμηνεύεται
729 518 840 590 γὰρ
903 524 1137 594 πλῆθος
1179 529 1497 600 γνώσεως)’
1538 532 1636 602 τῆς
1682 534 1739 586 δὲ

146 614 458 684 ρομταίας,
497 613 596 685 τὴν
649 616 905 673 ἐπίπονον
945 621 1190 695 ἀγωγήν.
1238 625 1337 679 Διὰ
1364 626 1573 679 πολλῶν
1632 626 1739 699 γὰρ

143 705 390 774 θλίψεων
444 707 546 776 τῆς
606 707 812 763 εἰσόδου
866 714 968 784 τῆς
1023 712 1300 784 βασιλείας
1361 717 1510 770 ἐστιν
1555 721 1741 772 ἐπιτυ-

142 798 295 864 χεῖν.

222 975 385 1028 ΚΕΦ.
421 978 514 1044 (Γ,
542 992 626 1031 στ.
662 976 767 1048 κβ’.
791 981 876 1032 Σὺ
901 978 971 1032 δὲ
994 980 1168 1050 λήψῃ
1188 981 1419 1047 σεαυτῷ
1442 983 1560 1037 ἀπὸ
1586 983 1736 1037 πάν-

142 1084 273 1121 των
303 1068 422 1122 τῶν
450 1070 801 1139 βρωμάτων,
828 1072 867 1126 ἄ
891 1072 1124 1138 ἕδεσθε,
1147 1076 1245 1129 καὶ
1280 1075 1568 1143 συνάξεις
1586 1078 1734 1146 πρὸς

140 1160 439 1223 σεαυτὸν,
470 1161 567 1215 καὶ
611 1162 783 1216 ἔσται
824 1164 923 1217 σοὶ
954 1165 1051 1217 καὶ
1080 1166 1333 1231 ἐκείνοις
1360 1167 1587 1236 φαγεῖν.

218 1250 500 1318 Διδύμου.
539 1252 602 1304 Ἦ
653 1252 712 1305 δὲ
770 1253 901 1322 περὶ
951 1254 1061 1306 τῶν
1102 1256 1385 1309 σκυϐἁλων
1422 1257 1532 1309 τῶν
1579 1255 1733 1319 ζώων

139 1340 386 1410 πάροδος
427 1340 610 1405 καλῶς
648 1343 1161 1416 παρασεσιώπηται,
1197 1346 1413 1400 καὶτοῦ
1452 1346 1575 1399 Νῶε
1617 1348 1731 1416 ἅμα

138 1433 260 1493 τοῖς
298 1433 437 1495 υἱοῖς
455 1433 767 1504 δυναμένων
805 1435 864 1488 τὸ
902 1436 1195 1490 ἀκόλουθον
1225 1439 1351 1509 περὶ
1386 1439 1574 1492 τούτου
1603 1456 1729 1492 σκο-

139 1522 344 1592 πῆσαι,
393 1524 488 1577 καὶ
541 1526 698 1596 ἡμῶν
742 1527 812 1580 τὰ
856 1528 1331 1599 παραλελειμμένα
1371 1531 1730 1585 στονάσασθαι

136 1615 239 1667 καὶ
274 1614 690 1686 ἀναπληρῶσαι.

212 1704 375 1758 ΚΕΦ.
414 1706 497 1772 H',
564 1724 646 1761 στ.
698 1715 767 1766 α’.
820 1711 935 1765 ’Καὶ
996 1711 1269 1782 ἐμνήσθη
1332 1716 1365 1767 d
1422 1714 1567 1768 Gsdr
1620 1716 1727 1771 τοῦ

132 1790 290 1852 Νῶε,
318 1808 369 1844 κ.
403 1810 456 1846 τ.
486 1792 534 1845 λ.

209 1882 493 1952 Διδύμου.
528 1886 623 1950 Τὸ,
671 1887 976 1958 Ἐμνήσθη
1030 1894 1064 1945 ὀ
1100 1893 1244 1959 Θεὸς
1272 1894 1378 1949 τοῦ
1419 1896 1566 1961 Νῶε,
1600 1898 1716 1950 θεο-

129 1971 371 2039 πρεπῶς
405 1975 716 2030 ἀκουστέον.
777 1979 888 2049 Οὐχ
936 1980 1012 2044 ὼς
1061 1983 1130 2036 ἐκ
1158 1983 1347 2055 λήθης,
1374 1986 1488 2039 ἀλλ’
1531 1987 1720 2057 ὥσπερ

129 2064 269 2137 περὶ
296 2063 408 2119 τῶν
428 2067 641 2121 ἀσεϐῶν
668 2068 836 2138 λέγει,
868 2076 990 2127 Οὐκ
1023 2069 1154 2127 οῖδα
1172 2074 1327 2144 ὑμᾶς
1346 2080 1530 2132 πόθεν
1558 2079 1721 2145 ἐστὲ,

127 2154 407 2219 τουτέστι,
446 2159 710 2213 Οὐδέποτε
733 2161 904 2229 ἔγνων
942 2164 1220 2235 ὁμᾶς,·ὡς
1276 2169 1509 2224 ἐνταῦθα
1541 2171 1724 2241 δηλοῦ-

130 2243 264 2296 σθαι
298 2246 381 2309 τό,
438 2248 706 2303 Οὐδέποτε
736 2251 812 2315 ὡς
854 2254 1157 2325 ἡμετέρους
1190 2257 1334 2328 ὑμᾶς
1358 2258 1531 2329 ἔσχον.
1564 2260 1719 2314 Οὕτω

126 2333 420 2388 κάνταῦθα
445 2337 504 2390 τδ
534 2338 799 2411 ἐμνήσθη,
835 2343 954 2396 ἀντὶ
981 2344 1097 2411 τοῦ,
1130 2346 1520 2419 Ἐπεισήγανεν
1553 2352 1703 2422 αὐτὴ·

125 2422 313 2494 ἀρχὴν
332 2428 584 2494 γενέσθαι
610 2431 703 2484 τοῦ
734 2435 941 2501 γένους.

140 2626 1561 2660 —__._.__.___..__....____________

1843 535 2169 603 participare
2198 538 2353 591 decet
2381 554 2503 592 cum
2530 540 2621 608 qui
2656 542 2860 611 ingredi
2892 549 3096 616 appetit
3116 548 3134 620 (
3154 551 3414 608 cherubim

1839 626 1981 679 enim
2034 627 2419 698 interpretatur
2465 634 2746 687 multitudo
2794 639 3160 709 cognitionis);
3200 652 3253 696 et
3299 645 3413 714 gla-

1840 717 2009 782 dium,
2063 733 2173 787 quo
2218 718 2482 776 laboriosa
2518 723 2623 776 vita
2662 726 2927 781 innuitur.
2965 727 3079 784 Non
3131 732 3233 787 nisi
3267 735 3411 788 enim

1840 823 1933 876 per
1959 809 2155 864 multas
2180 811 2558 870 tribulationes
2591 815 2888 887 ingressum
2934 819 2987 874 in
3017 836 3239 893 regnum
3262 839 3412 879 asse-

1841 898 1931 967 qui
1968 899 2108 953 licet.

1904 988 2052 1043 CAP.
2097 989 2185 1056 Vl,
2217 1006 2363 1050 vers.
2386 992 2476 1046 29..
2519 992 2687 1049 Tol/es
2716 997 2874 1067 igitur
2894 1007 3057 1053 tecum
3079 1017 3143 1055 ea:
3167 1002 3403 1057 omnibus

1833 1081 1962 1133 escis
1987 1096 2105 1149 qua:
2131 1083 2311 1135 mandi
2337 1094 2574 1150 possunt,
2614 1096 2661 1139 et
2688 1091 3035 1157 comportabis
3071 1093 3211 1160 apud
3251 1104 3322 1159 te,
3354 1104 3402 1148 ct

1831 1180 1985 1224 erunt
2014 1182 2118 1225 tam
2140 1173 2235 1225 tibi
2266 1190 2421 1243 quam
2447 1176 2551 1229 illis
2574 1179 2626 1230 in
2658 1179 2849 1233 cibum.

1905 1262 2139 1332 Didymi.
2166 1263 2297 1330 Quae
2324 1273 2503 1319 autem
2542 1268 2608 1321 ad
2648 1277 2889 1323 stercora
2923 1271 3232 1328 animalium
3274 1290 3400 1344 per-

1832 1352 2020 1417 tinent,
2056 1362 2202 1407 recte
2241 1352 2460 1410 silentio
2486 1358 2754 1425 prmterita
2800 1370 2947 1429 sunt,
2980 1365 3242 1435 siquidem
3273 1368 3399 1425 huic

1830 1437 1905 1491 rei
1941 1436 2053 1493 Noe
2086 1454 2209 1494 cum
2256 1441 2379 1496 ﬁliis
2425 1447 2805 1502 convenienter
2863 1453 3143 1519 providere
3192 1458 3394 1525 potuit,

1828 1530 2111 1600 nobisque,
2144 1547 2263 1600 quae
2292 1539 2654 1604 prmtermissa
2704 1554 2852 1609 sunt,
2884 1547 3152 1615 conjicere
3181 1560 3233 1606 et
3266 1567 3395 1622 sup-

1828 1623 2209 1692 plere‘obvium
2228 1635 2348 1680 ‘est.
2655 1648 2658 1652 ’

1896 1715 2049 1771 CAP.
2090 1716 2223 1782 VIII,
2261 1734 2403 1774 vers.
2447 1723 2495 1775 I.
2543 1726 2611 1778 Et
2641 1728 2942 1783 recordatus
2970 1738 3047 1785 est
3082 1729 3221 1787 Deus
3256 1733 3390 1803 Noe,

1753 1796 1797 1851 Β
1823 1818 1929 1862 etc.

1899 1899 2133 1969 Didymi.
2182 1900 2334 1969 Illud,
2378 1902 2697 1962 Recordatus
2723 1908 2862 1964 Deus
2910 1910 3048 1976 Noe,
3082 1914 3160 1969 sic
3203 1914 3395 1971 intent-

1825 1991 2053 2058 gendum
2086 2002 2189 2058 est,
2223 2004 2281 2048 ut
2319 2007 2523 2051 naturae
2544 1998 2736 2055 divinae
2766 2003 3067 2058 conveniat.
3108 2004 3220 2059 Non
3253 2006 3391 2061 obli-

1820 2081 2031 2135 vionem
2066 2099 2272 2153 passus,
2298 2086 2390 2141 sed
2425 2086 2619 2156 impios
2660 2102 2961 2158 aversatus,
2992 2094 3121 2150 dicit
3151 2114 3164 2151 :
3194 2094 3390 2151 Nescio

1819 2187 1906 2224 vos
1932 2174 2071 2227 unde
2094 2175 2209 2229 sitis
2235 2175 2385 2247 (Luc.
2407 2195 2525 2244 xm,
2563 2180 2655 2251 27)
2678 2222 2692 2247 ,
2728 2183 2778 2236 id
2824 2195 2925 2252 est,
2954 2184 3234 2256 Nunquam
3268 2188 3387 2243 novi

1820 2277 1947 2325 vos;
1988 2266 2136 2333 quasi
2167 2266 2654 2340 dicat:l\'uuquam
2688 2289 2783 2328 vos
2836 2275 2887 2329 in
2935 2286 3239 2332 nostrorum
3288 2295 3391 2333 nu-

1821 2367 1969 2407 mero
2001 2355 2182 2409 habui.
2219 2357 2310 2411 Sic
2364 2359 2527 2413 etiam
2588 2362 2736 2428 illud,
2762 2362 3089 2420 Rccordatus
3122 2376 3217 2434 est,
3243 2368 3382 2422 idem

1817 2454 1898 2497 est
1920 2460 1982 2497 ac
2009 2446 2052 2498 si
2083 2447 2287 2503 diceret
2312 2467 2324 2503 :
2355 2450 2554 2505 Statuit
2576 2452 2724 2508 illum
2752 2456 3073 2526 principium
3097 2456 3211 2514 fore
3238 2474 3388 2514 nova:

1810 2540 2190 2607 generationis.

1566 2643 3385 2677 -———____________________

1002 2804 1725 2899 FRAGMENTA
1800 2815 1921 2901 IN
2001 2813 2553 2909 EXODUM.

1475 3001 1582 3069 (Ea:
1604 3005 1784 3059 eadem
1806 3005 2047 3082 Catena.)

200 3284 364 3335 ΚΕΦ.
400 3283 527 3348 KA',
564 3300 647 3338 στ.
678 3291 729 3340 ι’.
774 3286 882 3341 Καὶ
902 3285 1066 3343 elder
1098 3288 1206 3344 τὸν
1226 3292 1412 3346 τόπον
1431 3290 1501 3349 οὗ
1524 3294 1704 3363 ἐστή-
1731 3304 1753 3363 (

1879 3302 2029 3357 CAP.
2072 3301 2265 3369 XXIV,
2294 3320 2433 3359 vers.
2464 3305 2550 3359 I0.
2591 3306 2659 3359 Et
2699 3307 2936 3363 viderunt
2970 3309 3134 3364 Deum
3169 3310 3382 3367 Israel:

122 3395 223 3431 κει
254 3376 433 3431 ἐκεῖό
453 3377 597 3443 Θεὸς
629 3378 736 3433 τοῦ
783 3381 1047 3450 Ἰσραήλο
1080 3385 1178 3437 καὶ
1207 3385 1278 3437 τὰ
1302 3386 1421 3440 ὑπὸ
1444 3388 1585 3454 τοὺς
1613 3392 1713 3441 πό-

123 3473 243 3537 δας
289 3473 476 3526 αὐτοῦ
521 3473 662 3525 ὡσεὶ
717 3473 895 3543 ἔργον
928 3477 1183 3533 πλίνθου
1213 3483 1573 3549 σαπςρείρου.
1613 3487 1711 3539 καὶ

120 3561 338 3629 ὥσπερ
365 3555 523 3629 εἶδος
545 3562 950 3633 στερεὼματος
977 3565 1085 3619 τοῦ
1131 3567 1392 3635 οὐρανοῦ
1423 3569 1499 3638 τῇ
1537 3575 1714 3625 καθα-

117 3654 381 3722 ριότητι.

201 3743 484 3813 Διδύμου.
519 3744 783 3816 Δηλοῦται
808 3746 918 3817 γὰρ
944 3748 1036 3800 καὶ
1068 3750 1126 3801 ὲν
1154 3750 1220 3818 τῇ
1244 3748 1386 3813 λέξει
1423 3750 1615 3822 ταύτῃ,
1639 3752 1714 3815 ὡς

125 3836 264 3890 ἔνθα
319 3836 453 3889 Θεοῦ
488 3838 759 3907 παρουσία
810 3839 992 3909 νόησιν
1038 3839 1183 3910 ἔσχε,
1220 3844 1383 3895 τόπον
1430 3845 1713 3915 εἰρήκασιν

126 3924 275 3980 εἶναι
314 3927 425 3980 τῶν
472 3927 649 3982 ποδῶν
697 3929 883 3993 αὐτοῦ,
941 3930 1171 3999 βεϐαίως
1227 3932 1527 4004 ἱδρυμένων
1585 3934 1713 3989 ἔνθα

125 4019 307 4091 ἀρετὴ
328 4022 626 4091 πρακτική.
666 4021 740 4074 Ἢ
780 4022 1054 4091 δηλοῦται,
1096 4023 1184 4076 διὰ
1210 4026 1309 4094 τῆς
1348 4025 1569 4079 πλίνθου
1612 4028 1713 4097 τῆς

129 4114 517 4182 σαπφειρίνης,
575 4112 668 4166 καὶ
694 4113 874 4182 σοφία,
906 4115 1047 4183 ἥτις,
1082 4114 1169 4167 διὰ
1199 4115 1308 4167 τῶν
1348 4116 1556 4186 νοητῶν
1587 4116 1714 4170 θεω-

130 4207 225 4276 ρία
250 4205 539 4274 ὑπάρχειν,
585 4204 652 4274 τῇ
686 4202 1038 4275 καθαριότητι
1071 4203 1498 4274 παραϐάλλεται.

198 4378 362 4433 ΚΕΦ.
392 4378 517 4443 AI",
544 4394 625 4432 στ.
654 4385 744 4441 ιγ’.
761 4380 827 4431 El
844 4374 957 4433 οὖν
979 4380 1202 4449 εὕρηκα
1238 4382 1412 4450 χάριν
1435 4383 1713 4437 ἐναντίον

126 4486 271 4531 σου,
314 4468 656 4538 ὲμφάνισόν
703 4486 806 4538 μοι
841 4473 1124 4526 σεαυτόν
1161 4473 1442 4541 τνωστῶς
1465 4476 1565 4529 ἵνα
1606 4476 1710 4529 ἴδω

126 4577 225 4627 σε,
251 4559 416 4626 ὅπως
454 4558 531 4613 ἂν
564 4555 612 4614 ὦ
653 4560 918 4629 εὑρηκὼς
947 4562 1123 4631 χάριν
1147 4562 1404 4619 ἐνώπιόν
1426 4581 1563 4628 σου,
1610 4568 1707 4621 καὶ

127 4656 231 4707 ἵνα
254 4650 396 4722 γνῶ,
439 4651 529 4704 ὅτι
580 4653 730 4717 λαός
763 4669 878 4706 σου
904 4649 1103 4719 οὗτος,
1139 4655 1203 4707 τὸ
1237 4657 1412 4721 ἔθνος
1440 4657 1635 4713 τοῦτο.

197 4742 484 4812 Διδύμου.
518 4742 592 4795 Τὸ
616 4743 873 4810 γνωστῶς
898 4744 1193 4815 ὁρώμενον,
1228 4746 1447 4816 εὔδηλον
1471 4749 1546 4812 ὡς
1573 4750 1709 4804 θεω-

132 4836 225 4906 ρίᾳ
258 4835 443 4905 μόνον,
476 4834 571 4886 καὶ
590 4832 691 4886 οὐκ
713 4834 964 4904 αἰσθήσει
991 4836 1482 4906 καταλαμϐάνεται.
1502 4840 1709 4912 ’Ὠσπερ

126 4927 237 4998 γὰρ
266 4925 365 4978 καὶ
413 4923 687 4995 ὀφθαλμὸς
715 4924 824 4978 τῶν
852 4925 1125 4996 αἰσθητῶν
1168 4928 1621 4999 ἀντιλαμϐάνεται
1643 4932 1709 4985 δι’

125 5020 377 5088 ὁράσεως
427 5014 601 5080 οἱτινς
622 5018 651 5068 ό
686 5016 832 5081 νοῦς,
866 5017 958 5070 διὰ
1006 5018 1282 5084 γνώσεως,
1315 5020 1448 5074 Θεοῦ
1481 5021 1711 5093 θεωρίαν

124 5107 370 5177 δέχεται.

198 5196 293 5248 Στ.
323 5190 410 5247 ιϐ’.
436 5192 542 5247 Kal
557 5188 747 5258 εἶπεν,
779 5195 927 5265 Ἐγὼ
951 5201 1395 5269 παρελεύσομαι
1422 5205 1710 5270 πρότερόν

126 5300 244 5338 σου
266 5283 345 5351 τῇ
375 5283 522 5351 δόξῃ
542 5301 683 5354 μου,
715 5288 1079 5357 πορεύσομαι
1102 5289 1215 5358 πρὸ
1244 5293 1565 5359 προσώπου
1593 5312 1709 5349 σου

127 5376 201 5445 τῇ
248 5376 408 5443 δόξῃ
446 5394 589 5445 μου,
643 5377 743 5431 καὶ
785 5379 1023 5433 καλέσω
1072 5380 1153 5448 τῷ
1202 5384 1445 5453 ὀνόματι
1485 5387 1709 5454 Κυρίου

123 5460 412 5523 ἐκαντίον
431 5482 569 5522 σου.

190 5557 473 5625 Διδύμου.
537 5558 670 5611 Μετ’
718 5561 889 5631 αὐτὴν
945 5566 1052 5636 γὰρ
1085 5566 1368 5638 ὑπάρχεις.
1415 5566 1706 5639 Ὑπάρχων

121 5648 233 5720 γὰρ
278 5648 391 5719 πρὸ
418 5648 527 5701 τῶν
557 5649 790 5713 αἰώνων,
820 5655 1130 5724 εὑρίσκεται
1157 5662 1190 5728 ἡ
1227 5657 1334 5728 ἐμὴ
1384 5657 1531 5721 δόξα,
1560 5661 1587 5712 ό
1618 5678 1705 5729 μο-

118 5742 355 5804 νογενής
387 5756 488 5812 μου
513 5741 642 5803 Υίὸς
682 5738 836 5798 οὖσα.
875 5746 1041 5801 Ὅταν
1073 5746 1183 5801 ἐγὼ
1216 5749 1515 5819 προδιασῶ,
1568 5750 1703 5822 ἔχων

1814 3404 1861 3447 el
1888 3396 1980 3448 sub
2017 3397 2233 3463 pedibus
2256 3395 2367 3465 ejus
2397 3399 2550 3467 quasi
2585 3414 2712 3465 opus
2747 3400 2937 3468 lapidis
2968 3403 3284 3471 sapphirt'nt',
3335 3414 3383 3458 et

1817 3486 1969 3553 quasi
2004 3489 2189 3538 caelum
2223 3503 2339 3539 cum
2360 3502 2598 3539 serenum
2623 3498 2717 3541 est.

1887 3744 2120 3815 Didymi;
2144 3774 2213 3784 ——
2242 3744 2315 3798 Ex
2344 3744 2445 3799 hac
2477 3744 2620 3798 enim
2646 3743 2875 3799 lectione
2932 3745 3273 3800 manifestum
3322 3746 3386 3803 ﬁt

1814 3839 1978 3907 quod,
2020 3837 2191 3891 sicubi
2244 3837 2387 3891 Deus
2455 3837 2805 3906 spiritualiter
2855 3838 3026 3902 adest,
3084 3840 3155 3893 ibi
3212 3838 3384 3893 locum

1814 3944 1934 3983 esse
1964 3931 2157 3998 pedum
2206 3928 2322 3996 ejus
2367 3930 2580 3995 dicitur,
2620 3929 2849 3983 ﬁrmiter
2880 3930 2967 3983 hic
3000 3930 3257 3984 stantium
3294 3930 3383 3984 ubi

1815 4022 2052 4092 practica
2098 4031 2184 4076 est.
2225 4022 2415 4076 virtus.
2448 4020 2610 4075 Forte
2658 4021 2842 4085 etiam,
2877 4036 2979 4090 per
3009 4037 3139 4091 Opus
3167 4020 3383 4090 sapphi-

1814 4114 1922 4166 rini
1956 4112 2174 4180 lapidis,
2197 4112 2457 4181 sapientia
2486 4112 2817 4181 designatur,
2836 4128 2973 4180 quae,
2993 4114 3114 4182 quia
3141 4113 3194 4166 in
3222 4111 3377 4166 intel-

1813 4204 2119 4260 lectualium
2168 4203 2626 4272 contemplatione
2676 4204 2929 4259 consistit
3012 4204 3141 4258 caelo
3201 4220 3381 4258 sereno

1812 4306 2175 4366 comparatur.

1883 4389 2037 4445 CAP.
2064 4387 2305 4454 XXXIII,
2342 4402 2485 4443 vers.
2529 4389 2617 4443 15.
2645 4388 2706 4445 Si
2727 4406 2849 4460 ergo
2874 4389 3045 4443 inveni
3075 4390 3296 4459 gratiam
3328 4391 3383 4443 in

1812 4492 2086 4549 conspectu
2116 4491 2227 4544 tuo,
2260 4487 2474 4535 ostende
2511 4481 2639 4535 mihi
2665 4481 2858 4549 faciem
2895 4492 3041 4533 tuam
3073 4489 3130 4533 ut
3164 4496 3254 4547 per
3295 4496 3384 4533 co-

1813 4575 2092 4644 gnitiouem
2116 4575 2319 4627 videam
2348 4583 2395 4627 te
2428 4586 2473 4627 et
2503 4575 2762 4628 inveniam
2795 4574 3019 4643 gratiam
3049 4583 3172 4627 ante
3205 4574 3383 4628 oculos

1734 4650 1787 4711 D
1812 4676 1946 4729 tuos,
1971 4678 2017 4721 et
2052 4683 2331 4736 cognoscas
2359 4667 2481 4729 quia
2502 4666 2722 4734 populus
2760 4676 2883 4718 tuus
2905 4674 2979 4717 est
3001 4681 3124 4733 gens
3150 4667 3269 4719 ista.

1878 4755 2193 4825 Didymi.—
2210 4753 2359 4819 Quod
2390 4769 2485 4821 per
2505 4754 2864 4822 cognitionem
2892 4753 3122 4817 videtur,
3148 4753 3384 4809 ahintel-

1807 4843 1946 4899 lectu
1981 4851 2217 4908 tantum,
2251 4842 2471 4895 minime
2513 4854 2643 4894 vero
2692 4856 2722 4894 a
2761 4839 3009 4895 sensibus
3054 4842 3381 4909 apprehendi

1808 4934 2152 4989 manifestum
2192 4942 2294 4987 est.
2337 4931 2491 4986 Sicut
2543 4933 2687 4985 enim
2732 4930 2922 4985 oculus
2976 4944 3071 5001 per
3118 4931 3379 4985 visionem

1808 5026 2081 5082 sensibilis
2114 5024 2361 5094 percipit,
2398 5023 2477 5078 sie
2509 5037 2684 5088 meus,
2729 5037 2827 5090 per
2856 5022 3246 5087 cognitionem,
3284 5022 3380 5077 Dei

1807 5119 2065 5173 visionem
2091 5116 2299 5182 recipit.

1878 5208 2042 5263 Vsus.
2061 5207 2148 5262 I9.
2168 5205 2234 5260 Et
2264 5206 2396 5260 dixit
2417 5206 2557 5277 :Ego
2575 5208 2807 5261 transibo
2837 5206 2979 5276 prior
2994 5216 3043 5259 te
3075 5220 3190 5258 cum
3208 5203 3378 5273 gloria

1806 5316 1918 5352 mea
1940 5317 1961 5363 ;
1984 5298 2198 5368 .praeibo
2246 5306 2369 5351 ante
2400 5298 2588 5367 faciem
2620 5310 2764 5352 luant
2809 5317 2925 5353 cum
2956 5298 3123 5369 gloria
3156 5312 3290 5360 mea,
3328 5303 3379 5350 et

1806 5391 2003 5444 vocabo
2034 5390 2241 5443 nomine
2270 5387 2483 5443 Domini
2511 5406 2686 5443 coram
2724 5400 2792 5444 te.

1884 5569 2193 5639 Didymi.—
2208 5567 2482 5623 Posterior
2498 5568 2643 5622 enim
2663 5567 2753 5623 illa
2771 5566 2961 5636 (gloria
2973 5562 3108 5635 mea)
3136 5577 3215 5618 es.
3243 5562 3375 5617 Nam

1812 5669 1935 5715 ante
1951 5660 2144 5714 saecula
2172 5661 2381 5716 exsistit
2406 5658 2574 5729 gloria
2598 5674 2736 5723 mea,
2766 5672 2885 5727 qua:
2916 5664 2999 5711 est
3033 5654 3199 5709 Filius
3226 5667 3378 5707 meus

1814 5752 2141 5823 unigenitus.
2183 5754 2316 5809 Cum
2359 5765 2487 5822 ergo
2518 5751 2667 5822 prior
2710 5749 2990 5813 transiero,
3027 5747 3227 5803 habens
3260 5743 3373 5815 glo-
