  <div class='ocr_page' id='page_1' title='image "/cluster/home/n/w/nwhite01/storage/ocr_20150623/39/hvd.32044019207778/565.png"; bbox 0 0 3738 6308; ppageno 0'>
   <div class='ocr_carea' id='block_1_1' title="bbox 398 296 535 351">
    <p class='ocr_par' dir='ltr' id='par_1_1' title="bbox 398 296 535 351">
     <span class='ocr_line' id='line_1_1' title="bbox 398 296 535 351; baseline -0.007 -1"><span class='ocrx_word' id='word_1_1' title='bbox 398 296 535 351; x_wconf 72' lang='grc' dir='ltr'><strong>ωδ</strong></span> 
     </span>
    </p>
   </div>
   <div class='ocr_carea' id='block_1_2' title="bbox 1624 304 2361 363">
    <p class='ocr_par' dir='ltr' id='par_1_2' title="bbox 1624 304 2361 363">
     <span class='ocr_line' id='line_1_2' title="bbox 1624 304 2361 363; baseline 0.008 -6"><span class='ocrx_word' id='word_1_2' title='bbox 1624 304 1860 359; x_wconf 84' lang='lat' dir='ltr'><strong>DIDYMI</strong></span> <span class='ocrx_word' id='word_1_3' title='bbox 1897 304 2361 363; x_wconf 76' lang='lat' dir='ltr'><strong>ALEXANDRINI</strong></span> 
     </span>
    </p>
   </div>
   <div class='ocr_carea' id='block_1_3' title="bbox 3472 314 3590 369">
    <p class='ocr_par' dir='ltr' id='par_1_3' title="bbox 3472 314 3590 369">
     <span class='ocr_line' id='line_1_3' title="bbox 3472 314 3590 369; baseline 0.017 -2"><span class='ocrx_word' id='word_1_4' title='bbox 3472 314 3590 369; x_wconf 74' lang='lat' dir='ltr'><strong>Hi6</strong></span> 
     </span>
    </p>
   </div>
   <div class='ocr_carea' id='block_1_4' title="bbox 398 419 1974 501">
    <p class='ocr_par' dir='ltr' id='par_1_4' title="bbox 398 419 1956 491">
     <span class='ocr_line' id='line_1_4' title="bbox 398 419 1956 491; baseline 0.007 -21"><span class='ocrx_word' id='word_1_5' title='bbox 398 419 533 471; x_wconf 83' lang='lat' dir='ltr'><strong>riam</strong></span> <span class='ocrx_word' id='word_1_6' title='bbox 574 425 834 485; x_wconf 88' lang='lat' dir='ltr'><strong>nostram,</strong></span> <span class='ocrx_word' id='word_1_7' title='bbox 882 428 935 474; x_wconf 87' lang='lat' dir='ltr'><strong>tu</strong></span> <span class='ocrx_word' id='word_1_8' title='bbox 985 420 1348 491; x_wconf 86' lang='lat' dir='ltr'><strong>subsequcris,</strong></span> <span class='ocrx_word' id='word_1_9' title='bbox 1382 422 1519 478; x_wconf 84' lang='lat' dir='ltr'><strong>sicut</strong></span> <span class='ocrx_word' id='word_1_10' title='bbox 1553 439 1740 481; x_wconf 82' lang='lat' dir='ltr'><strong>servus</strong></span> <span class='ocrx_word' id='word_1_11' title='bbox 1786 428 1956 481; x_wconf 88' lang='lat' dir='ltr'><strong>domi-</strong></span> 
     </span>
    </p>
   </div>
   <div class='ocr_carea' id='block_1_5' title="bbox 2107 419 3594 501">
    <p class='ocr_par' dir='ltr' id='par_1_5' title="bbox 2107 426 3594 501">
     <span class='ocr_line' id='line_1_5' title="bbox 2107 426 3594 501; baseline 0.004 -19"><span class='ocrx_word' id='word_1_12' title='bbox 2107 428 2163 499; x_wconf 73' lang='grc' dir='ltr'>ὴν</span> <span class='ocrx_word' id='word_1_13' title='bbox 2189 429 2462 500; x_wconf 81' lang='grc' dir='ltr'><strong>ἡμετέραν</strong></span> <span class='ocrx_word' id='word_1_14' title='bbox 2477 429 2650 495; x_wconf 81' lang='grc' dir='ltr'><strong>δόξαν,</strong></span> <span class='ocrx_word' id='word_1_15' title='bbox 2681 430 2803 484; x_wconf 81' lang='grc' dir='ltr'><strong>τότε</strong></span> <span class='ocrx_word' id='word_1_16' title='bbox 2837 432 2900 485; x_wconf 73' lang='grc' dir='ltr'>σὺ</span> <span class='ocrx_word' id='word_1_17' title='bbox 2916 429 3392 501; x_wconf 64' lang='grc' dir='ltr'><strong>ἐπακολουθήσας.</strong></span> <span class='ocrx_word' id='word_1_18' title='bbox 3422 426 3503 484; x_wconf 80' lang='grc' dir='ltr'><strong>οἶα</strong></span> <span class='ocrx_word' id='word_1_19' title='bbox 3524 435 3594 488; x_wconf 63' lang='lat' dir='ltr'><strong>iis»</strong></span> 
     </span>
    </p>
   </div>
   <div class='ocr_carea' id='block_1_6' title="bbox 395 522 545 562">
    <p class='ocr_par' dir='ltr' id='par_1_6' title="bbox 395 522 545 562">
     <span class='ocr_line' id='line_1_6' title="bbox 395 522 545 562; baseline 0.013 -2"><span class='ocrx_word' id='word_1_20' title='bbox 395 522 545 562; x_wconf 84' lang='lat' dir='ltr'><strong>num.</strong></span> 
     </span>
    </p>
   </div>
   <div class='ocr_carea' id='block_1_7' title="bbox 422 596 1962 676">
    <p class='ocr_par' dir='ltr' id='par_1_7' title="bbox 422 596 1962 676">
     <span class='ocr_line' id='line_1_7' title="bbox 422 596 1962 676; baseline 0.008 -28"><span class='ocrx_word' id='word_1_21' title='bbox 422 606 426 611; x_wconf 87' lang='lat'>‘</span> <span class='ocrx_word' id='word_1_22' title='bbox 467 596 629 652; x_wconf 69' lang='lat' dir='ltr'><strong>Vens.</strong></span> <span class='ocrx_word' id='word_1_23' title='bbox 672 598 761 652; x_wconf 72' lang='lat'><strong>23‘.</strong></span> <span class='ocrx_word' id='word_1_24' title='bbox 801 598 1100 665; x_wconf 86' lang='lat' dir='ltr'><strong>Tollamque</strong></span> <span class='ocrx_word' id='word_1_25' title='bbox 1138 619 1347 655; x_wconf 83' lang='lat' dir='ltr'><strong>manum</strong></span> <span class='ocrx_word' id='word_1_26' title='bbox 1376 621 1542 658; x_wconf 86' lang='lat' dir='ltr'><strong>meam</strong></span> <span class='ocrx_word' id='word_1_27' title='bbox 1572 616 1618 659; x_wconf 88' lang='lat' dir='ltr'><strong>et</strong></span> <span class='ocrx_word' id='word_1_28' title='bbox 1648 608 1839 661; x_wconf 82' lang='lat' dir='ltr'><strong>videbis</strong></span> <span class='ocrx_word' id='word_1_29' title='bbox 1876 626 1962 676; x_wconf 86' lang='lat' dir='ltr'><strong>po-</strong></span> 
     </span>
    </p>
   </div>
   <div class='ocr_carea' id='block_1_8' title="bbox 396 686 1961 766">
    <p class='ocr_par' dir='ltr' id='par_1_8' title="bbox 396 686 1961 766">
     <span class='ocr_line' id='line_1_8' title="bbox 396 686 1961 766; baseline 0.009 -27"><span class='ocrx_word' id='word_1_30' title='bbox 396 686 615 739; x_wconf 89' lang='lat' dir='ltr'><strong>steriora</strong></span> <span class='ocrx_word' id='word_1_31' title='bbox 654 704 766 741; x_wconf 91' lang='lat' dir='ltr'><strong>mea</strong></span> <span class='ocrx_word' id='word_1_32' title='bbox 797 703 816 740; x_wconf 82' lang='lat'><strong>.&#39;</strong></span> <span class='ocrx_word' id='word_1_33' title='bbox 852 690 1041 756; x_wconf 82' lang='lat' dir='ltr'><strong>[aciem</strong></span> <span class='ocrx_word' id='word_1_34' title='bbox 1079 704 1252 745; x_wconf 89' lang='lat' dir='ltr'><strong>autem</strong></span> <span class='ocrx_word' id='word_1_35' title='bbox 1284 710 1451 747; x_wconf 81' lang='lat' dir='ltr'><strong>meum</strong></span> <span class='ocrx_word' id='word_1_36' title='bbox 1492 697 1660 750; x_wconf 85' lang='lat' dir='ltr'><strong>videre</strong></span> <span class='ocrx_word' id='word_1_37' title='bbox 1691 714 1790 751; x_wconf 90' lang='lat' dir='ltr'><strong>non</strong></span> <span class='ocrx_word' id='word_1_38' title='bbox 1819 710 1961 766; x_wconf 88' lang='lat' dir='ltr'><strong>pote-</strong></span> 
     </span>
    </p>
   </div>
   <div class='ocr_carea' id='block_1_9' title="bbox 398 778 489 831">
    <p class='ocr_par' dir='ltr' id='par_1_9' title="bbox 398 778 489 831">
     <span class='ocr_line' id='line_1_9' title="bbox 398 778 489 831; baseline 0 -1"><span class='ocrx_word' id='word_1_39' title='bbox 398 778 489 831; x_wconf 84' lang='lat' dir='ltr'><strong>ris.</strong></span> 
     </span>
    </p>
   </div>
   <div class='ocr_carea' id='block_1_10' title="bbox 471 865 1961 942">
    <p class='ocr_par' dir='ltr' id='par_1_10' title="bbox 471 865 1961 942">
     <span class='ocr_line' id='line_1_10' title="bbox 471 865 1961 942; baseline 0.01 -23"><span class='ocrx_word' id='word_1_40' title='bbox 471 865 705 938; x_wconf 76' lang='lat' dir='ltr'><strong>Didymi.</strong></span> <span class='ocrx_word' id='word_1_41' title='bbox 727 898 798 908; x_wconf 96' lang='lat'><strong>—</strong></span> <span class='ocrx_word' id='word_1_42' title='bbox 830 868 1019 923; x_wconf 80' lang='lat' dir='ltr'><strong>Divina</strong></span> <span class='ocrx_word' id='word_1_43' title='bbox 1069 882 1282 940; x_wconf 85' lang='lat' dir='ltr'><strong>natura,</strong></span> <span class='ocrx_word' id='word_1_44' title='bbox 1315 874 1486 942; x_wconf 83' lang='lat' dir='ltr'><strong>qualis</strong></span> <span class='ocrx_word' id='word_1_45' title='bbox 1511 877 1577 930; x_wconf 93' lang='lat' dir='ltr'><strong>ab</strong></span> <span class='ocrx_word' id='word_1_46' title='bbox 1603 887 1803 932; x_wconf 71' lang='lat' dir='ltr'><strong>aeterno</strong></span> <span class='ocrx_word' id='word_1_47' title='bbox 1837 889 1961 934; x_wconf 87' lang='lat' dir='ltr'><strong>ante</strong></span> 
     </span>
    </p>
   </div>
   <div class='ocr_carea' id='block_1_11' title="bbox 402 960 1964 1036">
    <p class='ocr_par' dir='ltr' id='par_1_11' title="bbox 402 960 1964 1036">
     <span class='ocr_line' id='line_1_11' title="bbox 402 960 1964 1036; baseline 0.009 -26"><span class='ocrx_word' id='word_1_48' title='bbox 402 960 583 1014; x_wconf 88' lang='lat' dir='ltr'><strong>mundi</strong></span> <span class='ocrx_word' id='word_1_49' title='bbox 607 962 1043 1016; x_wconf 87' lang='lat' dir='ltr'><strong>constitutionem</strong></span> <span class='ocrx_word' id='word_1_50' title='bbox 1079 966 1394 1033; x_wconf 76' lang='lat' dir='ltr'><strong>exsistebat,</strong></span> <span class='ocrx_word' id='word_1_51' title='bbox 1416 983 1508 1036; x_wconf 87' lang='lat' dir='ltr'><strong>per</strong></span> <span class='ocrx_word' id='word_1_52' title='bbox 1530 969 1719 1036; x_wconf 78' lang='lat' dir='ltr'><strong>[aciem</strong></span> <span class='ocrx_word' id='word_1_53' title='bbox 1761 972 1964 1024; x_wconf 87' lang='lat' dir='ltr'><strong>indica-</strong></span> 
     </span>
    </p>
   </div>
   <div class='ocr_carea' id='block_1_12' title="bbox 404 1050 1963 1125">
    <p class='ocr_par' dir='ltr' id='par_1_12' title="bbox 404 1050 1963 1125">
     <span class='ocr_line' id='line_1_12' title="bbox 404 1050 1963 1125; baseline 0.009 -25"><span class='ocrx_word' id='word_1_54' title='bbox 404 1056 520 1113; x_wconf 88' lang='lat' dir='ltr'><strong>tur;</strong></span> <span class='ocrx_word' id='word_1_55' title='bbox 563 1050 765 1113; x_wconf 63' lang='lat' dir='ltr'><strong>creatio</strong></span> <span class='ocrx_word' id='word_1_56' title='bbox 794 1062 969 1106; x_wconf 88' lang='lat' dir='ltr'><strong>autem</strong></span> <span class='ocrx_word' id='word_1_57' title='bbox 996 1062 1049 1106; x_wconf 89' lang='lat' dir='ltr'><strong>et</strong></span> <span class='ocrx_word' id='word_1_58' title='bbox 1079 1056 1412 1122; x_wconf 79' lang='lat' dir='ltr'><strong>providentia</strong></span> <span class='ocrx_word' id='word_1_59' title='bbox 1452 1071 1546 1125; x_wconf 78' lang='lat' dir='ltr'><strong>per</strong></span> <span class='ocrx_word' id='word_1_60' title='bbox 1571 1061 1859 1124; x_wconf 75' lang='lat' dir='ltr'><strong>posteriora</strong></span> <span class='ocrx_word' id='word_1_61' title='bbox 1890 1061 1963 1114; x_wconf 88' lang='lat' dir='ltr'><strong>si-</strong></span> 
     </span>
    </p>
   </div>
   <div class='ocr_carea' id='block_1_13' title="bbox 402 1140 746 1207">
    <p class='ocr_par' dir='ltr' id='par_1_13' title="bbox 402 1140 746 1207">
     <span class='ocr_line' id='line_1_13' title="bbox 402 1140 746 1207; baseline 0.009 -16"><span class='ocrx_word' id='word_1_62' title='bbox 402 1140 746 1207; x_wconf 78' lang='lat' dir='ltr'><strong>gniticantur.</strong></span> 
     </span>
    </p>
   </div>
   <div class='ocr_carea' id='block_1_14' title="bbox 473 1230 1963 1305">
    <p class='ocr_par' dir='ltr' id='par_1_14' title="bbox 473 1230 1963 1305">
     <span class='ocr_line' id='line_1_14' title="bbox 473 1230 1963 1305; baseline 0.007 -20"><span class='ocrx_word' id='word_1_63' title='bbox 473 1230 626 1285; x_wconf 84' lang='lat' dir='ltr'><strong>CAP.</strong></span> <span class='ocrx_word' id='word_1_64' title='bbox 673 1232 910 1298; x_wconf 79' lang='lat' dir='ltr'><strong>XXXIV,</strong></span> <span class='ocrx_word' id='word_1_65' title='bbox 947 1251 1087 1289; x_wconf 86' lang='lat' dir='ltr'><strong>vers.</strong></span> <span class='ocrx_word' id='word_1_66' title='bbox 1157 1238 1211 1294; x_wconf 72' lang='grc'><strong>2.</strong></span> <span class='ocrx_word' id='word_1_67' title='bbox 1266 1237 1392 1290; x_wconf 82' lang='lat' dir='ltr'><strong>Esto</strong></span> <span class='ocrx_word' id='word_1_68' title='bbox 1442 1250 1656 1305; x_wconf 85' lang='lat' dir='ltr'><strong>paratus</strong></span> <span class='ocrx_word' id='word_1_69' title='bbox 1712 1258 1862 1294; x_wconf 86' lang='lat' dir='ltr'><strong>mane</strong></span> <span class='ocrx_word' id='word_1_70' title='bbox 1908 1253 1963 1295; x_wconf 88' lang='lat' dir='ltr'><strong>ut</strong></span> 
     </span>
    </p>
   </div>
   <div class='ocr_carea' id='block_1_15' title="bbox 403 1325 1965 1399">
    <p class='ocr_par' dir='ltr' id='par_1_15' title="bbox 403 1325 1965 1399">
     <span class='ocr_line' id='line_1_15' title="bbox 403 1325 1965 1399; baseline 0.006 -24"><span class='ocrx_word' id='word_1_71' title='bbox 403 1325 655 1377; x_wconf 89' lang='lat' dir='ltr'><strong>ascendas</strong></span> <span class='ocrx_word' id='word_1_72' title='bbox 698 1328 876 1379; x_wconf 86' lang='lat' dir='ltr'><strong>statim</strong></span> <span class='ocrx_word' id='word_1_73' title='bbox 919 1328 975 1381; x_wconf 88' lang='lat' dir='ltr'><strong>in</strong></span> <span class='ocrx_word' id='word_1_74' title='bbox 1011 1339 1235 1382; x_wconf 83' lang='lat' dir='ltr'><strong>montem</strong></span> <span class='ocrx_word' id='word_1_75' title='bbox 1264 1328 1433 1394; x_wconf 88' lang='lat' dir='ltr'><strong>Sinai,</strong></span> <span class='ocrx_word' id='word_1_76' title='bbox 1468 1332 1731 1399; x_wconf 84' lang='lat' dir='ltr'><strong>stabisque</strong></span> <span class='ocrx_word' id='word_1_77' title='bbox 1769 1350 1965 1386; x_wconf 84' lang='lat' dir='ltr'><strong>mecum</strong></span> 
     </span>
    </p>
   </div>
   <div class='ocr_carea' id='block_1_16' title="bbox 402 1417 843 1480">
    <p class='ocr_par' dir='ltr' id='par_1_16' title="bbox 402 1417 843 1480">
     <span class='ocr_line' id='line_1_16' title="bbox 402 1417 843 1480; baseline 0.009 -15"><span class='ocrx_word' id='word_1_78' title='bbox 402 1428 558 1480; x_wconf 86' lang='lat' dir='ltr'><strong>super</strong></span> <span class='ocrx_word' id='word_1_79' title='bbox 583 1417 843 1469; x_wconf 75' lang='lat' dir='ltr'><strong>verticem.</strong></span> 
     </span>
    </p>
   </div>
   <div class='ocr_carea' id='block_1_17' title="bbox 476 1504 1964 1579">
    <p class='ocr_par' dir='ltr' id='par_1_17' title="bbox 476 1504 1964 1579">
     <span class='ocr_line' id='line_1_17' title="bbox 476 1504 1964 1579; baseline 0.009 -23"><span class='ocrx_word' id='word_1_80' title='bbox 476 1504 707 1575; x_wconf 81' lang='lat' dir='ltr'><strong>Didymi.</strong></span> <span class='ocrx_word' id='word_1_81' title='bbox 735 1538 807 1548; x_wconf 96' lang='lat'><strong>—</strong></span> <span class='ocrx_word' id='word_1_82' title='bbox 841 1508 955 1562; x_wconf 90' lang='lat' dir='ltr'><strong>Non</strong></span> <span class='ocrx_word' id='word_1_83' title='bbox 986 1510 1128 1563; x_wconf 85' lang='lat' dir='ltr'><strong>enim</strong></span> <span class='ocrx_word' id='word_1_84' title='bbox 1159 1525 1278 1564; x_wconf 91' lang='lat' dir='ltr'><strong>cum</strong></span> <span class='ocrx_word' id='word_1_85' title='bbox 1306 1512 1411 1566; x_wconf 87' lang='lat' dir='ltr'><strong>alio</strong></span> <span class='ocrx_word' id='word_1_86' title='bbox 1433 1522 1539 1567; x_wconf 87' lang='lat' dir='ltr'><strong>stat</strong></span> <span class='ocrx_word' id='word_1_87' title='bbox 1571 1514 1672 1567; x_wconf 88' lang='lat' dir='ltr'><strong>nisi</strong></span> <span class='ocrx_word' id='word_1_88' title='bbox 1694 1531 1812 1569; x_wconf 90' lang='lat' dir='ltr'><strong>cum</strong></span> <span class='ocrx_word' id='word_1_89' title='bbox 1835 1515 1964 1579; x_wconf 89' lang='lat' dir='ltr'><strong>Deo,</strong></span> 
     </span>
    </p>
   </div>
   <div class='ocr_carea' id='block_1_18' title="bbox 408 1599 1963 1672">
    <p class='ocr_par' dir='ltr' id='par_1_18' title="bbox 408 1599 1963 1672">
     <span class='ocr_line' id='line_1_18' title="bbox 408 1599 1963 1672; baseline 0.006 -21"><span class='ocrx_word' id='word_1_90' title='bbox 408 1599 495 1652; x_wconf 87' lang='lat' dir='ltr'><strong>cui</strong></span> <span class='ocrx_word' id='word_1_91' title='bbox 530 1600 839 1665; x_wconf 63' lang='lat' dir='ltr'><strong>praedictum</strong></span> <span class='ocrx_word' id='word_1_92' title='bbox 872 1602 1167 1669; x_wconf 80' lang='lat' dir='ltr'><strong>profectum</strong></span> <span class='ocrx_word' id='word_1_93' title='bbox 1198 1606 1453 1672; x_wconf 79' lang='lat' dir='ltr'><strong>perﬁciet.</strong></span> <span class='ocrx_word' id='word_1_94' title='bbox 1499 1606 1638 1672; x_wconf 86' lang='lat' dir='ltr'><strong>Quid</strong></span> <span class='ocrx_word' id='word_1_95' title='bbox 1679 1621 1762 1660; x_wconf 81' lang='lat' dir='ltr'><strong>est</strong></span> <span class='ocrx_word' id='word_1_96' title='bbox 1787 1621 1963 1661; x_wconf 86' lang='lat' dir='ltr'><strong>autem</strong></span> 
     </span>
    </p>
   </div>
   <div class='ocr_carea' id='block_1_19' title="bbox 405 1691 1963 1761">
    <p class='ocr_par' dir='ltr' id='par_1_19' title="bbox 405 1691 1963 1761">
     <span class='ocr_line' id='line_1_19' title="bbox 405 1691 1963 1761; baseline 0.007 -21"><span class='ocrx_word' id='word_1_97' title='bbox 405 1697 547 1741; x_wconf 86' lang='lat' dir='ltr'><strong>stare</strong></span> <span class='ocrx_word' id='word_1_98' title='bbox 580 1701 701 1743; x_wconf 89' lang='lat' dir='ltr'><strong>eum</strong></span> <span class='ocrx_word' id='word_1_99' title='bbox 738 1691 866 1758; x_wconf 88' lang='lat' dir='ltr'><strong>Deo,</strong></span> <span class='ocrx_word' id='word_1_100' title='bbox 893 1692 994 1745; x_wconf 91' lang='lat' dir='ltr'><strong>nisi</strong></span> <span class='ocrx_word' id='word_1_101' title='bbox 1039 1703 1284 1761; x_wconf 87' lang='lat' dir='ltr'><strong>paratum</strong></span> <span class='ocrx_word' id='word_1_102' title='bbox 1323 1709 1444 1749; x_wconf 89' lang='lat' dir='ltr'><strong>esse</strong></span> <span class='ocrx_word' id='word_1_103' title='bbox 1472 1697 1537 1750; x_wconf 89' lang='lat' dir='ltr'><strong>ad</strong></span> <span class='ocrx_word' id='word_1_104' title='bbox 1581 1696 1840 1751; x_wconf 86' lang='lat' dir='ltr'><strong>audienda</strong></span> <span class='ocrx_word' id='word_1_105' title='bbox 1873 1696 1963 1751; x_wconf 88' lang='lat' dir='ltr'><strong>Dei</strong></span> 
     </span>
    </p>
   </div>
   <div class='ocr_carea' id='block_1_20' title="bbox 408 1783 707 1849">
    <p class='ocr_par' dir='ltr' id='par_1_20' title="bbox 408 1783 707 1849">
     <span class='ocr_line' id='line_1_20' title="bbox 408 1783 707 1849; baseline 0.013 -18"><span class='ocrx_word' id='word_1_106' title='bbox 408 1791 666 1849; x_wconf 69' lang='lat' dir='ltr'><strong>praecepta</strong></span> <span class='ocrx_word' id='word_1_107' title='bbox 684 1783 707 1835; x_wconf 67' lang='grc' dir='ltr'><strong>ἓ</strong></span> 
     </span>
    </p>
   </div>
   <div class='ocr_carea' id='block_1_21' title="bbox 480 1869 1966 1934">
    <p class='ocr_par' dir='ltr' id='par_1_21' title="bbox 480 1869 1966 1934">
     <span class='ocr_line' id='line_1_21' title="bbox 480 1869 1966 1934; baseline 0.003 -7"><span class='ocrx_word' id='word_1_108' title='bbox 480 1869 644 1928; x_wconf 71' lang='lat' dir='ltr'><strong>Vens.</strong></span> <span class='ocrx_word' id='word_1_109' title='bbox 676 1873 729 1929; x_wconf 79' lang='grc'><strong>5.</strong></span> <span class='ocrx_word' id='word_1_110' title='bbox 771 1873 837 1929; x_wconf 80' lang='lat' dir='ltr'><strong>Et</strong></span> <span class='ocrx_word' id='word_1_111' title='bbox 885 1877 1056 1933; x_wconf 87' lang='lat' dir='ltr'><strong>nullus</strong></span> <span class='ocrx_word' id='word_1_112' title='bbox 1098 1879 1342 1934; x_wconf 81' lang='lat' dir='ltr'><strong>ascendat</strong></span> <span class='ocrx_word' id='word_1_113' title='bbox 1381 1888 1548 1932; x_wconf 89' lang='lat' dir='ltr'><strong>tecum</strong></span> <span class='ocrx_word' id='word_1_114' title='bbox 1598 1895 1689 1933; x_wconf 85' lang='lat' dir='ltr'><strong>nec</strong></span> <span class='ocrx_word' id='word_1_115' title='bbox 1731 1879 1966 1932; x_wconf 76' lang='lat' dir='ltr'><strong>rideatur</strong></span> 
     </span>
    </p>
   </div>
   <div class='ocr_carea' id='block_1_22' title="bbox 407 1964 1971 2039">
    <p class='ocr_par' dir='ltr' id='par_1_22' title="bbox 407 1964 1971 2039">
     <span class='ocr_line' id='line_1_22' title="bbox 407 1964 1971 2039; baseline 0.005 -24"><span class='ocrx_word' id='word_1_116' title='bbox 407 1964 668 2031; x_wconf 73' lang='lat' dir='ltr'><strong>quispiam</strong></span> <span class='ocrx_word' id='word_1_117' title='bbox 712 1983 803 2034; x_wconf 87' lang='lat' dir='ltr'><strong>per</strong></span> <span class='ocrx_word' id='word_1_118' title='bbox 835 1976 999 2022; x_wconf 84' lang='lat' dir='ltr'><strong>totum</strong></span> <span class='ocrx_word' id='word_1_119' title='bbox 1046 1980 1269 2024; x_wconf 83' lang='lat' dir='ltr'><strong>montem</strong></span> <span class='ocrx_word' id='word_1_120' title='bbox 1294 1986 1313 2024; x_wconf 84' lang='lat'><strong>.&#39;</strong></span> <span class='ocrx_word' id='word_1_121' title='bbox 1339 1972 1483 2025; x_wconf 82' lang='lat' dir='ltr'><strong>boves</strong></span> <span class='ocrx_word' id='word_1_122' title='bbox 1519 1986 1720 2039; x_wconf 85' lang='lat' dir='ltr'><strong>quoque</strong></span> <span class='ocrx_word' id='word_1_123' title='bbox 1765 1979 1811 2023; x_wconf 87' lang='lat' dir='ltr'><strong>et</strong></span> <span class='ocrx_word' id='word_1_124' title='bbox 1860 1986 1971 2023; x_wconf 79' lang='lat' dir='ltr'><strong>oves</strong></span> 
     </span>
    </p>
   </div>
   <div class='ocr_carea' id='block_1_23' title="bbox 410 2067 1103 2123">
    <p class='ocr_par' dir='ltr' id='par_1_23' title="bbox 410 2067 1103 2123">
     <span class='ocr_line' id='line_1_23' title="bbox 410 2067 1103 2123; baseline 0.009 -16"><span class='ocrx_word' id='word_1_125' title='bbox 410 2071 512 2109; x_wconf 90' lang='lat' dir='ltr'><strong>non</strong></span> <span class='ocrx_word' id='word_1_126' title='bbox 539 2067 822 2123; x_wconf 84' lang='lat' dir='ltr'><strong>pascantur</strong></span> <span class='ocrx_word' id='word_1_127' title='bbox 849 2075 876 2111; x_wconf 90' lang='lat' dir='ltr'><strong>e</strong></span> <span class='ocrx_word' id='word_1_128' title='bbox 901 2073 1103 2113; x_wconf 76' lang='grc' dir='ltr'><em>εοηινα.</em></span> 
     </span>
    </p>
   </div>
   <div class='ocr_carea' id='block_1_24' title="bbox 480 2146 1972 2223">
    <p class='ocr_par' dir='ltr' id='par_1_24' title="bbox 480 2146 1972 2223">
     <span class='ocr_line' id='line_1_24' title="bbox 480 2146 1972 2223; baseline 0 -24"><span class='ocrx_word' id='word_1_129' title='bbox 480 2146 1101 2223; x_wconf 60' lang='lat' dir='ltr'><strong>Didymi—Quicunque</strong></span> <span class='ocrx_word' id='word_1_130' title='bbox 1132 2150 1312 2221; x_wconf 83' lang='lat' dir='ltr'><strong>Moyse</strong></span> <span class='ocrx_word' id='word_1_131' title='bbox 1350 2149 1771 2218; x_wconf 81' lang='lat' dir='ltr'><strong>imperfectiores</strong></span> <span class='ocrx_word' id='word_1_132' title='bbox 1799 2159 1972 2211; x_wconf 85' lang='lat' dir='ltr'><strong>erant,</strong></span> 
     </span>
    </p>
   </div>
   <div class='ocr_carea' id='block_1_25' title="bbox 409 2237 1365 2310">
    <p class='ocr_par' dir='ltr' id='par_1_25' title="bbox 409 2237 1365 2310">
     <span class='ocr_line' id='line_1_25' title="bbox 409 2237 1365 2310; baseline 0.004 -20"><span class='ocrx_word' id='word_1_133' title='bbox 409 2251 504 2292; x_wconf 74' lang='lat' dir='ltr'><strong>eos</strong></span> <span class='ocrx_word' id='word_1_134' title='bbox 537 2237 637 2293; x_wconf 87' lang='lat' dir='ltr'><strong>sub</strong></span> <span class='ocrx_word' id='word_1_135' title='bbox 666 2252 843 2293; x_wconf 85' lang='lat' dir='ltr'><strong>monte</strong></span> <span class='ocrx_word' id='word_1_136' title='bbox 874 2250 1021 2295; x_wconf 84' lang='lat' dir='ltr'><strong>stare</strong></span> <span class='ocrx_word' id='word_1_137' title='bbox 1060 2240 1365 2310; x_wconf 83' lang='lat' dir='ltr'><strong>imperavit.</strong></span> 
     </span>
    </p>
   </div>
   <div class='ocr_carea' id='block_1_26' title="bbox 2064 520 2528 594">
    <p class='ocr_par' dir='ltr' id='par_1_26' title="bbox 2064 520 2528 594">
     <span class='ocr_line' id='line_1_26' title="bbox 2064 520 2528 594; baseline 0.004 -21"><span class='ocrx_word' id='word_1_138' title='bbox 2064 521 2248 590; x_wconf 85' lang='grc' dir='ltr'><em>ράπων</em></span> <span class='ocrx_word' id='word_1_139' title='bbox 2275 520 2528 594; x_wconf 79' lang='grc' dir='ltr'><strong>δεσπότῃ.</strong></span> 
     </span>
    </p>
   </div>
   <div class='ocr_carea' id='block_1_27' title="bbox 2131 610 3596 683">
    <p class='ocr_par' dir='ltr' id='par_1_27' title="bbox 2131 610 3596 683">
     <span class='ocr_line' id='line_1_27' title="bbox 2131 610 3596 683; baseline 0.005 -20"><span class='ocrx_word' id='word_1_140' title='bbox 2131 612 2223 665; x_wconf 89' lang='grc' dir='ltr'><strong>Στ.</strong></span> <span class='ocrx_word' id='word_1_141' title='bbox 2255 618 2360 680; x_wconf 75' lang='grc' dir='ltr'><strong>κγ’.</strong></span> <span class='ocrx_word' id='word_1_142' title='bbox 2397 612 2505 666; x_wconf 78' lang='grc' dir='ltr'><em>Καὶ</em></span> <span class='ocrx_word' id='word_1_143' title='bbox 2556 610 2759 682; x_wconf 68' lang='grc' dir='ltr'><strong>ἀφελῶ</strong></span> <span class='ocrx_word' id='word_1_144' title='bbox 2787 612 2903 681; x_wconf 77' lang='grc' dir='ltr'><strong>τὴν</strong></span> <span class='ocrx_word' id='word_1_145' title='bbox 2955 612 3140 681; x_wconf 74' lang='grc' dir='ltr'><em>χεῖρα,</em></span> <span class='ocrx_word' id='word_1_146' title='bbox 3183 612 3280 666; x_wconf 78' lang='grc' dir='ltr'><strong>καί</strong></span> <span class='ocrx_word' id='word_1_147' title='bbox 3317 615 3446 666; x_wconf 82' lang='grc' dir='ltr'><em>τότε</em></span> <span class='ocrx_word' id='word_1_148' title='bbox 3486 615 3596 683; x_wconf 59' lang='grc' dir='ltr'><strong>ὀπί-ει</strong></span> 
     </span>
    </p>
   </div>
   <div class='ocr_carea' id='block_1_28' title="bbox 2061 701 3596 775">
    <p class='ocr_par' dir='ltr' id='par_1_28' title="bbox 2061 701 3596 775">
     <span class='ocr_line' id='line_1_28' title="bbox 2061 701 3596 775; baseline 0.005 -21"><span class='ocrx_word' id='word_1_149' title='bbox 2061 701 2133 755; x_wconf 82' lang='grc' dir='ltr'><strong>τὰ</strong></span> <span class='ocrx_word' id='word_1_150' title='bbox 2182 703 2374 755; x_wconf 83' lang='grc' dir='ltr'><strong>ὀπίσω</strong></span> <span class='ocrx_word' id='word_1_151' title='bbox 2402 720 2533 758; x_wconf 81' lang='grc' dir='ltr'><strong>αου’</strong></span> <span class='ocrx_word' id='word_1_152' title='bbox 2576 704 2643 758; x_wconf 82' lang='grc' dir='ltr'><strong>τὸ</strong></span> <span class='ocrx_word' id='word_1_153' title='bbox 2676 704 2743 757; x_wconf 85' lang='grc' dir='ltr'><strong>δὲ</strong></span> <span class='ocrx_word' id='word_1_154' title='bbox 2767 707 3087 773; x_wconf 81' lang='grc' dir='ltr'><em>πρόσωπόν</em></span> <span class='ocrx_word' id='word_1_155' title='bbox 3104 722 3222 775; x_wconf 83' lang='grc' dir='ltr'><strong>μου</strong></span> <span class='ocrx_word' id='word_1_156' title='bbox 3272 708 3385 759; x_wconf 79' lang='grc' dir='ltr'><strong>οὐκ</strong></span> <span class='ocrx_word' id='word_1_157' title='bbox 3439 708 3596 775; x_wconf 58' lang='grc' dir='ltr'><strong>ὀφθή-</strong></span> 
     </span>
    </p>
   </div>
   <div class='ocr_carea' id='block_1_29' title="bbox 2060 795 2373 849">
    <p class='ocr_par' dir='ltr' id='par_1_29' title="bbox 2060 795 2373 849">
     <span class='ocr_line' id='line_1_29' title="bbox 2060 795 2373 849; baseline 0.003 -2"><span class='ocrx_word' id='word_1_158' title='bbox 2060 795 2228 847; x_wconf 84' lang='grc' dir='ltr'><em>σεται</em></span> <span class='ocrx_word' id='word_1_159' title='bbox 2257 809 2373 849; x_wconf 84' lang='grc' dir='ltr'><em>σοι.</em></span> 
     </span>
    </p>
   </div>
   <div class='ocr_carea' id='block_1_30' title="bbox 2132 883 3600 957">
    <p class='ocr_par' dir='ltr' id='par_1_30' title="bbox 2132 883 3600 957">
     <span class='ocr_line' id='line_1_30' title="bbox 2132 883 3600 957; baseline 0.001 -20"><span class='ocrx_word' id='word_1_160' title='bbox 2132 883 2405 952; x_wconf 79' lang='grc' dir='ltr'><strong>Διδύμου.</strong></span> <span class='ocrx_word' id='word_1_161' title='bbox 2452 884 2517 936; x_wconf 86' lang='grc' dir='ltr'><strong>Ἥ</strong></span> <span class='ocrx_word' id='word_1_162' title='bbox 2549 885 2646 955; x_wconf 81' lang='grc' dir='ltr'>μὲν</span> <span class='ocrx_word' id='word_1_163' title='bbox 2667 886 2997 956; x_wconf 85' lang='grc' dir='ltr'><strong>προκόσμιος</strong></span> <span class='ocrx_word' id='word_1_164' title='bbox 3036 885 3264 957; x_wconf 75' lang='grc' dir='ltr'>ὓπαρξίς</span> <span class='ocrx_word' id='word_1_165' title='bbox 3280 904 3339 939; x_wconf 83' lang='grc' dir='ltr'><em>τε</em></span> <span class='ocrx_word' id='word_1_166' title='bbox 3370 903 3463 939; x_wconf 88' lang='grc' dir='ltr'><strong>και</strong></span> <span class='ocrx_word' id='word_1_167' title='bbox 3486 889 3600 940; x_wconf 67' lang='lat'><strong>02:6-</strong></span> 
     </span>
    </p>
   </div>
   <div class='ocr_carea' id='block_1_31' title="bbox 2061 975 3603 1051">
    <p class='ocr_par' dir='ltr' id='par_1_31' title="bbox 2061 975 3603 1051">
     <span class='ocr_line' id='line_1_31' title="bbox 2061 975 3603 1051; baseline 0.001 -24"><span class='ocrx_word' id='word_1_168' title='bbox 2061 993 2161 1047; x_wconf 87' lang='grc' dir='ltr'><strong>της</strong></span> <span class='ocrx_word' id='word_1_169' title='bbox 2193 975 2442 1046; x_wconf 78' lang='grc' dir='ltr'><strong>δηλοῦται</strong></span> <span class='ocrx_word' id='word_1_170' title='bbox 2464 976 2553 1029; x_wconf 83' lang='grc' dir='ltr'><strong>διὰ</strong></span> <span class='ocrx_word' id='word_1_171' title='bbox 2571 977 2675 1030; x_wconf 89' lang='grc' dir='ltr'><strong>τοῦ</strong></span> <span class='ocrx_word' id='word_1_172' title='bbox 2692 977 3035 1045; x_wconf 79' lang='grc' dir='ltr'><strong>προσώπου·</strong></span> <span class='ocrx_word' id='word_1_173' title='bbox 3064 978 3169 1049; x_wconf 79' lang='grc' dir='ltr'><strong>ἡδὲ</strong></span> <span class='ocrx_word' id='word_1_174' title='bbox 3189 978 3511 1051; x_wconf 75' lang='grc' dir='ltr'><strong>δημιουργία</strong></span> <span class='ocrx_word' id='word_1_175' title='bbox 3530 980 3603 1029; x_wconf 69' lang='grc' dir='ltr'><strong>καὶ</strong></span> 
     </span>
    </p>
   </div>
   <div class='ocr_carea' id='block_1_32' title="bbox 2065 1066 2897 1140">
    <p class='ocr_par' dir='ltr' id='par_1_32' title="bbox 2065 1066 2897 1140">
     <span class='ocr_line' id='line_1_32' title="bbox 2065 1066 2897 1140; baseline 0.007 -23"><span class='ocrx_word' id='word_1_176' title='bbox 2065 1066 2309 1136; x_wconf 84' lang='grc' dir='ltr'><strong>πρόνοια,</strong></span> <span class='ocrx_word' id='word_1_177' title='bbox 2334 1066 2421 1121; x_wconf 73' lang='grc' dir='ltr'><strong>διὰ</strong></span> <span class='ocrx_word' id='word_1_178' title='bbox 2449 1066 2565 1120; x_wconf 84' lang='grc' dir='ltr'><em>τῶν</em></span> <span class='ocrx_word' id='word_1_179' title='bbox 2589 1069 2780 1122; x_wconf 80' lang='grc' dir='ltr'><em>ὀπίσω</em></span> <span class='ocrx_word' id='word_1_180' title='bbox 2801 1069 2897 1140; x_wconf 75' lang='grc'><strong>(1).</strong></span> 
     </span>
    </p>
   </div>
   <div class='ocr_carea' id='block_1_33' title="bbox 2136 1241 3603 1313">
    <p class='ocr_par' dir='ltr' id='par_1_33' title="bbox 2136 1241 3603 1313">
     <span class='ocr_line' id='line_1_33' title="bbox 2136 1241 3603 1313; baseline -0.001 -18"><span class='ocrx_word' id='word_1_181' title='bbox 2136 1244 2291 1296; x_wconf 84' lang='grc' dir='ltr'><strong>ΚΕΦ.</strong></span> <span class='ocrx_word' id='word_1_182' title='bbox 2314 1241 2433 1307; x_wconf 75' lang='lat' dir='ltr'><strong>AA&#39;,</strong></span> <span class='ocrx_word' id='word_1_183' title='bbox 2459 1261 2540 1297; x_wconf 80' lang='grc' dir='ltr'><strong>στ.</strong></span> <span class='ocrx_word' id='word_1_184' title='bbox 2580 1244 2644 1313; x_wconf 86' lang='grc' dir='ltr'><strong>β’.</strong></span> <span class='ocrx_word' id='word_1_185' title='bbox 2673 1245 2780 1299; x_wconf 76' lang='grc' dir='ltr'><strong>Καὶ</strong></span> <span class='ocrx_word' id='word_1_186' title='bbox 2804 1246 2975 1313; x_wconf 72' lang='grc' dir='ltr'><em>γίνου</em></span> <span class='ocrx_word' id='word_1_187' title='bbox 3008 1244 3239 1313; x_wconf 76' lang='grc' dir='ltr'><em>ἕτοιμος</em></span> <span class='ocrx_word' id='word_1_188' title='bbox 3257 1245 3345 1309; x_wconf 80' lang='grc' dir='ltr'><strong>είς</strong></span> <span class='ocrx_word' id='word_1_189' title='bbox 3371 1242 3439 1296; x_wconf 84' lang='grc' dir='ltr'><strong>τὸ</strong></span> <span class='ocrx_word' id='word_1_190' title='bbox 3464 1243 3603 1311; x_wconf 75' lang='grc' dir='ltr'><em>πρωΐ,</em></span> 
     </span>
    </p>
   </div>
   <div class='ocr_carea' id='block_1_34' title="bbox 2066 1332 3604 1404">
    <p class='ocr_par' dir='ltr' id='par_1_34' title="bbox 2066 1332 3604 1404">
     <span class='ocr_line' id='line_1_34' title="bbox 2066 1332 3604 1404; baseline 0.001 -18"><span class='ocrx_word' id='word_1_191' title='bbox 2066 1334 2161 1386; x_wconf 79' lang='grc' dir='ltr'><strong>καὶ</strong></span> <span class='ocrx_word' id='word_1_192' title='bbox 2196 1334 2469 1402; x_wconf 79' lang='grc' dir='ltr'><strong>ἀναϐήσῃ</strong></span> <span class='ocrx_word' id='word_1_193' title='bbox 2521 1335 2587 1387; x_wconf 80' lang='grc' dir='ltr'><em>τὸ</em></span> <span class='ocrx_word' id='word_1_194' title='bbox 2624 1336 2771 1403; x_wconf 80' lang='grc' dir='ltr'><em>πρωῒ</em></span> <span class='ocrx_word' id='word_1_195' title='bbox 2798 1338 2883 1401; x_wconf 82' lang='grc' dir='ltr'><strong>είς</strong></span> <span class='ocrx_word' id='word_1_196' title='bbox 2928 1335 2992 1388; x_wconf 82' lang='grc' dir='ltr'><em>τὸ</em></span> <span class='ocrx_word' id='word_1_197' title='bbox 3035 1336 3171 1404; x_wconf 79' lang='grc' dir='ltr'><em>ὅρος</em></span> <span class='ocrx_word' id='word_1_198' title='bbox 3208 1335 3275 1389; x_wconf 85' lang='grc' dir='ltr'><strong>τὸ</strong></span> <span class='ocrx_word' id='word_1_199' title='bbox 3316 1332 3485 1399; x_wconf 80' lang='grc' dir='ltr'><strong>Σινᾶ,</strong></span> <span class='ocrx_word' id='word_1_200' title='bbox 3528 1336 3604 1387; x_wconf 70' lang='grc' dir='ltr'><strong>καί</strong></span> 
     </span>
    </p>
   </div>
   <div class='ocr_carea' id='block_1_35' title="bbox 2065 1422 3245 1493">
    <p class='ocr_par' dir='ltr' id='par_1_35' title="bbox 2065 1422 3245 1493">
     <span class='ocr_line' id='line_1_35' title="bbox 2065 1422 3245 1493; baseline 0.002 -17"><span class='ocrx_word' id='word_1_201' title='bbox 2065 1422 2266 1491; x_wconf 79' lang='grc' dir='ltr'><em>στήσῃ</em></span> <span class='ocrx_word' id='word_1_202' title='bbox 2292 1442 2393 1493; x_wconf 81' lang='grc' dir='ltr'><strong>μοι</strong></span> <span class='ocrx_word' id='word_1_203' title='bbox 2416 1424 2543 1477; x_wconf 80' lang='grc' dir='ltr'><em>ἐκεῖ</em></span> <span class='ocrx_word' id='word_1_204' title='bbox 2564 1426 2655 1477; x_wconf 81' lang='grc' dir='ltr'><strong>ἐπ’</strong></span> <span class='ocrx_word' id='word_1_205' title='bbox 2702 1424 2888 1492; x_wconf 76' lang='grc' dir='ltr'><em>ἄκρου</em></span> <span class='ocrx_word' id='word_1_206' title='bbox 2916 1424 3022 1478; x_wconf 83' lang='grc' dir='ltr'><em>τοῦ</em></span> <span class='ocrx_word' id='word_1_207' title='bbox 3047 1425 3245 1491; x_wconf 80' lang='grc' dir='ltr'><em>ὄρους.</em></span> 
     </span>
    </p>
   </div>
   <div class='ocr_carea' id='block_1_36' title="bbox 2135 1512 3607 1587">
    <p class='ocr_par' dir='ltr' id='par_1_36' title="bbox 2135 1512 3607 1587">
     <span class='ocr_line' id='line_1_36' title="bbox 2135 1512 3607 1587; baseline -0.003 -19"><span class='ocrx_word' id='word_1_208' title='bbox 2135 1516 2408 1584; x_wconf 57' lang='lat' dir='ltr'><strong>meum.</strong></span> <span class='ocrx_word' id='word_1_209' title='bbox 2436 1516 2510 1568; x_wconf 84' lang='grc' dir='ltr'><strong>Οὐ</strong></span> <span class='ocrx_word' id='word_1_210' title='bbox 2531 1515 2636 1587; x_wconf 85' lang='grc' dir='ltr'><strong>γὰρ</strong></span> <span class='ocrx_word' id='word_1_211' title='bbox 2672 1516 2839 1585; x_wconf 80' lang='grc' dir='ltr'>ἑτέρῳ</span> <span class='ocrx_word' id='word_1_212' title='bbox 2868 1515 2975 1567; x_wconf 76' lang='grc' dir='ltr'><strong>τινὶ</strong></span> <span class='ocrx_word' id='word_1_213' title='bbox 3006 1516 3238 1578; x_wconf 77' lang='grc' dir='ltr'><strong>ἵσταται,</strong></span> <span class='ocrx_word' id='word_1_214' title='bbox 3270 1513 3385 1567; x_wconf 73' lang='grc' dir='ltr'><strong>ἀλλ’</strong></span> <span class='ocrx_word' id='word_1_215' title='bbox 3434 1512 3468 1581; x_wconf 78' lang='grc' dir='ltr'>ἢ</span> <span class='ocrx_word' id='word_1_216' title='bbox 3493 1512 3607 1581; x_wconf 81' lang='grc' dir='ltr'><strong>Θεῷ,</strong></span> 
     </span>
    </p>
   </div>
   <div class='ocr_carea' id='block_1_37' title="bbox 2065 1597 3611 1675">
    <p class='ocr_par' dir='ltr' id='par_1_37' title="bbox 2065 1597 3611 1675">
     <span class='ocr_line' id='line_1_37' title="bbox 2065 1597 3611 1675; baseline -0.002 -19"><span class='ocrx_word' id='word_1_217' title='bbox 2065 1597 2110 1670; x_wconf 83' lang='grc' dir='ltr'><strong>ᾧ</strong></span> <span class='ocrx_word' id='word_1_218' title='bbox 2141 1605 2239 1673; x_wconf 83' lang='grc' dir='ltr'><strong>τὴν</strong></span> <span class='ocrx_word' id='word_1_219' title='bbox 2263 1604 2591 1672; x_wconf 82' lang='grc' dir='ltr'><strong>δηλωθείσαν</strong></span> <span class='ocrx_word' id='word_1_220' title='bbox 2637 1603 2913 1675; x_wconf 79' lang='grc' dir='ltr'><em>προκοπὴν</em></span> <span class='ocrx_word' id='word_1_221' title='bbox 2955 1602 3214 1656; x_wconf 83' lang='grc' dir='ltr'><strong>διανύσει.</strong></span> <span class='ocrx_word' id='word_1_222' title='bbox 3257 1602 3322 1655; x_wconf 88' lang='grc' dir='ltr'>Τί</span> <span class='ocrx_word' id='word_1_223' title='bbox 3345 1601 3402 1654; x_wconf 82' lang='grc' dir='ltr'><strong>δέ</strong></span> <span class='ocrx_word' id='word_1_224' title='bbox 3426 1602 3536 1652; x_wconf 74' lang='grc' dir='ltr'><strong>ἐστι</strong></span> <span class='ocrx_word' id='word_1_225' title='bbox 3564 1602 3611 1653; x_wconf 72' lang='grc' dir='ltr'><strong>τὸ</strong></span> 
     </span>
    </p>
   </div>
   <div class='ocr_carea' id='block_1_38' title="bbox 2070 1694 3611 1767">
    <p class='ocr_par' dir='ltr' id='par_1_38' title="bbox 2070 1694 3611 1767">
     <span class='ocr_line' id='line_1_38' title="bbox 2070 1694 3611 1767; baseline -0.001 -20"><span class='ocrx_word' id='word_1_226' title='bbox 2070 1697 2288 1748; x_wconf 77' lang='grc' dir='ltr'><strong>ἑστάναι</strong></span> <span class='ocrx_word' id='word_1_227' title='bbox 2317 1696 2456 1766; x_wconf 83' lang='grc' dir='ltr'>Θεῷ,</span> <span class='ocrx_word' id='word_1_228' title='bbox 2481 1697 2513 1767; x_wconf 84' lang='grc' dir='ltr'>ἢ</span> <span class='ocrx_word' id='word_1_229' title='bbox 2542 1698 2599 1749; x_wconf 81' lang='grc' dir='ltr'><strong>τὸ</strong></span> <span class='ocrx_word' id='word_1_230' title='bbox 2623 1698 2836 1767; x_wconf 77' lang='grc' dir='ltr'><strong>ἕτοιμον</strong></span> <span class='ocrx_word' id='word_1_231' title='bbox 2886 1695 3135 1751; x_wconf 80' lang='grc' dir='ltr'><strong>γενέσθαι</strong></span> <span class='ocrx_word' id='word_1_232' title='bbox 3167 1696 3305 1758; x_wconf 63' lang='grc' dir='ltr'><em>ποὺς,</em></span> <span class='ocrx_word' id='word_1_233' title='bbox 3342 1694 3405 1747; x_wconf 83' lang='grc' dir='ltr'><strong>τὸ</strong></span> <span class='ocrx_word' id='word_1_234' title='bbox 3434 1694 3611 1763; x_wconf 70' lang='grc' dir='ltr'><strong>ἀκροᾶ-</strong></span> 
     </span>
    </p>
   </div>
   <div class='ocr_carea' id='block_1_39' title="bbox 2000 1785 2758 1856">
    <p class='ocr_par' dir='ltr' id='par_1_39' title="bbox 2000 1785 2758 1856">
     <span class='ocr_line' id='line_1_39' title="bbox 2000 1785 2758 1856; baseline 0.007 -18"><span class='ocrx_word' id='word_1_235' title='bbox 2000 1793 2041 1847; x_wconf 84' lang='grc' dir='ltr'><strong>Β</strong></span> <span class='ocrx_word' id='word_1_236' title='bbox 2079 1785 2201 1839; x_wconf 83' lang='grc' dir='ltr'>σθαι</span> <span class='ocrx_word' id='word_1_237' title='bbox 2236 1786 2368 1840; x_wconf 83' lang='grc' dir='ltr'>Θεοῦ</span> <span class='ocrx_word' id='word_1_238' title='bbox 2390 1787 2758 1856; x_wconf 84' lang='grc' dir='ltr'>διδασκαλίαν;</span> 
     </span>
    </p>
   </div>
   <div class='ocr_carea' id='block_1_40' title="bbox 2145 1877 3613 1948">
    <p class='ocr_par' dir='ltr' id='par_1_40' title="bbox 2145 1877 3613 1948">
     <span class='ocr_line' id='line_1_40' title="bbox 2145 1877 3613 1948; baseline 0.011 -20"><span class='ocrx_word' id='word_1_239' title='bbox 2145 1878 2235 1930; x_wconf 83' lang='grc' dir='ltr'><strong>Στ.</strong></span> <span class='ocrx_word' id='word_1_240' title='bbox 2274 1884 2343 1947; x_wconf 84' lang='grc' dir='ltr'><strong>γ’.</strong></span> <span class='ocrx_word' id='word_1_241' title='bbox 2384 1880 2493 1933; x_wconf 79' lang='grc' dir='ltr'><strong>Καὶ</strong></span> <span class='ocrx_word' id='word_1_242' title='bbox 2526 1880 2737 1948; x_wconf 80' lang='grc' dir='ltr'><em>μηδεὶς</em></span> <span class='ocrx_word' id='word_1_243' title='bbox 2766 1878 3037 1948; x_wconf 78' lang='grc' dir='ltr'><strong>ἀναϐήτω</strong></span> <span class='ocrx_word' id='word_1_244' title='bbox 3053 1878 3201 1948; x_wconf 80' lang='grc' dir='ltr'><em>μετὰ</em></span> <span class='ocrx_word' id='word_1_245' title='bbox 3229 1877 3365 1940; x_wconf 74' lang='grc' dir='ltr'><em>σοῦ,</em></span> <span class='ocrx_word' id='word_1_246' title='bbox 3403 1878 3499 1930; x_wconf 65' lang='grc' dir='ltr'><strong>καὶ</strong></span> <span class='ocrx_word' id='word_1_247' title='bbox 3519 1895 3613 1944; x_wconf 81' lang='grc' dir='ltr'><strong>μη·</strong></span> 
     </span>
    </p>
   </div>
   <div class='ocr_carea' id='block_1_41' title="bbox 2068 1968 3614 2040">
    <p class='ocr_par' dir='ltr' id='par_1_41' title="bbox 2068 1968 3614 2040">
     <span class='ocr_line' id='line_1_41' title="bbox 2068 1968 3614 2040; baseline 0.001 -20"><span class='ocrx_word' id='word_1_248' title='bbox 2068 1968 2191 2034; x_wconf 79' lang='grc' dir='ltr'><em>δεὶς</em></span> <span class='ocrx_word' id='word_1_249' title='bbox 2241 1970 2475 2037; x_wconf 68' lang='grc' dir='ltr'><strong>ὀφθήτω</strong></span> <span class='ocrx_word' id='word_1_250' title='bbox 2519 1972 2589 2023; x_wconf 83' lang='grc' dir='ltr'><strong>ἐν</strong></span> <span class='ocrx_word' id='word_1_251' title='bbox 2617 1973 2794 2024; x_wconf 78' lang='grc' dir='ltr'><em>παντὶ</em></span> <span class='ocrx_word' id='word_1_252' title='bbox 2847 1970 2925 2036; x_wconf 83' lang='grc' dir='ltr'><strong>τῷ</strong></span> <span class='ocrx_word' id='word_1_253' title='bbox 2961 1971 3097 2040; x_wconf 78' lang='grc' dir='ltr'><em>ὄρει·</em></span> <span class='ocrx_word' id='word_1_254' title='bbox 3134 1970 3233 2024; x_wconf 77' lang='grc' dir='ltr'><strong>καὶ</strong></span> <span class='ocrx_word' id='word_1_255' title='bbox 3278 1971 3352 2023; x_wconf 81' lang='grc' dir='ltr'><em>τὰ</em></span> <span class='ocrx_word' id='word_1_256' title='bbox 3379 1972 3614 2036; x_wconf 69' lang='grc' dir='ltr'><em>πρόϐατα</em></span> 
     </span>
    </p>
   </div>
   <div class='ocr_carea' id='block_1_42' title="bbox 2070 2060 3613 2131">
    <p class='ocr_par' dir='ltr' id='par_1_42' title="bbox 2070 2060 3613 2131">
     <span class='ocr_line' id='line_1_42' title="bbox 2070 2060 3613 2131; baseline -0.001 -18"><span class='ocrx_word' id='word_1_257' title='bbox 2070 2061 2167 2114; x_wconf 79' lang='grc' dir='ltr'><strong>καὶ</strong></span> <span class='ocrx_word' id='word_1_258' title='bbox 2210 2065 2264 2115; x_wconf 85' lang='lat' dir='ltr'><strong>ot</strong></span> <span class='ocrx_word' id='word_1_259' title='bbox 2310 2063 2459 2127; x_wconf 78' lang='grc' dir='ltr'><em>,βόες</em></span> <span class='ocrx_word' id='word_1_260' title='bbox 2496 2061 2579 2131; x_wconf 82' lang='grc' dir='ltr'><strong>μὴ</strong></span> <span class='ocrx_word' id='word_1_261' title='bbox 2620 2063 3008 2131; x_wconf 83' lang='grc' dir='ltr'><em>νεμέσθωσαν</em></span> <span class='ocrx_word' id='word_1_262' title='bbox 3029 2062 3288 2130; x_wconf 70' lang='grc' dir='ltr'><em>πλησίον</em></span> <span class='ocrx_word' id='word_1_263' title='bbox 3312 2060 3421 2113; x_wconf 85' lang='grc' dir='ltr'><em>τοῦ</em></span> <span class='ocrx_word' id='word_1_264' title='bbox 3443 2060 3613 2126; x_wconf 77' lang='grc' dir='ltr'><em>ὄρους.</em></span> 
     </span>
    </p>
   </div>
   <div class='ocr_carea' id='block_1_43' title="bbox 2144 2150 3616 2225">
    <p class='ocr_par' dir='ltr' id='par_1_43' title="bbox 2144 2150 3616 2225">
     <span class='ocr_line' id='line_1_43' title="bbox 2144 2150 3616 2225; baseline -0.001 -20"><span class='ocrx_word' id='word_1_265' title='bbox 2144 2151 2419 2222; x_wconf 83' lang='grc' dir='ltr'><strong>Διδύμου.</strong></span> <span class='ocrx_word' id='word_1_266' title='bbox 2448 2154 2571 2217; x_wconf 84' lang='grc' dir='ltr'><strong>Τοῖς</strong></span> <span class='ocrx_word' id='word_1_267' title='bbox 2621 2154 3065 2225; x_wconf 76' lang='grc' dir='ltr'><strong>ἀπολειπομέναις</strong></span> <span class='ocrx_word' id='word_1_268' title='bbox 3108 2154 3207 2224; x_wconf 83' lang='grc' dir='ltr'><strong>τῆς</strong></span> <span class='ocrx_word' id='word_1_269' title='bbox 3238 2151 3334 2205; x_wconf 79' lang='grc' dir='ltr'><strong>τοῦ</strong></span> <span class='ocrx_word' id='word_1_270' title='bbox 3368 2150 3616 2212; x_wconf 77' lang='grc' dir='ltr'><strong>Μωῦσὲως</strong></span> 
     </span>
    </p>
   </div>
   <div class='ocr_carea' id='block_1_44' title="bbox 2073 2242 3428 2318">
    <p class='ocr_par' dir='ltr' id='par_1_44' title="bbox 2073 2242 3428 2318">
     <span class='ocr_line' id='line_1_44' title="bbox 2073 2242 3428 2318; baseline 0.001 -24"><span class='ocrx_word' id='word_1_271' title='bbox 2073 2242 2404 2314; x_wconf 83' lang='grc' dir='ltr'><strong>τελειότητος</strong></span> <span class='ocrx_word' id='word_1_272' title='bbox 2429 2245 2611 2316; x_wconf 78' lang='grc' dir='ltr'><strong>μένειν</strong></span> <span class='ocrx_word' id='word_1_273' title='bbox 2628 2247 2777 2301; x_wconf 83' lang='grc' dir='ltr'><strong>κάτω</strong></span> <span class='ocrx_word' id='word_1_274' title='bbox 2800 2246 2892 2299; x_wconf 81' lang='grc' dir='ltr'><strong>τοῦ</strong></span> <span class='ocrx_word' id='word_1_275' title='bbox 2919 2246 3077 2318; x_wconf 77' lang='grc' dir='ltr'><em>ὅρους</em></span> <span class='ocrx_word' id='word_1_276' title='bbox 3106 2244 3428 2317; x_wconf 79' lang='grc' dir='ltr'><em>προσέταξε.</em></span> 
     </span>
    </p>
   </div>
   <div class='ocr_carea' id='block_1_45' title="bbox 486 2370 3616 2452">
    <p class='ocr_par' dir='ltr' id='par_1_45' title="bbox 486 2370 3616 2452">
     <span class='ocr_line' id='line_1_45' title="bbox 486 2370 3616 2452; baseline 0.004 -28"><span class='ocrx_word' id='word_1_277' title='bbox 486 2370 560 2451; x_wconf 66' lang='grc' dir='ltr'><strong>(ί)</strong></span> <span class='ocrx_word' id='word_1_278' title='bbox 612 2372 756 2452; x_wconf 71' lang='lat' dir='ltr'><strong>Huic</strong></span> <span class='ocrx_word' id='word_1_279' title='bbox 787 2377 1170 2433; x_wconf 86' lang='lat' dir='ltr'><strong>commentario</strong></span> <span class='ocrx_word' id='word_1_280' title='bbox 1199 2376 1479 2446; x_wconf 85' lang='lat' dir='ltr'><strong>sequentia</strong></span> <span class='ocrx_word' id='word_1_281' title='bbox 1523 2376 1574 2430; x_wconf 90' lang='lat' dir='ltr'><strong>in</strong></span> <span class='ocrx_word' id='word_1_282' title='bbox 1607 2375 1789 2430; x_wconf 88' lang='lat' dir='ltr'><strong>codice</strong></span> <span class='ocrx_word' id='word_1_283' title='bbox 1838 2372 2266 2445; x_wconf 65' lang='lat' dir='ltr'><strong>subiunguntur:</strong></span> <span class='ocrx_word' id='word_1_284' title='bbox 2303 2380 2448 2435; x_wconf 85' lang='lat' dir='ltr'><strong>Idem</strong></span> <span class='ocrx_word' id='word_1_285' title='bbox 2478 2392 2524 2436; x_wconf 82' lang='lat' dir='ltr'><strong>et</strong></span> <span class='ocrx_word' id='word_1_286' title='bbox 2590 2380 2867 2452; x_wconf 77' lang='lat' dir='ltr'><strong>Gregorius</strong></span> <span class='ocrx_word' id='word_1_287' title='bbox 2916 2380 3188 2450; x_wconf 71' lang='lat' dir='ltr'><strong>Nyssa&#39;us.</strong></span> <span class='ocrx_word' id='word_1_288' title='bbox 3222 2379 3350 2436; x_wconf 64' lang='lat' dir='ltr'><strong>Haec</strong></span> <span class='ocrx_word' id='word_1_289' title='bbox 3370 2392 3539 2437; x_wconf 86' lang='lat' dir='ltr'><strong>autem</strong></span> <span class='ocrx_word' id='word_1_290' title='bbox 3573 2384 3616 2437; x_wconf 89' lang='lat' dir='ltr'><strong>in</strong></span> 
     </span>
    </p>
   </div>
   <div class='ocr_carea' id='block_1_46' title="bbox 410 2441 1011 2513">
    <p class='ocr_par' dir='ltr' id='par_1_46' title="bbox 410 2441 1011 2513">
     <span class='ocr_line' id='line_1_46' title="bbox 410 2441 1011 2513; baseline 0.008 -19"><span class='ocrx_word' id='word_1_291' title='bbox 410 2441 566 2495; x_wconf 75' lang='lat' dir='ltr'><strong>editis</strong></span> <span class='ocrx_word' id='word_1_292' title='bbox 593 2459 713 2495; x_wconf 82' lang='lat' dir='ltr'><strong>mox</strong></span> <span class='ocrx_word' id='word_1_293' title='bbox 745 2445 1011 2513; x_wconf 78' lang='lat' dir='ltr'><strong>leguntur.</strong></span> 
     </span>
    </p>
   </div>
   <div class='ocr_carea' id='block_1_47' title="bbox 1074 2765 3001 2858">
    <p class='ocr_par' dir='ltr' id='par_1_47' title="bbox 1074 2765 3001 2858">
     <span class='ocr_line' id='line_1_47' title="bbox 1074 2765 3001 2858; baseline 0.003 -8"><span class='ocrx_word' id='word_1_294' title='bbox 1074 2765 1789 2855; x_wconf 80' lang='lat' dir='ltr'><strong>FRAGMENTA</strong></span> <span class='ocrx_word' id='word_1_295' title='bbox 1862 2767 1987 2854; x_wconf 90' lang='lat' dir='ltr'><strong>IN</strong></span> <span class='ocrx_word' id='word_1_296' title='bbox 2065 2766 2471 2858; x_wconf 84' lang='lat' dir='ltr'><strong>REGUM</strong></span> <span class='ocrx_word' id='word_1_297' title='bbox 2551 2768 2786 2855; x_wconf 89' lang='lat' dir='ltr'><strong>LIB.</strong></span> <span class='ocrx_word' id='word_1_298' title='bbox 2863 2768 3001 2856; x_wconf 89' lang='grc' dir='ltr'><strong>ΙΙ.</strong></span> 
     </span>
    </p>
   </div>
   <div class='ocr_carea' id='block_1_48' title="bbox 1345 2953 2731 3030">
    <p class='ocr_par' dir='ltr' id='par_1_48' title="bbox 1345 2953 2731 3030">
     <span class='ocr_line' id='line_1_48' title="bbox 1345 2953 2731 3030; baseline 0.004 -23"><span class='ocrx_word' id='word_1_299' title='bbox 1345 2953 1452 3027; x_wconf 78' lang='lat' dir='ltr'><strong>(Ea:</strong></span> <span class='ocrx_word' id='word_1_300' title='bbox 1479 2953 1677 3010; x_wconf 87' lang='lat' dir='ltr'><strong>Catena</strong></span> <span class='ocrx_word' id='word_1_301' title='bbox 1709 2953 1993 3025; x_wconf 84' lang='lat' dir='ltr'><strong>Nicephori</strong></span> <span class='ocrx_word' id='word_1_302' title='bbox 2019 2973 2175 3028; x_wconf 84' lang='lat' dir='ltr'><strong>supra</strong></span> <span class='ocrx_word' id='word_1_303' title='bbox 2200 2957 2440 3023; x_wconf 83' lang='lat' dir='ltr'><strong>laudata,</strong></span> <span class='ocrx_word' id='word_1_304' title='bbox 2470 2964 2595 3012; x_wconf 83' lang='lat' dir='ltr'><strong>tom.</strong></span> <span class='ocrx_word' id='word_1_305' title='bbox 2619 2958 2731 3030; x_wconf 85' lang='grc'><strong>11.)</strong></span> 
     </span>
    </p>
   </div>
   <div class='ocr_carea' id='block_1_49' title="bbox 486 3261 1974 3341">
    <p class='ocr_par' dir='ltr' id='par_1_49' title="bbox 486 3261 1974 3330">
     <span class='ocr_line' id='line_1_49' title="bbox 486 3261 1974 3330; baseline 0.002 -11"><span class='ocrx_word' id='word_1_306' title='bbox 486 3261 638 3321; x_wconf 83' lang='lat' dir='ltr'><strong>CAP.</strong></span> <span class='ocrx_word' id='word_1_307' title='bbox 679 3261 844 3321; x_wconf 80' lang='lat' dir='ltr'><strong>XXII.</strong></span> <span class='ocrx_word' id='word_1_308' title='bbox 896 3263 1051 3321; x_wconf 78' lang='lat' dir='ltr'><strong>Vers.</strong></span> <span class='ocrx_word' id='word_1_309' title='bbox 1100 3264 1152 3318; x_wconf 86' lang='lat'><strong>5.</strong></span> <span class='ocrx_word' id='word_1_310' title='bbox 1206 3263 1343 3330; x_wconf 81' lang='lat' dir='ltr'><strong>Quia</strong></span> <span class='ocrx_word' id='word_1_311' title='bbox 1394 3264 1845 3320; x_wconf 87' lang='lat' dir='ltr'><strong>circumdederunt</strong></span> <span class='ocrx_word' id='word_1_312' title='bbox 1900 3283 1974 3322; x_wconf 81' lang='lat' dir='ltr'><strong>me</strong></span> 
     </span>
    </p>
   </div>
   <div class='ocr_carea' id='block_1_50' title="bbox 2107 3261 3626 3341">
    <p class='ocr_par' dir='ltr' id='par_1_50' title="bbox 2151 3267 3626 3341">
     <span class='ocr_line' id='line_1_50' title="bbox 2151 3267 3626 3341; baseline 0.003 -21"><span class='ocrx_word' id='word_1_313' title='bbox 2151 3268 2307 3320; x_wconf 82' lang='grc' dir='ltr'>ΚΕΦ.</span> <span class='ocrx_word' id='word_1_314' title='bbox 2348 3267 2475 3333; x_wconf 78' lang='lat' dir='ltr'><strong>KB&#39;,</strong></span> <span class='ocrx_word' id='word_1_315' title='bbox 2505 3283 2587 3321; x_wconf 85' lang='grc' dir='ltr'><strong>στ.</strong></span> <span class='ocrx_word' id='word_1_316' title='bbox 2616 3275 2679 3323; x_wconf 84' lang='grc' dir='ltr'><strong>ε’.</strong></span> <span class='ocrx_word' id='word_1_317' title='bbox 2702 3268 2831 3323; x_wconf 87' lang='grc' dir='ltr'><strong>Ὅτι</strong></span> <span class='ocrx_word' id='word_1_318' title='bbox 2854 3267 3179 3336; x_wconf 76' lang='grc' dir='ltr'><strong>περιέσχον</strong></span> <span class='ocrx_word' id='word_1_319' title='bbox 3195 3285 3275 3338; x_wconf 79' lang='grc' dir='ltr'><em>με</em></span> <span class='ocrx_word' id='word_1_320' title='bbox 3295 3271 3626 3341; x_wconf 78' lang='grc' dir='ltr'><strong>συντριμμοί</strong></span> 
     </span>
    </p>
   </div>
   <div class='ocr_carea' id='block_1_51' title="bbox 416 3357 1985 3426">
    <p class='ocr_par' dir='ltr' id='par_1_51' title="bbox 416 3357 1985 3426">
     <span class='ocr_line' id='line_1_51' title="bbox 416 3357 1985 3426; baseline 0.003 -17"><span class='ocrx_word' id='word_1_321' title='bbox 416 3357 747 3411; x_wconf 85' lang='lat' dir='ltr'><strong>contritiones</strong></span> <span class='ocrx_word' id='word_1_322' title='bbox 798 3358 1020 3411; x_wconf 89' lang='lat' dir='ltr'><strong>mortis:</strong></span> <span class='ocrx_word' id='word_1_323' title='bbox 1050 3365 1302 3411; x_wconf 81' lang='lat' dir='ltr'><strong>torrentes</strong></span> <span class='ocrx_word' id='word_1_324' title='bbox 1359 3358 1651 3426; x_wconf 86' lang='lat' dir='ltr'><strong>iniquitatis</strong></span> <span class='ocrx_word' id='word_1_325' title='bbox 1690 3369 1985 3414; x_wconf 85' lang='lat' dir='ltr'><strong>terruerunt</strong></span> 
     </span>
    </p>
   </div>
   <div class='ocr_carea' id='block_1_52' title="bbox 416 3466 517 3506">
    <p class='ocr_par' dir='ltr' id='par_1_52' title="bbox 416 3466 517 3506">
     <span class='ocr_line' id='line_1_52' title="bbox 416 3466 517 3506; baseline 0.03 -3"><span class='ocrx_word' id='word_1_326' title='bbox 416 3466 517 3506; x_wconf 88' lang='lat' dir='ltr'><strong>me.</strong></span> 
     </span>
    </p>
   </div>
   <div class='ocr_carea' id='block_1_53' title="bbox 492 3540 1984 3613">
    <p class='ocr_par' dir='ltr' id='par_1_53' title="bbox 492 3540 1984 3613">
     <span class='ocr_line' id='line_1_53' title="bbox 492 3540 1984 3613; baseline 0.003 -20"><span class='ocrx_word' id='word_1_327' title='bbox 492 3540 721 3611; x_wconf 84' lang='lat' dir='ltr'><strong>Didymi.</strong></span> <span class='ocrx_word' id='word_1_328' title='bbox 750 3569 820 3581; x_wconf 94' lang='lat'><em>—</em></span> <span class='ocrx_word' id='word_1_329' title='bbox 868 3540 959 3596; x_wconf 85' lang='lat' dir='ltr'><strong>Vel</strong></span> <span class='ocrx_word' id='word_1_330' title='bbox 1005 3543 1165 3597; x_wconf 91' lang='lat' dir='ltr'><strong>etiam</strong></span> <span class='ocrx_word' id='word_1_331' title='bbox 1217 3553 1470 3597; x_wconf 86' lang='lat' dir='ltr'><strong>torrentes</strong></span> <span class='ocrx_word' id='word_1_332' title='bbox 1508 3543 1805 3613; x_wconf 86' lang='lat' dir='ltr'><strong>iniquitatis</strong></span> <span class='ocrx_word' id='word_1_333' title='bbox 1834 3544 1984 3610; x_wconf 85' lang='lat' dir='ltr'><strong>dicit,</strong></span> 
     </span>
    </p>
   </div>
   <div class='ocr_carea' id='block_1_54' title="bbox 417 3633 1987 3705">
    <p class='ocr_par' dir='ltr' id='par_1_54' title="bbox 417 3633 1987 3705">
     <span class='ocr_line' id='line_1_54' title="bbox 417 3633 1987 3705; baseline 0.005 -22"><span class='ocrx_word' id='word_1_334' title='bbox 417 3633 541 3699; x_wconf 86' lang='lat' dir='ltr'><strong>quia</strong></span> <span class='ocrx_word' id='word_1_335' title='bbox 575 3634 626 3687; x_wconf 91' lang='lat' dir='ltr'><strong>iu</strong></span> <span class='ocrx_word' id='word_1_336' title='bbox 670 3633 1006 3702; x_wconf 88' lang='lat' dir='ltr'><strong>iniquitatem</strong></span> <span class='ocrx_word' id='word_1_337' title='bbox 1053 3634 1298 3690; x_wconf 86' lang='lat' dir='ltr'><strong>incidunt</strong></span> <span class='ocrx_word' id='word_1_338' title='bbox 1339 3636 1428 3705; x_wconf 87' lang='lat' dir='ltr'><strong>qui</strong></span> <span class='ocrx_word' id='word_1_339' title='bbox 1454 3652 1559 3690; x_wconf 91' lang='lat' dir='ltr'><strong>non</strong></span> <span class='ocrx_word' id='word_1_340' title='bbox 1594 3636 1821 3692; x_wconf 85' lang='lat' dir='ltr'><strong>viriliter</strong></span> <span class='ocrx_word' id='word_1_341' title='bbox 1855 3637 1987 3691; x_wconf 87' lang='lat' dir='ltr'><strong>resi-</strong></span> 
     </span>
    </p>
   </div>
   <div class='ocr_carea' id='block_1_55' title="bbox 417 3725 1003 3779">
    <p class='ocr_par' dir='ltr' id='par_1_55' title="bbox 417 3725 1003 3779">
     <span class='ocr_line' id='line_1_55' title="bbox 417 3725 1003 3779; baseline 0.003 -2"><span class='ocrx_word' id='word_1_342' title='bbox 417 3731 571 3777; x_wconf 78' lang='lat' dir='ltr'><strong>Munt</strong></span> <span class='ocrx_word' id='word_1_343' title='bbox 597 3725 1003 3779; x_wconf 87' lang='lat' dir='ltr'><strong>tentationlbus.</strong></span> 
     </span>
    </p>
   </div>
   <div class='ocr_carea' id='block_1_56' title="bbox 491 3814 1989 3887">
    <p class='ocr_par' dir='ltr' id='par_1_56' title="bbox 491 3814 1989 3887">
     <span class='ocr_line' id='line_1_56' title="bbox 491 3814 1989 3887; baseline 0.003 -19"><span class='ocrx_word' id='word_1_344' title='bbox 491 3814 657 3869; x_wconf 71' lang='lat' dir='ltr'><strong>Vsus.</strong></span> <span class='ocrx_word' id='word_1_345' title='bbox 691 3815 745 3870; x_wconf 86' lang='lat'><strong>6.</strong></span> <span class='ocrx_word' id='word_1_346' title='bbox 779 3815 996 3869; x_wconf 88' lang='lat' dir='ltr'><strong>Dolores</strong></span> <span class='ocrx_word' id='word_1_347' title='bbox 1019 3817 1215 3886; x_wconf 80' lang='lat' dir='ltr'><strong>inferni</strong></span> <span class='ocrx_word' id='word_1_348' title='bbox 1238 3817 1685 3871; x_wconf 84' lang='lat' dir='ltr'><strong>circumdederunt</strong></span> <span class='ocrx_word' id='word_1_349' title='bbox 1717 3834 1795 3873; x_wconf 86' lang='lat' dir='ltr'><strong>me</strong></span> <span class='ocrx_word' id='word_1_350' title='bbox 1846 3836 1989 3887; x_wconf 79' lang='lat' dir='ltr'><strong>pra:-</strong></span> 
     </span>
    </p>
   </div>
   <div class='ocr_carea' id='block_1_57' title="bbox 420 3907 1349 3977">
    <p class='ocr_par' dir='ltr' id='par_1_57' title="bbox 420 3907 1349 3977">
     <span class='ocr_line' id='line_1_57' title="bbox 420 3907 1349 3977; baseline 0.004 -19"><span class='ocrx_word' id='word_1_351' title='bbox 420 3914 666 3958; x_wconf 76' lang='lat' dir='ltr'><strong>renerunt</strong></span> <span class='ocrx_word' id='word_1_352' title='bbox 695 3922 776 3959; x_wconf 86' lang='lat' dir='ltr'><strong>nte</strong></span> <span class='ocrx_word' id='word_1_353' title='bbox 813 3907 1115 3977; x_wconf 73' lang='lat' dir='ltr'><strong>aﬂiictiones</strong></span> <span class='ocrx_word' id='word_1_354' title='bbox 1144 3908 1349 3962; x_wconf 89' lang='lat' dir='ltr'><strong>mortis.</strong></span> 
     </span>
    </p>
   </div>
   <div class='ocr_carea' id='block_1_58' title="bbox 494 3994 1988 4070">
    <p class='ocr_par' dir='ltr' id='par_1_58' title="bbox 494 3994 1988 4070">
     <span class='ocr_line' id='line_1_58' title="bbox 494 3994 1988 4070; baseline 0.004 -23"><span class='ocrx_word' id='word_1_355' title='bbox 494 3994 831 4063; x_wconf 73' lang='lat' dir='ltr'><strong>Didymi.——</strong></span> <span class='ocrx_word' id='word_1_356' title='bbox 872 3997 1095 4052; x_wconf 85' lang='lat' dir='ltr'><strong>Dolores</strong></span> <span class='ocrx_word' id='word_1_357' title='bbox 1153 3999 1343 4053; x_wconf 84' lang='lat' dir='ltr'><strong>mortis</strong></span> <span class='ocrx_word' id='word_1_358' title='bbox 1395 4008 1449 4054; x_wconf 91' lang='lat' dir='ltr'><strong>et</strong></span> <span class='ocrx_word' id='word_1_359' title='bbox 1516 3999 1715 4055; x_wconf 88' lang='lat' dir='ltr'><strong>inferni</strong></span> <span class='ocrx_word' id='word_1_360' title='bbox 1768 4010 1988 4070; x_wconf 87' lang='lat' dir='ltr'><strong>peccata</strong></span> 
     </span>
    </p>
   </div>
   <div class='ocr_carea' id='block_1_59' title="bbox 424 4083 774 4138">
    <p class='ocr_par' dir='ltr' id='par_1_59' title="bbox 424 4083 774 4138">
     <span class='ocr_line' id='line_1_59' title="bbox 424 4083 774 4138; baseline 0.003 -1"><span class='ocrx_word' id='word_1_361' title='bbox 424 4093 549 4137; x_wconf 86' lang='lat' dir='ltr'><strong>sunt</strong></span> <span class='ocrx_word' id='word_1_362' title='bbox 574 4083 774 4138; x_wconf 79' lang='lat' dir='ltr'><strong>letalia.</strong></span> 
     </span>
    </p>
   </div>
   <div class='ocr_carea' id='block_1_60' title="bbox 498 4175 1992 4252">
    <p class='ocr_par' dir='ltr' id='par_1_60' title="bbox 498 4175 1992 4252">
     <span class='ocr_line' id='line_1_60' title="bbox 498 4175 1992 4252; baseline 0.006 -24"><span class='ocrx_word' id='word_1_363' title='bbox 498 4175 658 4230; x_wconf 71' lang='lat' dir='ltr'><strong>Vens.</strong></span> <span class='ocrx_word' id='word_1_364' title='bbox 688 4178 742 4232; x_wconf 85' lang='lat'><strong>9.</strong></span> <span class='ocrx_word' id='word_1_365' title='bbox 780 4179 1029 4231; x_wconf 81' lang='lat' dir='ltr'><strong>Ascendit</strong></span> <span class='ocrx_word' id='word_1_366' title='bbox 1062 4180 1237 4248; x_wconf 76' lang='lat' dir='ltr'><strong>[unius</strong></span> <span class='ocrx_word' id='word_1_367' title='bbox 1284 4182 1339 4234; x_wconf 89' lang='lat' dir='ltr'><strong>in</strong></span> <span class='ocrx_word' id='word_1_368' title='bbox 1390 4199 1470 4235; x_wconf 78' lang='lat' dir='ltr'><strong>ira</strong></span> <span class='ocrx_word' id='word_1_369' title='bbox 1508 4200 1641 4249; x_wconf 68' lang='lat' dir='ltr'><strong>ejus.</strong></span> <span class='ocrx_word' id='word_1_370' title='bbox 1673 4193 1720 4235; x_wconf 86' lang='lat' dir='ltr'><strong>et</strong></span> <span class='ocrx_word' id='word_1_371' title='bbox 1770 4184 1903 4252; x_wconf 86' lang='lat' dir='ltr'><strong>ignis</strong></span> <span class='ocrx_word' id='word_1_372' title='bbox 1930 4186 1992 4237; x_wconf 82' lang='lat' dir='ltr'><strong>de</strong></span> 
     </span>
    </p>
   </div>
   <div class='ocr_carea' id='block_1_61' title="bbox 428 4268 1772 4336">
    <p class='ocr_par' dir='ltr' id='par_1_61' title="bbox 428 4268 1772 4336">
     <span class='ocr_line' id='line_1_61' title="bbox 428 4268 1772 4336; baseline 0.007 -17"><span class='ocrx_word' id='word_1_373' title='bbox 428 4282 516 4319; x_wconf 88' lang='lat' dir='ltr'><strong>ore</strong></span> <span class='ocrx_word' id='word_1_374' title='bbox 542 4268 655 4336; x_wconf 82' lang='lat' dir='ltr'><strong>ejus</strong></span> <span class='ocrx_word' id='word_1_375' title='bbox 684 4270 910 4335; x_wconf 84' lang='lat' dir='ltr'><strong>vorabit;</strong></span> <span class='ocrx_word' id='word_1_376' title='bbox 941 4273 1189 4325; x_wconf 81' lang='lat' dir='ltr'><strong>carbones</strong></span> <span class='ocrx_word' id='word_1_377' title='bbox 1221 4274 1426 4326; x_wconf 86' lang='lat' dir='ltr'><strong>accensi</strong></span> <span class='ocrx_word' id='word_1_378' title='bbox 1451 4282 1573 4326; x_wconf 84' lang='lat' dir='ltr'><strong>sunt</strong></span> <span class='ocrx_word' id='word_1_379' title='bbox 1601 4275 1662 4328; x_wconf 92' lang='lat' dir='ltr'><strong>ab</strong></span> <span class='ocrx_word' id='word_1_380' title='bbox 1691 4291 1772 4328; x_wconf 89' lang='lat' dir='ltr'><strong>eo.</strong></span> 
     </span>
    </p>
   </div>
   <div class='ocr_carea' id='block_1_62' title="bbox 2085 3358 3627 3435">
    <p class='ocr_par' dir='ltr' id='par_1_62' title="bbox 2085 3358 3627 3435">
     <span class='ocr_line' id='line_1_62' title="bbox 2085 3358 3627 3435; baseline 0.002 -21"><span class='ocrx_word' id='word_1_381' title='bbox 2085 3358 2365 3424; x_wconf 83' lang='grc' dir='ltr'><strong>θανάτου,</strong></span> <span class='ocrx_word' id='word_1_382' title='bbox 2393 3359 2490 3414; x_wconf 75' lang='grc' dir='ltr'><strong>καὶ</strong></span> <span class='ocrx_word' id='word_1_383' title='bbox 2515 3360 2820 3431; x_wconf 80' lang='grc' dir='ltr'><em>χειμαρῤοι</em></span> <span class='ocrx_word' id='word_1_384' title='bbox 2847 3362 3098 3431; x_wconf 75' lang='grc' dir='ltr'><strong>ἀνομίας</strong></span> <span class='ocrx_word' id='word_1_385' title='bbox 3121 3362 3530 3435; x_wconf 76' lang='grc' dir='ltr'><strong>ἐξεθάμόησὰν</strong></span> <span class='ocrx_word' id='word_1_386' title='bbox 3541 3380 3627 3434; x_wconf 71' lang='grc' dir='ltr'><strong>με.</strong></span> 
     </span>
    </p>
   </div>
   <div class='ocr_carea' id='block_1_63' title="bbox 2154 3534 3628 3607">
    <p class='ocr_par' dir='ltr' id='par_1_63' title="bbox 2154 3534 3628 3607">
     <span class='ocr_line' id='line_1_63' title="bbox 2154 3534 3628 3607; baseline 0.001 -20"><span class='ocrx_word' id='word_1_387' title='bbox 2154 3534 2430 3604; x_wconf 83' lang='grc' dir='ltr'><strong>Διδύμου.</strong></span> <span class='ocrx_word' id='word_1_388' title='bbox 2470 3536 2542 3590; x_wconf 85' lang='grc' dir='ltr'><strong><em>Ἦ</em></strong></span> <span class='ocrx_word' id='word_1_389' title='bbox 2572 3534 2666 3589; x_wconf 73' lang='grc' dir='ltr'><strong>καὶ</strong></span> <span class='ocrx_word' id='word_1_390' title='bbox 2710 3536 3002 3607; x_wconf 79' lang='grc' dir='ltr'><strong>χείμαρῤοι</strong></span> <span class='ocrx_word' id='word_1_391' title='bbox 3042 3535 3303 3607; x_wconf 78' lang='grc' dir='ltr'><strong>ἀνομίας,</strong></span> <span class='ocrx_word' id='word_1_392' title='bbox 3337 3536 3427 3590; x_wconf 77' lang='grc' dir='ltr'><strong>διὰ</strong></span> <span class='ocrx_word' id='word_1_393' title='bbox 3463 3537 3517 3590; x_wconf 83' lang='grc' dir='ltr'><strong>τὸ</strong></span> <span class='ocrx_word' id='word_1_394' title='bbox 3562 3538 3628 3599; x_wconf 75' lang='grc' dir='ltr'><strong>είς</strong></span> 
     </span>
    </p>
   </div>
   <div class='ocr_carea' id='block_1_64' title="bbox 2086 3628 3629 3703">
    <p class='ocr_par' dir='ltr' id='par_1_64' title="bbox 2086 3628 3629 3703">
     <span class='ocr_line' id='line_1_64' title="bbox 2086 3628 3629 3703; baseline -0.002 -20"><span class='ocrx_word' id='word_1_395' title='bbox 2086 3630 2314 3700; x_wconf 80' lang='grc' dir='ltr'><strong>ἀνομίαν</strong></span> <span class='ocrx_word' id='word_1_396' title='bbox 2342 3629 2594 3701; x_wconf 77' lang='grc' dir='ltr'><strong>ἔρχεσθαι</strong></span> <span class='ocrx_word' id='word_1_397' title='bbox 2622 3631 2747 3693; x_wconf 84' lang='grc' dir='ltr'><strong>τοὺς</strong></span> <span class='ocrx_word' id='word_1_398' title='bbox 2779 3628 2853 3699; x_wconf 82' lang='grc' dir='ltr'><strong>μὴ</strong></span> <span class='ocrx_word' id='word_1_399' title='bbox 2879 3630 3141 3698; x_wconf 80' lang='grc' dir='ltr'><strong>γενναίως</strong></span> <span class='ocrx_word' id='word_1_400' title='bbox 3165 3630 3552 3703; x_wconf 77' lang='grc' dir='ltr'><strong>ὑφισταμένους</strong></span> <span class='ocrx_word' id='word_1_401' title='bbox 3572 3630 3629 3681; x_wconf 67' lang='grc' dir='ltr'><strong>τὰ</strong></span> 
     </span>
    </p>
   </div>
   <div class='ocr_carea' id='block_1_65' title="bbox 2088 3724 2435 3794">
    <p class='ocr_par' dir='ltr' id='par_1_65' title="bbox 2088 3724 2435 3794">
     <span class='ocr_line' id='line_1_65' title="bbox 2088 3724 2435 3794; baseline -0.003 -17"><span class='ocrx_word' id='word_1_402' title='bbox 2088 3724 2435 3794; x_wconf 78' lang='grc' dir='ltr'><em>πειρατήρια.</em></span> 
     </span>
    </p>
   </div>
   <div class='ocr_carea' id='block_1_66' title="bbox 2158 3810 3630 3882">
    <p class='ocr_par' dir='ltr' id='par_1_66' title="bbox 2158 3810 3630 3882">
     <span class='ocr_line' id='line_1_66' title="bbox 2158 3810 3630 3882; baseline -0.003 -15"><span class='ocrx_word' id='word_1_403' title='bbox 2158 3815 2248 3867; x_wconf 91' lang='grc' dir='ltr'><strong>Στ.</strong></span> <span class='ocrx_word' id='word_1_404' title='bbox 2292 3821 2365 3879; x_wconf 85' lang='grc' dir='ltr'><strong>ς’.</strong></span> <span class='ocrx_word' id='word_1_405' title='bbox 2416 3812 2642 3879; x_wconf 82' lang='grc' dir='ltr'><strong>Ὠδῑνες</strong></span> <span class='ocrx_word' id='word_1_406' title='bbox 2668 3813 2818 3880; x_wconf 80' lang='grc' dir='ltr'><strong>ᾅδου</strong></span> <span class='ocrx_word' id='word_1_407' title='bbox 2847 3810 3344 3881; x_wconf 75' lang='grc' dir='ltr'><em>περιεκύκλωσάν</em></span> <span class='ocrx_word' id='word_1_408' title='bbox 3371 3826 3477 3882; x_wconf 80' lang='grc' dir='ltr'><strong>με,</strong></span> <span class='ocrx_word' id='word_1_409' title='bbox 3507 3825 3630 3878; x_wconf 71' lang='grc' dir='ltr'><em>προ-</em></span> 
     </span>
    </p>
   </div>
   <div class='ocr_carea' id='block_1_67' title="bbox 2089 3903 3196 3973">
    <p class='ocr_par' dir='ltr' id='par_1_67' title="bbox 2089 3903 3196 3973">
     <span class='ocr_line' id='line_1_67' title="bbox 2089 3903 3196 3973; baseline -0.003 -14"><span class='ocrx_word' id='word_1_410' title='bbox 2089 3903 2365 3973; x_wconf 70' lang='grc' dir='ltr'><strong>ἐφθασάν</strong></span> <span class='ocrx_word' id='word_1_411' title='bbox 2386 3921 2462 3973; x_wconf 85' lang='grc' dir='ltr'><em>με</em></span> <span class='ocrx_word' id='word_1_412' title='bbox 2495 3903 2755 3957; x_wconf 75' lang='grc' dir='ltr'><em>θανάτου</em></span> <span class='ocrx_word' id='word_1_413' title='bbox 2784 3905 3196 3971; x_wconf 74' lang='grc' dir='ltr'><em>σκληρότητες</em></span> 
     </span>
    </p>
   </div>
   <div class='ocr_carea' id='block_1_68' title="bbox 2162 3993 3631 4067">
    <p class='ocr_par' dir='ltr' id='par_1_68' title="bbox 2162 3993 3631 4067">
     <span class='ocr_line' id='line_1_68' title="bbox 2162 3993 3631 4067; baseline 0 -20"><span class='ocrx_word' id='word_1_414' title='bbox 2162 3995 2439 4064; x_wconf 78' lang='grc' dir='ltr'><strong>Διδύμου.</strong></span> <span class='ocrx_word' id='word_1_415' title='bbox 2487 3995 2683 4057; x_wconf 86' lang='grc' dir='ltr'>Ὠδίνες</span> <span class='ocrx_word' id='word_1_416' title='bbox 2710 3993 2939 4047; x_wconf 82' lang='grc' dir='ltr'><strong>θανάτου</strong></span> <span class='ocrx_word' id='word_1_417' title='bbox 2970 3994 3061 4047; x_wconf 73' lang='grc' dir='ltr'><strong>καὶ</strong></span> <span class='ocrx_word' id='word_1_418' title='bbox 3089 3994 3216 4049; x_wconf 75' lang='grc' dir='ltr'>ἆδου</span> <span class='ocrx_word' id='word_1_419' title='bbox 3242 3994 3311 4048; x_wconf 76' lang='grc' dir='ltr'><strong>τὰ</strong></span> <span class='ocrx_word' id='word_1_420' title='bbox 3338 3994 3470 4067; x_wconf 73' lang='grc' dir='ltr'><em>πρὸς</em></span> <span class='ocrx_word' id='word_1_421' title='bbox 3489 3993 3631 4047; x_wconf 74' lang='grc' dir='ltr'>θάνα-</span> 
     </span>
    </p>
   </div>
   <div class='ocr_carea' id='block_1_69' title="bbox 2092 4086 2605 4155">
    <p class='ocr_par' dir='ltr' id='par_1_69' title="bbox 2092 4086 2605 4155">
     <span class='ocr_line' id='line_1_69' title="bbox 2092 4086 2605 4155; baseline -0.004 -17"><span class='ocrx_word' id='word_1_422' title='bbox 2092 4102 2182 4138; x_wconf 87' lang='grc' dir='ltr'><strong>τον</strong></span> <span class='ocrx_word' id='word_1_423' title='bbox 2214 4086 2605 4155; x_wconf 81' lang='grc' dir='ltr'><strong>ἁμαρτήματα.</strong></span> 
     </span>
    </p>
   </div>
   <div class='ocr_carea' id='block_1_70' title="bbox 2164 4172 3631 4244">
    <p class='ocr_par' dir='ltr' id='par_1_70' title="bbox 2164 4172 3631 4244">
     <span class='ocr_line' id='line_1_70' title="bbox 2164 4172 3631 4244; baseline 0 -18"><span class='ocrx_word' id='word_1_424' title='bbox 2164 4176 2253 4227; x_wconf 82' lang='grc' dir='ltr'><strong>Στ.</strong></span> <span class='ocrx_word' id='word_1_425' title='bbox 2297 4174 2361 4227; x_wconf 83' lang='grc' dir='ltr'><strong>θ’.</strong></span> <span class='ocrx_word' id='word_1_426' title='bbox 2405 4174 2613 4243; x_wconf 77' lang='grc' dir='ltr'><strong>Ἀνέϐη</strong></span> <span class='ocrx_word' id='word_1_427' title='bbox 2642 4175 2870 4240; x_wconf 83' lang='grc' dir='ltr'><em>καπνὸς</em></span> <span class='ocrx_word' id='word_1_428' title='bbox 2891 4174 2961 4227; x_wconf 79' lang='grc' dir='ltr'><strong>ἐν</strong></span> <span class='ocrx_word' id='word_1_429' title='bbox 2986 4172 3136 4244; x_wconf 72' lang='grc' dir='ltr'><strong>ὀργῇ</strong></span> <span class='ocrx_word' id='word_1_430' title='bbox 3165 4175 3374 4239; x_wconf 82' lang='grc' dir='ltr'><em>αὑτοῦ,</em></span> <span class='ocrx_word' id='word_1_431' title='bbox 3408 4176 3499 4229; x_wconf 82' lang='grc' dir='ltr'><strong>καί</strong></span> <span class='ocrx_word' id='word_1_432' title='bbox 3527 4175 3631 4240; x_wconf 71' lang='grc' dir='ltr'><strong>πῦρ</strong></span> 
     </span>
    </p>
   </div>
   <div class='ocr_carea' id='block_1_71' title="bbox 2092 4265 3632 4334">
    <p class='ocr_par' dir='ltr' id='par_1_71' title="bbox 2092 4265 3632 4334">
     <span class='ocr_line' id='line_1_71' title="bbox 2092 4265 3632 4334; baseline 0.001 -16"><span class='ocrx_word' id='word_1_433' title='bbox 2092 4266 2159 4318; x_wconf 75' lang='grc' dir='ltr'><em>ἐκ</em></span> <span class='ocrx_word' id='word_1_434' title='bbox 2195 4266 2489 4334; x_wconf 78' lang='grc' dir='ltr'><em>στόματος</em></span> <span class='ocrx_word' id='word_1_435' title='bbox 2517 4266 2702 4321; x_wconf 81' lang='grc' dir='ltr'><em>αὐτοῦ</em></span> <span class='ocrx_word' id='word_1_436' title='bbox 2734 4266 3066 4320; x_wconf 77' lang='grc' dir='ltr'><strong>κατέδεταιο</strong></span> <span class='ocrx_word' id='word_1_437' title='bbox 3095 4265 3388 4333; x_wconf 79' lang='grc' dir='ltr'><em>ἄνθρακες</em></span> <span class='ocrx_word' id='word_1_438' title='bbox 3417 4266 3632 4329; x_wconf 75' lang='grc' dir='ltr'><strong>ἐξεκαύ-</strong></span> 
     </span>
    </p>
   </div>
   <div class='ocr_carea' id='block_1_72' title="bbox 2094 4356 2646 4424">
    <p class='ocr_par' dir='ltr' id='par_1_72' title="bbox 2094 4356 2646 4424">
     <span class='ocr_line' id='line_1_72' title="bbox 2094 4356 2646 4424; baseline -0.004 -12"><span class='ocrx_word' id='word_1_439' title='bbox 2094 4361 2289 4424; x_wconf 76' lang='grc' dir='ltr'><em>θησαν</em></span> <span class='ocrx_word' id='word_1_440' title='bbox 2315 4356 2414 4409; x_wconf 81' lang='grc' dir='ltr'><strong>ἀπ’</strong></span> <span class='ocrx_word' id='word_1_441' title='bbox 2440 4357 2646 4410; x_wconf 86' lang='grc' dir='ltr'><strong>αὑτοῦ.</strong></span> 
     </span>
    </p>
   </div>
   <div class='ocr_carea' id='block_1_73' title="bbox 496 4443 1974 4518">
    <p class='ocr_par' dir='ltr' id='par_1_73' title="bbox 496 4443 1965 4517">
     <span class='ocr_line' id='line_1_73' title="bbox 496 4443 1965 4517; baseline 0.007 -22"><span class='ocrx_word' id='word_1_442' title='bbox 496 4443 729 4512; x_wconf 83' lang='lat' dir='ltr'><strong>Didymi.</strong></span> <span class='ocrx_word' id='word_1_443' title='bbox 764 4473 834 4483; x_wconf 87' lang='lat'><strong>—-</strong></span> <span class='ocrx_word' id='word_1_444' title='bbox 860 4445 1101 4499; x_wconf 76' lang='lat' dir='ltr'><strong>Ascendit</strong></span> <span class='ocrx_word' id='word_1_445' title='bbox 1133 4447 1306 4516; x_wconf 77' lang='lat' dir='ltr'><strong>fumus</strong></span> <span class='ocrx_word' id='word_1_446' title='bbox 1334 4448 1387 4501; x_wconf 87' lang='lat' dir='ltr'><strong>in</strong></span> <span class='ocrx_word' id='word_1_447' title='bbox 1428 4450 1508 4501; x_wconf 89' lang='lat' dir='ltr'><strong>ira</strong></span> <span class='ocrx_word' id='word_1_448' title='bbox 1550 4449 1682 4517; x_wconf 80' lang='lat' dir='ltr'><strong>ejus,</strong></span> <span class='ocrx_word' id='word_1_449' title='bbox 1715 4450 1838 4503; x_wconf 90' lang='lat' dir='ltr'><strong>dum</strong></span> <span class='ocrx_word' id='word_1_450' title='bbox 1868 4464 1965 4505; x_wconf 90' lang='lat' dir='ltr'><strong>con</strong></span> 
     </span>
    </p>
   </div>
   <div class='ocr_carea' id='block_1_74' title="bbox 2107 4443 3630 4518">
    <p class='ocr_par' dir='ltr' id='par_1_74' title="bbox 2165 4447 3630 4518">
     <span class='ocr_line' id='line_1_74' title="bbox 2165 4447 3630 4518; baseline 0.005 -18"><span class='ocrx_word' id='word_1_451' title='bbox 2165 4447 2441 4516; x_wconf 81' lang='grc' dir='ltr'><strong>Διδύμου.</strong></span> <span class='ocrx_word' id='word_1_452' title='bbox 2502 4449 2709 4517; x_wconf 74' lang='grc' dir='ltr'><strong>Ἀνέϐη</strong></span> <span class='ocrx_word' id='word_1_453' title='bbox 2757 4448 2986 4515; x_wconf 83' lang='grc' dir='ltr'><em>καπνὸς</em></span> <span class='ocrx_word' id='word_1_454' title='bbox 3027 4450 3095 4503; x_wconf 76' lang='grc' dir='ltr'><strong>ἐν</strong></span> <span class='ocrx_word' id='word_1_455' title='bbox 3129 4447 3277 4518; x_wconf 75' lang='grc' dir='ltr'><strong>ὀργῇ</strong></span> <span class='ocrx_word' id='word_1_456' title='bbox 3315 4447 3510 4513; x_wconf 82' lang='grc' dir='ltr'><em>αὑτοῦ,</em></span> <span class='ocrx_word' id='word_1_457' title='bbox 3547 4448 3630 4515; x_wconf 72' lang='grc' dir='ltr'><strong>τῆς</strong></span> 
     </span>
    </p>
   </div>
   <div class='ocr_carea' id='block_1_75' title="bbox 430 4536 1974 4609">
    <p class='ocr_par' dir='ltr' id='par_1_75' title="bbox 430 4536 1974 4608">
     <span class='ocr_line' id='line_1_75' title="bbox 430 4536 1974 4608; baseline 0.003 -21"><span class='ocrx_word' id='word_1_458' title='bbox 430 4536 662 4588; x_wconf 84' lang='lat' dir='ltr'><strong>sumitur</strong></span> <span class='ocrx_word' id='word_1_459' title='bbox 688 4538 987 4605; x_wconf 87' lang='lat' dir='ltr'><strong>perniciosa</strong></span> <span class='ocrx_word' id='word_1_460' title='bbox 1042 4540 1286 4600; x_wconf 79' lang='lat' dir='ltr'><strong>materia,</strong></span> <span class='ocrx_word' id='word_1_461' title='bbox 1333 4538 1633 4608; x_wconf 82' lang='lat' dir='ltr'><strong>analogiam</strong></span> <span class='ocrx_word' id='word_1_462' title='bbox 1685 4539 1886 4593; x_wconf 88' lang='lat' dir='ltr'><strong>habens</strong></span> <span class='ocrx_word' id='word_1_463' title='bbox 1926 4555 1974 4592; x_wconf 79' lang='lat' dir='ltr'><strong>at</strong></span> 
     </span>
    </p>
   </div>
   <div class='ocr_carea' id='block_1_76' title="bbox 2107 4536 3629 4609">
    <p class='ocr_par' dir='ltr' id='par_1_76' title="bbox 2107 4537 3629 4609">
     <span class='ocr_line' id='line_1_76' title="bbox 2107 4537 3629 4609; baseline -0.001 -18"><span class='ocrx_word' id='word_1_464' title='bbox 2107 4539 2378 4609; x_wconf 79' lang='grc' dir='ltr'><strong>μοχθηρᾶς</strong></span> <span class='ocrx_word' id='word_1_465' title='bbox 2427 4537 2557 4607; x_wconf 73' lang='grc' dir='ltr'><strong>ὕλης</strong></span> <span class='ocrx_word' id='word_1_466' title='bbox 2603 4538 3029 4609; x_wconf 78' lang='grc' dir='ltr'><strong>δαπανωμένης,</strong></span> <span class='ocrx_word' id='word_1_467' title='bbox 3080 4538 3371 4606; x_wconf 77' lang='grc' dir='ltr'>ἀναλογίαν</span> <span class='ocrx_word' id='word_1_468' title='bbox 3430 4537 3629 4606; x_wconf 71' lang='grc' dir='ltr'>ἐχούσης</span> 
     </span>
    </p>
   </div>
   <div class='ocr_carea' id='block_1_77' title="bbox 426 4621 1974 4699">
    <p class='ocr_par' dir='ltr' id='par_1_77' title="bbox 426 4626 1974 4697">
     <span class='ocr_line' id='line_1_77' title="bbox 426 4626 1974 4697; baseline 0.003 -19"><span class='ocrx_word' id='word_1_469' title='bbox 426 4626 647 4695; x_wconf 85' lang='lat' dir='ltr'><strong>lignum,</strong></span> <span class='ocrx_word' id='word_1_470' title='bbox 682 4628 879 4695; x_wconf 83' lang='lat' dir='ltr'><strong>fenum,</strong></span> <span class='ocrx_word' id='word_1_471' title='bbox 917 4627 1193 4696; x_wconf 81' lang='lat' dir='ltr'><strong>stipulam,</strong></span> <span class='ocrx_word' id='word_1_472' title='bbox 1218 4645 1338 4697; x_wconf 71' lang='lat' dir='ltr'><strong>qua:</strong></span> <span class='ocrx_word' id='word_1_473' title='bbox 1377 4630 1444 4682; x_wconf 87' lang='lat' dir='ltr'><strong>ab</strong></span> <span class='ocrx_word' id='word_1_474' title='bbox 1475 4629 1733 4697; x_wconf 83' lang='lat' dir='ltr'><strong>improbis</strong></span> <span class='ocrx_word' id='word_1_475' title='bbox 1766 4630 1974 4684; x_wconf 86' lang='lat' dir='ltr'><strong>bomini</strong></span> 
     </span>
    </p>
   </div>
   <div class='ocr_carea' id='block_1_78' title="bbox 2107 4621 3631 4699">
    <p class='ocr_par' dir='ltr' id='par_1_78' title="bbox 2107 4621 3631 4699">
     <span class='ocr_line' id='line_1_78' title="bbox 2107 4621 3631 4699; baseline 0.01 -27"><span class='ocrx_word' id='word_1_476' title='bbox 2107 4629 2235 4699; x_wconf 77' lang='grc' dir='ltr'><em>πρὸς</em></span> <span class='ocrx_word' id='word_1_477' title='bbox 2271 4626 2341 4679; x_wconf 80' lang='grc' dir='ltr'><strong>τὰ</strong></span> <span class='ocrx_word' id='word_1_478' title='bbox 2376 4624 2870 4696; x_wconf 80' lang='grc' dir='ltr'><strong>ἐποικοδομούμενα</strong></span> <span class='ocrx_word' id='word_1_479' title='bbox 2906 4625 2998 4678; x_wconf 74' lang='grc' dir='ltr'><strong>ἐπὶ</strong></span> <span class='ocrx_word' id='word_1_480' title='bbox 3040 4624 3118 4695; x_wconf 82' lang='grc' dir='ltr'><strong>τῷ</strong></span> <span class='ocrx_word' id='word_1_481' title='bbox 3161 4622 3399 4695; x_wconf 76' lang='grc' dir='ltr'><strong>Χριστοῦ</strong></span> <span class='ocrx_word' id='word_1_482' title='bbox 3430 4621 3631 4693; x_wconf 67' lang='grc' dir='ltr'><strong>Θεμὶλίφ</strong></span> 
     </span>
    </p>
   </div>
   <div class='ocr_carea' id='block_1_79' title="bbox 427 4712 1974 4789">
    <p class='ocr_par' dir='ltr' id='par_1_79' title="bbox 427 4720 1974 4789">
     <span class='ocr_line' id='line_1_79' title="bbox 427 4720 1974 4789; baseline 0.001 -16"><span class='ocrx_word' id='word_1_483' title='bbox 427 4720 529 4773; x_wconf 83' lang='lat' dir='ltr'><strong>bus</strong></span> <span class='ocrx_word' id='word_1_484' title='bbox 577 4720 1079 4787; x_wconf 78' lang='lat' dir='ltr'><strong>superaediticantur</strong></span> <span class='ocrx_word' id='word_1_485' title='bbox 1132 4734 1293 4789; x_wconf 86' lang='lat' dir='ltr'><strong>super</strong></span> <span class='ocrx_word' id='word_1_486' title='bbox 1342 4734 1529 4774; x_wconf 89' lang='lat' dir='ltr'><strong>verum</strong></span> <span class='ocrx_word' id='word_1_487' title='bbox 1586 4721 1974 4776; x_wconf 69' lang='lat' dir='ltr'><strong>fundamentum</strong></span> 
     </span>
    </p>
   </div>
   <div class='ocr_carea' id='block_1_80' title="bbox 2107 4712 3633 4789">
    <p class='ocr_par' dir='ltr' id='par_1_80' title="bbox 2107 4712 3633 4788">
     <span class='ocr_line' id='line_1_80' title="bbox 2107 4712 3633 4788; baseline -0.004 -17"><span class='ocrx_word' id='word_1_488' title='bbox 2107 4720 2210 4773; x_wconf 83' lang='grc' dir='ltr'><strong>5ντι</strong></span> <span class='ocrx_word' id='word_1_489' title='bbox 2248 4718 2351 4771; x_wconf 79' lang='grc' dir='ltr'><strong>ὑπὸ</strong></span> <span class='ocrx_word' id='word_1_490' title='bbox 2388 4718 2608 4786; x_wconf 77' lang='grc' dir='ltr'>φαύλων</span> <span class='ocrx_word' id='word_1_491' title='bbox 2641 4715 2963 4788; x_wconf 80' lang='grc' dir='ltr'><strong>ἀνθρώπων,</strong></span> <span class='ocrx_word' id='word_1_492' title='bbox 2990 4715 3166 4781; x_wconf 73' lang='grc' dir='ltr'><em>ξύλα,</em></span> <span class='ocrx_word' id='word_1_493' title='bbox 3201 4715 3437 4782; x_wconf 78' lang='grc' dir='ltr'><strong>χόρτον,</strong></span> <span class='ocrx_word' id='word_1_494' title='bbox 3480 4712 3633 4765; x_wconf 49' lang='lat' dir='ltr'><strong>ualde</strong></span> 
     </span>
    </p>
   </div>
   <div class='ocr_carea' id='block_1_81' title="bbox 426 4801 1974 4901">
    <p class='ocr_par' dir='ltr' id='par_1_81' title="bbox 426 4810 1974 4884">
     <span class='ocr_line' id='line_1_81' title="bbox 426 4810 1974 4884; baseline 0.003 -20"><span class='ocrx_word' id='word_1_495' title='bbox 426 4810 623 4865; x_wconf 82' lang='lat' dir='ltr'><strong>Christi</strong></span> <span class='ocrx_word' id='word_1_496' title='bbox 657 4810 709 4883; x_wconf 92' lang='grc'><strong>(1</strong></span> <span class='ocrx_word' id='word_1_497' title='bbox 733 4811 955 4877; x_wconf 79' lang='lat' dir='ltr'><strong>Camn,</strong></span> <span class='ocrx_word' id='word_1_498' title='bbox 980 4812 1088 4884; x_wconf 64' lang='grc' dir='ltr'><strong>ιε).</strong></span> <span class='ocrx_word' id='word_1_499' title='bbox 1116 4812 1240 4867; x_wconf 69' lang='lat' dir='ltr'><strong>llaec</strong></span> <span class='ocrx_word' id='word_1_500' title='bbox 1264 4824 1443 4869; x_wconf 89' lang='lat' dir='ltr'><strong>autem</strong></span> <span class='ocrx_word' id='word_1_501' title='bbox 1468 4826 1592 4869; x_wconf 85' lang='lat' dir='ltr'><strong>sunt</strong></span> <span class='ocrx_word' id='word_1_502' title='bbox 1621 4829 1799 4881; x_wconf 58' lang='lat' dir='ltr'><strong>pravas</strong></span> <span class='ocrx_word' id='word_1_503' title='bbox 1825 4815 1974 4868; x_wconf 38' lang='lat' dir='ltr'><strong>actio‘</strong></span> 
     </span>
    </p>
   </div>
   <div class='ocr_carea' id='block_1_82' title="bbox 2107 4801 3630 4901">
    <p class='ocr_par' dir='ltr' id='par_1_82' title="bbox 2107 4801 3630 4901">
     <span class='ocr_line' id='line_1_82' title="bbox 2107 4801 3630 4901; baseline -0.007 -39"><span class='ocrx_word' id='word_1_504' title='bbox 2107 4828 2235 4878; x_wconf 76' lang='grc' dir='ltr'><strong>μην.</strong></span> <span class='ocrx_word' id='word_1_505' title='bbox 2275 4809 2481 4861; x_wconf 79' lang='grc' dir='ltr'>Φαῦλαι</span> <span class='ocrx_word' id='word_1_506' title='bbox 2533 4808 2589 4861; x_wconf 81' lang='grc' dir='ltr'><strong>δὲ</strong></span> <span class='ocrx_word' id='word_1_507' title='bbox 2630 4807 2802 4860; x_wconf 83' lang='grc' dir='ltr'><strong>ταῦτα</strong></span> <span class='ocrx_word' id='word_1_508' title='bbox 2844 4808 3068 4877; x_wconf 79' lang='grc' dir='ltr'><strong>πράξεις</strong></span> <span class='ocrx_word' id='word_1_509' title='bbox 3111 4806 3206 4859; x_wconf 71' lang='lat' dir='ltr'><strong>xui.</strong></span> <span class='ocrx_word' id='word_1_510' title='bbox 3234 4805 3468 4875; x_wconf 79' lang='grc' dir='ltr'><strong>γνῶμαι.</strong></span> <span class='ocrx_word' id='word_1_511' title='bbox 3506 4801 3630 4901; x_wconf 50' lang='lat' dir='ltr'><strong>me:</strong></span> 
     </span>
    </p>
   </div>
   <div class='ocr_carea' id='block_1_83' title="bbox 429 4894 1974 4993">
    <p class='ocr_par' dir='ltr' id='par_1_83' title="bbox 429 4902 1974 4973">
     <span class='ocr_line' id='line_1_83' title="bbox 429 4902 1974 4973; baseline 0.002 -17"><span class='ocrx_word' id='word_1_512' title='bbox 429 4918 528 4958; x_wconf 90' lang='lat' dir='ltr'><strong>nes</strong></span> <span class='ocrx_word' id='word_1_513' title='bbox 550 4904 628 4958; x_wconf 87' lang='lat' dir='ltr'><strong>vel</strong></span> <span class='ocrx_word' id='word_1_514' title='bbox 660 4917 911 4973; x_wconf 85' lang='lat' dir='ltr'><strong>perversa</strong></span> <span class='ocrx_word' id='word_1_515' title='bbox 946 4904 1213 4973; x_wconf 77' lang='lat' dir='ltr'><strong>degtnata.</strong></span> <span class='ocrx_word' id='word_1_516' title='bbox 1251 4902 1511 4958; x_wconf 86' lang='lat' dir='ltr'><strong>Carbones</strong></span> <span class='ocrx_word' id='word_1_517' title='bbox 1540 4919 1671 4958; x_wconf 83' lang='lat' dir='ltr'><strong>vero</strong></span> <span class='ocrx_word' id='word_1_518' title='bbox 1703 4904 1974 4973; x_wconf 81' lang='lat' dir='ltr'><strong>aliquandt</strong></span> 
     </span>
    </p>
   </div>
   <div class='ocr_carea' id='block_1_84' title="bbox 2107 4894 3626 4993">
    <p class='ocr_par' dir='ltr' id='par_1_84' title="bbox 2107 4894 3626 4969">
     <span class='ocr_line' id='line_1_84' title="bbox 2107 4894 3626 4969; baseline -0.007 -16"><span class='ocrx_word' id='word_1_519' title='bbox 2107 4901 2363 4969; x_wconf 71' lang='grc' dir='ltr'><strong>Ξνθρακες</strong></span> <span class='ocrx_word' id='word_1_520' title='bbox 2396 4899 2525 4951; x_wconf 81' lang='grc' dir='ltr'><em>ποτὲ</em></span> <span class='ocrx_word' id='word_1_521' title='bbox 2556 4898 2654 4969; x_wconf 84' lang='grc' dir='ltr'><strong>μὲν</strong></span> <span class='ocrx_word' id='word_1_522' title='bbox 2687 4895 2939 4959; x_wconf 79' lang='grc' dir='ltr'><strong>κολάσεις</strong></span> <span class='ocrx_word' id='word_1_523' title='bbox 2969 4896 3343 4968; x_wconf 78' lang='grc' dir='ltr'><strong>σημαίνουσιν,</strong></span> <span class='ocrx_word' id='word_1_524' title='bbox 3374 4895 3448 4957; x_wconf 80' lang='grc' dir='ltr'><strong>ὡς</strong></span> <span class='ocrx_word' id='word_1_525' title='bbox 3471 4894 3523 4944; x_wconf 82' lang='grc' dir='ltr'>ὲν</span> <span class='ocrx_word' id='word_1_526' title='bbox 3538 4894 3626 4959; x_wconf 76' lang='grc' dir='ltr'><strong>τῷ·</strong></span> 
     </span>
    </p>
   </div>
   <div class='ocr_carea' id='block_1_85' title="bbox 429 4983 1974 5063">
    <p class='ocr_par' dir='ltr' id='par_1_85' title="bbox 429 4993 1954 5063">
     <span class='ocr_line' id='line_1_85' title="bbox 429 4993 1954 5063; baseline 0.003 -18"><span class='ocrx_word' id='word_1_527' title='bbox 429 4993 713 5060; x_wconf 77' lang='lat' dir='ltr'><strong>designant</strong></span> <span class='ocrx_word' id='word_1_528' title='bbox 749 4994 1154 5063; x_wconf 74' lang='lat' dir='ltr'><strong>Castigationes,</strong></span> <span class='ocrx_word' id='word_1_529' title='bbox 1182 5011 1232 5048; x_wconf 86' lang='lat' dir='ltr'><strong>v.</strong></span> <span class='ocrx_word' id='word_1_530' title='bbox 1264 5010 1337 5060; x_wconf 91' lang='lat' dir='ltr'><strong>c.,</strong></span> <span class='ocrx_word' id='word_1_531' title='bbox 1363 5009 1483 5048; x_wconf 88' lang='lat' dir='ltr'><strong>cum</strong></span> <span class='ocrx_word' id='word_1_532' title='bbox 1510 4995 1638 5048; x_wconf 89' lang='lat' dir='ltr'><strong>dicit</strong></span> <span class='ocrx_word' id='word_1_533' title='bbox 1665 4994 1954 5063; x_wconf 84' lang='lat' dir='ltr'><strong>Apostolus</strong></span> 
     </span>
    </p>
   </div>
   <div class='ocr_carea' id='block_1_86' title="bbox 2107 4983 3630 5063">
    <p class='ocr_par' dir='ltr' id='par_1_86' title="bbox 2108 4983 3630 5057">
     <span class='ocr_line' id='line_1_86' title="bbox 2108 4983 3630 5057; baseline -0.008 -12"><span class='ocrx_word' id='word_1_534' title='bbox 2108 4992 2248 5045; x_wconf 81' lang='grc' dir='ltr'><strong>Ἐὰν</strong></span> <span class='ocrx_word' id='word_1_535' title='bbox 2286 4986 2460 5054; x_wconf 81' lang='grc' dir='ltr'><strong>πεινᾷ</strong></span> <span class='ocrx_word' id='word_1_536' title='bbox 2504 4992 2536 5044; x_wconf 85' lang='grc' dir='ltr'><em>ό</em></span> <span class='ocrx_word' id='word_1_537' title='bbox 2584 4988 2796 5057; x_wconf 83' lang='grc' dir='ltr'><strong>ἐχθρός</strong></span> <span class='ocrx_word' id='word_1_538' title='bbox 2827 5003 2978 5053; x_wconf 89' lang='grc' dir='ltr'><em>σου,</em></span> <span class='ocrx_word' id='word_1_539' title='bbox 3030 4984 3245 5055; x_wconf 69' lang='grc' dir='ltr'><em>ψώμιζε</em></span> <span class='ocrx_word' id='word_1_540' title='bbox 3292 4987 3506 5040; x_wconf 76' lang='grc' dir='ltr'><strong>αὐτόν·</strong></span> <span class='ocrx_word' id='word_1_541' title='bbox 3543 4983 3630 5035; x_wconf 70' lang='grc' dir='ltr'><strong>ἐὰν</strong></span> 
     </span>
    </p>
   </div>
   <div class='ocr_carea' id='block_1_87' title="bbox 428 5076 1974 5153">
    <p class='ocr_par' dir='ltr' id='par_1_87' title="bbox 428 5081 1974 5153">
     <span class='ocr_line' id='line_1_87' title="bbox 428 5081 1974 5153; baseline 0.003 -19"><span class='ocrx_word' id='word_1_542' title='bbox 428 5081 486 5134; x_wconf 83' lang='lat' dir='ltr'><strong>Si</strong></span> <span class='ocrx_word' id='word_1_543' title='bbox 519 5082 759 5136; x_wconf 87' lang='lat' dir='ltr'><strong>esurierit</strong></span> <span class='ocrx_word' id='word_1_544' title='bbox 800 5084 1043 5137; x_wconf 86' lang='lat' dir='ltr'><strong>inimicus</strong></span> <span class='ocrx_word' id='word_1_545' title='bbox 1065 5093 1206 5151; x_wconf 82' lang='lat' dir='ltr'><strong>tuus,</strong></span> <span class='ocrx_word' id='word_1_546' title='bbox 1237 5086 1350 5138; x_wconf 88' lang='lat' dir='ltr'><strong>ciba</strong></span> <span class='ocrx_word' id='word_1_547' title='bbox 1372 5084 1523 5137; x_wconf 83' lang='lat' dir='ltr'><strong>illum</strong></span> <span class='ocrx_word' id='word_1_548' title='bbox 1545 5101 1565 5149; x_wconf 90' lang='lat'><strong><em>;</em></strong></span> <span class='ocrx_word' id='word_1_549' title='bbox 1586 5084 1632 5137; x_wconf 90' lang='lat' dir='ltr'><strong>si</strong></span> <span class='ocrx_word' id='word_1_550' title='bbox 1659 5085 1791 5149; x_wconf 89' lang='lat' dir='ltr'><strong>sitit,</strong></span> <span class='ocrx_word' id='word_1_551' title='bbox 1814 5095 1974 5153; x_wconf 86' lang='lat' dir='ltr'><strong>potun</strong></span> 
     </span>
    </p>
   </div>
   <div class='ocr_carea' id='block_1_88' title="bbox 2107 5076 3631 5153">
    <p class='ocr_par' dir='ltr' id='par_1_88' title="bbox 2107 5076 3631 5150">
     <span class='ocr_line' id='line_1_88' title="bbox 2107 5076 3631 5150; baseline -0.005 -15"><span class='ocrx_word' id='word_1_552' title='bbox 2107 5080 2272 5150; x_wconf 74' lang='grc' dir='ltr'><strong>διψᾷ,</strong></span> <span class='ocrx_word' id='word_1_553' title='bbox 2306 5078 2497 5149; x_wconf 79' lang='grc' dir='ltr'><em>πότιζε</em></span> <span class='ocrx_word' id='word_1_554' title='bbox 2529 5080 2731 5133; x_wconf 83' lang='grc' dir='ltr'><strong>αὐτόν.</strong></span> <span class='ocrx_word' id='word_1_555' title='bbox 2773 5078 2952 5133; x_wconf 87' lang='grc' dir='ltr'><em>Τοῦτο</em></span> <span class='ocrx_word' id='word_1_556' title='bbox 2995 5077 3105 5148; x_wconf 72' lang='grc' dir='ltr'><em>γὰρ</em></span> <span class='ocrx_word' id='word_1_557' title='bbox 3141 5076 3330 5130; x_wconf 78' lang='grc' dir='ltr'><em>ποιῶν</em></span> <span class='ocrx_word' id='word_1_558' title='bbox 3366 5077 3631 5143; x_wconf 78' lang='grc' dir='ltr'><em>ἄνθρακας</em></span> 
     </span>
    </p>
   </div>
   <div class='ocr_carea' id='block_1_89' title="bbox 428 5172 1997 5246">
    <p class='ocr_par' dir='ltr' id='par_1_89' title="bbox 428 5172 1997 5246">
     <span class='ocr_line' id='line_1_89' title="bbox 428 5172 1997 5246; baseline 0.003 -22"><span class='ocrx_word' id='word_1_559' title='bbox 428 5173 498 5226; x_wconf 90' lang='lat' dir='ltr'><strong>da</strong></span> <span class='ocrx_word' id='word_1_560' title='bbox 530 5172 608 5226; x_wconf 81' lang='lat' dir='ltr'><strong>illi</strong></span> <span class='ocrx_word' id='word_1_561' title='bbox 632 5188 649 5226; x_wconf 90' lang='lat'><strong><em>:</em></strong></span> <span class='ocrx_word' id='word_1_562' title='bbox 672 5173 767 5228; x_wconf 82' lang='lat' dir='ltr'><strong>hoc</strong></span> <span class='ocrx_word' id='word_1_563' title='bbox 786 5176 921 5227; x_wconf 88' lang='lat' dir='ltr'><strong>enim</strong></span> <span class='ocrx_word' id='word_1_564' title='bbox 950 5176 1173 5244; x_wconf 78' lang='lat' dir='ltr'><strong>faciens,</strong></span> <span class='ocrx_word' id='word_1_565' title='bbox 1204 5177 1451 5229; x_wconf 88' lang='lat' dir='ltr'><strong>carbones</strong></span> <span class='ocrx_word' id='word_1_566' title='bbox 1474 5176 1611 5245; x_wconf 84' lang='lat' dir='ltr'><strong>ignis</strong></span> <span class='ocrx_word' id='word_1_567' title='bbox 1636 5192 1878 5246; x_wconf 89' lang='lat' dir='ltr'><strong>congeres</strong></span> <span class='ocrx_word' id='word_1_568' title='bbox 1906 5193 1997 5228; x_wconf 83' lang='lat' dir='ltr'><strong>su-</strong></span> 
     </span>
    </p>
   </div>
   <div class='ocr_carea' id='block_1_90' title="bbox 427 5264 1993 5336">
    <p class='ocr_par' dir='ltr' id='par_1_90' title="bbox 427 5264 1993 5336">
     <span class='ocr_line' id='line_1_90' title="bbox 427 5264 1993 5336; baseline 0.003 -20"><span class='ocrx_word' id='word_1_569' title='bbox 427 5278 522 5332; x_wconf 81' lang='lat' dir='ltr'><strong>per</strong></span> <span class='ocrx_word' id='word_1_570' title='bbox 540 5275 695 5331; x_wconf 88' lang='lat' dir='ltr'><strong>caput</strong></span> <span class='ocrx_word' id='word_1_571' title='bbox 728 5264 1003 5332; x_wconf 83' lang='lat' dir='ltr'><strong>ipsius;et</strong></span> <span class='ocrx_word' id='word_1_572' title='bbox 1029 5266 1232 5320; x_wconf 83' lang='lat' dir='ltr'><strong>David:</strong></span> <span class='ocrx_word' id='word_1_573' title='bbox 1260 5266 1460 5322; x_wconf 83' lang='lat' dir='ltr'><strong>Cadent</strong></span> <span class='ocrx_word' id='word_1_574' title='bbox 1485 5284 1642 5336; x_wconf 87' lang='lat' dir='ltr'><strong>super</strong></span> <span class='ocrx_word' id='word_1_575' title='bbox 1674 5285 1761 5321; x_wconf 87' lang='lat' dir='ltr'><strong>eos</strong></span> <span class='ocrx_word' id='word_1_576' title='bbox 1803 5270 1993 5321; x_wconf 84' lang='lat' dir='ltr'><strong>carbo-</strong></span> 
     </span>
    </p>
   </div>
   <div class='ocr_carea' id='block_1_91' title="bbox 431 5351 1993 5423">
    <p class='ocr_par' dir='ltr' id='par_1_91' title="bbox 431 5351 1993 5423">
     <span class='ocr_line' id='line_1_91' title="bbox 431 5351 1993 5423; baseline 0.006 -20"><span class='ocrx_word' id='word_1_577' title='bbox 431 5366 544 5415; x_wconf 85' lang='lat' dir='ltr'><strong>nes,</strong></span> <span class='ocrx_word' id='word_1_578' title='bbox 574 5351 630 5404; x_wconf 90' lang='lat' dir='ltr'><strong>in</strong></span> <span class='ocrx_word' id='word_1_579' title='bbox 672 5352 840 5420; x_wconf 79' lang='lat' dir='ltr'><strong>ignem</strong></span> <span class='ocrx_word' id='word_1_580' title='bbox 872 5354 1082 5423; x_wconf 85' lang='lat' dir='ltr'><strong>dejicies</strong></span> <span class='ocrx_word' id='word_1_581' title='bbox 1120 5372 1227 5412; x_wconf 89' lang='lat' dir='ltr'><strong>eos.</strong></span> <span class='ocrx_word' id='word_1_582' title='bbox 1260 5358 1323 5411; x_wconf 83' lang='lat' dir='ltr'><strong>Ili</strong></span> <span class='ocrx_word' id='word_1_583' title='bbox 1372 5357 1640 5413; x_wconf 81' lang='lat' dir='ltr'><strong>carbones</strong></span> <span class='ocrx_word' id='word_1_584' title='bbox 1684 5369 1847 5414; x_wconf 90' lang='lat' dir='ltr'><strong>erunt</strong></span> <span class='ocrx_word' id='word_1_585' title='bbox 1896 5358 1993 5413; x_wconf 90' lang='lat' dir='ltr'><strong>tibi</strong></span> 
     </span>
    </p>
   </div>
   <div class='ocr_carea' id='block_1_92' title="bbox 431 5443 1998 5519">
    <p class='ocr_par' dir='ltr' id='par_1_92' title="bbox 431 5443 1998 5519">
     <span class='ocr_line' id='line_1_92' title="bbox 431 5443 1998 5519; baseline 0.004 -23"><span class='ocrx_word' id='word_1_586' title='bbox 431 5443 655 5499; x_wconf 75' lang='lat' dir='ltr'><strong>auxilio.</strong></span> <span class='ocrx_word' id='word_1_587' title='bbox 683 5444 991 5513; x_wconf 84' lang='lat' dir='ltr'><strong>Aliquando</strong></span> <span class='ocrx_word' id='word_1_588' title='bbox 1025 5458 1206 5501; x_wconf 87' lang='lat' dir='ltr'><strong>autem</strong></span> <span class='ocrx_word' id='word_1_589' title='bbox 1244 5450 1494 5503; x_wconf 87' lang='lat' dir='ltr'><strong>carbones</strong></span> <span class='ocrx_word' id='word_1_590' title='bbox 1537 5448 1826 5519; x_wconf 83' lang='lat' dir='ltr'><strong>designant</strong></span> <span class='ocrx_word' id='word_1_591' title='bbox 1853 5450 1998 5519; x_wconf 76' lang='lat' dir='ltr'><strong>igni-</strong></span> 
     </span>
    </p>
   </div>
   <div class='ocr_carea' id='block_1_93' title="bbox 433 5538 2001 5616">
    <p class='ocr_par' dir='ltr' id='par_1_93' title="bbox 433 5538 2001 5616">
     <span class='ocr_line' id='line_1_93' title="bbox 433 5538 2001 5616; baseline 0.006 -25"><span class='ocrx_word' id='word_1_592' title='bbox 433 5547 519 5593; x_wconf 87' lang='lat' dir='ltr'><strong>tos</strong></span> <span class='ocrx_word' id='word_1_593' title='bbox 563 5538 656 5594; x_wconf 87' lang='lat' dir='ltr'><strong>Dei</strong></span> <span class='ocrx_word' id='word_1_594' title='bbox 687 5552 989 5607; x_wconf 89' lang='lat' dir='ltr'><strong>sermones,</strong></span> <span class='ocrx_word' id='word_1_595' title='bbox 1030 5544 1229 5612; x_wconf 90' lang='lat' dir='ltr'><strong>quibus</strong></span> <span class='ocrx_word' id='word_1_596' title='bbox 1253 5546 1610 5614; x_wconf 84' lang='lat' dir='ltr'><strong>cogitationes</strong></span> <span class='ocrx_word' id='word_1_597' title='bbox 1636 5546 1830 5601; x_wconf 78' lang='lat' dir='ltr'><strong>anima:</strong></span> <span class='ocrx_word' id='word_1_598' title='bbox 1857 5546 2001 5616; x_wconf 88' lang='lat' dir='ltr'><strong>puri-</strong></span> 
     </span>
    </p>
   </div>
   <div class='ocr_carea' id='block_1_94' title="bbox 434 5629 1998 5701">
    <p class='ocr_par' dir='ltr' id='par_1_94' title="bbox 434 5629 1998 5701">
     <span class='ocr_line' id='line_1_94' title="bbox 434 5629 1998 5701; baseline 0.003 -17"><span class='ocrx_word' id='word_1_599' title='bbox 434 5629 696 5697; x_wconf 82' lang='lat' dir='ltr'><strong>llcantur;</strong></span> <span class='ocrx_word' id='word_1_600' title='bbox 725 5632 867 5701; x_wconf 88' lang='lat' dir='ltr'><strong>quod</strong></span> <span class='ocrx_word' id='word_1_601' title='bbox 899 5634 1244 5697; x_wconf 80' lang='lat' dir='ltr'><strong>manifestum</strong></span> <span class='ocrx_word' id='word_1_602' title='bbox 1288 5636 1416 5691; x_wconf 80' lang='lat' dir='ltr'><strong>facit</strong></span> <span class='ocrx_word' id='word_1_603' title='bbox 1462 5634 1649 5700; x_wconf 88' lang='lat' dir='ltr'><strong>Isaias,</strong></span> <span class='ocrx_word' id='word_1_604' title='bbox 1684 5636 1868 5691; x_wconf 88' lang='lat' dir='ltr'><strong>dicens</strong></span> <span class='ocrx_word' id='word_1_605' title='bbox 1893 5654 1905 5689; x_wconf 92' lang='lat'><strong>:</strong></span> <span class='ocrx_word' id='word_1_606' title='bbox 1930 5635 1998 5689; x_wconf 82' lang='lat' dir='ltr'><strong>Et</strong></span> 
     </span>
    </p>
   </div>
   <div class='ocr_carea' id='block_1_95' title="bbox 436 5722 1994 5798">
    <p class='ocr_par' dir='ltr' id='par_1_95' title="bbox 436 5722 1994 5798">
     <span class='ocr_line' id='line_1_95' title="bbox 436 5722 1994 5798; baseline 0.006 -26"><span class='ocrx_word' id='word_1_607' title='bbox 436 5722 623 5777; x_wconf 77' lang='lat' dir='ltr'><strong>missus</strong></span> <span class='ocrx_word' id='word_1_608' title='bbox 649 5733 724 5780; x_wconf 86' lang='lat' dir='ltr'><strong>est</strong></span> <span class='ocrx_word' id='word_1_609' title='bbox 754 5740 888 5781; x_wconf 84' lang='lat' dir='ltr'><strong>unus</strong></span> <span class='ocrx_word' id='word_1_610' title='bbox 926 5742 990 5782; x_wconf 71' lang='lat' dir='ltr'><strong>ex</strong></span> <span class='ocrx_word' id='word_1_611' title='bbox 1030 5727 1311 5798; x_wconf 79' lang='lat' dir='ltr'><strong>seraphim,</strong></span> <span class='ocrx_word' id='word_1_612' title='bbox 1362 5739 1409 5786; x_wconf 89' lang='lat' dir='ltr'><strong>et</strong></span> <span class='ocrx_word' id='word_1_613' title='bbox 1484 5730 1675 5798; x_wconf 76' lang='lat' dir='ltr'><strong>forcipe</strong></span> <span class='ocrx_word' id='word_1_614' title='bbox 1721 5730 1994 5785; x_wconf 88' lang='lat' dir='ltr'><strong>carbonem</strong></span> 
     </span>
    </p>
   </div>
   <div class='ocr_carea' id='block_1_96' title="bbox 2105 5165 3629 5242">
    <p class='ocr_par' dir='ltr' id='par_1_96' title="bbox 2105 5165 3629 5242">
     <span class='ocr_line' id='line_1_96' title="bbox 2105 5165 3629 5242; baseline -0.008 -15"><span class='ocrx_word' id='word_1_615' title='bbox 2105 5174 2294 5242; x_wconf 82' lang='grc' dir='ltr'><em>πυρὸς</em></span> <span class='ocrx_word' id='word_1_616' title='bbox 2340 5172 2666 5240; x_wconf 82' lang='grc' dir='ltr'><strong>σωρεύσεις</strong></span> <span class='ocrx_word' id='word_1_617' title='bbox 2708 5169 2807 5224; x_wconf 77' lang='grc' dir='ltr'><strong>ἐπὶ</strong></span> <span class='ocrx_word' id='word_1_618' title='bbox 2848 5169 2963 5238; x_wconf 77' lang='grc' dir='ltr'><strong>τὴν</strong></span> <span class='ocrx_word' id='word_1_619' title='bbox 2994 5168 3270 5238; x_wconf 70' lang='grc' dir='ltr'><em>κεφαλὴν</em></span> <span class='ocrx_word' id='word_1_620' title='bbox 3306 5168 3520 5224; x_wconf 84' lang='grc' dir='ltr'><em>αὐτοῦ·</em></span> <span class='ocrx_word' id='word_1_621' title='bbox 3558 5165 3629 5218; x_wconf 72' lang='grc' dir='ltr'><strong>καὶ</strong></span> 
     </span>
    </p>
   </div>
   <div class='ocr_carea' id='block_1_97' title="bbox 2101 5256 3631 5337">
    <p class='ocr_par' dir='ltr' id='par_1_97' title="bbox 2101 5256 3631 5337">
     <span class='ocr_line' id='line_1_97' title="bbox 2101 5256 3631 5337; baseline -0.007 -17"><span class='ocrx_word' id='word_1_622' title='bbox 2101 5266 2181 5337; x_wconf 82' lang='grc' dir='ltr'><strong>τῷ</strong></span> <span class='ocrx_word' id='word_1_623' title='bbox 2202 5308 2216 5332; x_wconf 94' lang='grc'><em>,</em></span> <span class='ocrx_word' id='word_1_624' title='bbox 2257 5265 2590 5319; x_wconf 80' lang='grc' dir='ltr'><em>Πεσοῦνται</em></span> <span class='ocrx_word' id='word_1_625' title='bbox 2624 5262 2716 5316; x_wconf 82' lang='grc' dir='ltr'><strong>ἐπ’</strong></span> <span class='ocrx_word' id='word_1_626' title='bbox 2754 5262 2957 5328; x_wconf 81' lang='grc' dir='ltr'><em>αὐτοῖς</em></span> <span class='ocrx_word' id='word_1_627' title='bbox 2985 5261 3277 5329; x_wconf 80' lang='grc' dir='ltr'><em>ἄνθρακες</em></span> <span class='ocrx_word' id='word_1_628' title='bbox 3323 5260 3529 5329; x_wconf 77' lang='grc' dir='ltr'><em>πυρὸς,</em></span> <span class='ocrx_word' id='word_1_629' title='bbox 3556 5256 3631 5309; x_wconf 70' lang='grc' dir='ltr'><strong>καὶ</strong></span> 
     </span>
    </p>
   </div>
   <div class='ocr_carea' id='block_1_98' title="bbox 2103 5347 3631 5424">
    <p class='ocr_par' dir='ltr' id='par_1_98' title="bbox 2103 5347 3631 5424">
     <span class='ocr_line' id='line_1_98' title="bbox 2103 5347 3631 5424; baseline -0.008 -12"><span class='ocrx_word' id='word_1_630' title='bbox 2103 5357 2457 5421; x_wconf 74' lang='grc' dir='ltr'><em>καταϐαλεῖς</em></span> <span class='ocrx_word' id='word_1_631' title='bbox 2470 5350 2882 5421; x_wconf 79' lang='grc' dir='ltr'><strong>αὐτούς.οἶ›τοι</strong></span> <span class='ocrx_word' id='word_1_632' title='bbox 2912 5353 3122 5406; x_wconf 75' lang='grc' dir='ltr'>ἔσονταί</span> <span class='ocrx_word' id='word_1_633' title='bbox 3148 5369 3231 5405; x_wconf 86' lang='grc' dir='ltr'><strong>σοι</strong></span> <span class='ocrx_word' id='word_1_634' title='bbox 3263 5352 3496 5424; x_wconf 76' lang='grc' dir='ltr'><strong>βοήθεια.</strong></span> <span class='ocrx_word' id='word_1_635' title='bbox 3521 5347 3631 5401; x_wconf 63' lang='lat' dir='ltr'><strong>[lost</strong></span> 
     </span>
    </p>
   </div>
   <div class='ocr_carea' id='block_1_99' title="bbox 2100 5443 3635 5515">
    <p class='ocr_par' dir='ltr' id='par_1_99' title="bbox 2100 5443 3635 5515">
     <span class='ocr_line' id='line_1_99' title="bbox 2100 5443 3635 5515; baseline -0.003 -13"><span class='ocrx_word' id='word_1_636' title='bbox 2100 5450 2158 5503; x_wconf 82' lang='grc' dir='ltr'>δὲ</span> <span class='ocrx_word' id='word_1_637' title='bbox 2207 5450 2333 5511; x_wconf 78' lang='grc' dir='ltr'><strong>τοὺς</strong></span> <span class='ocrx_word' id='word_1_638' title='bbox 2378 5446 2671 5515; x_wconf 84' lang='grc' dir='ltr'><strong>διαπύρους</strong></span> <span class='ocrx_word' id='word_1_639' title='bbox 2715 5445 2809 5498; x_wconf 79' lang='grc' dir='ltr'><strong>τοῦ</strong></span> <span class='ocrx_word' id='word_1_640' title='bbox 2851 5444 2984 5498; x_wconf 77' lang='grc' dir='ltr'><em>Θεοῦ</em></span> <span class='ocrx_word' id='word_1_641' title='bbox 3028 5445 3254 5513; x_wconf 77' lang='grc' dir='ltr'>λόγους,</span> <span class='ocrx_word' id='word_1_642' title='bbox 3312 5443 3635 5512; x_wconf 72' lang='grc' dir='ltr'><strong>καθαίροντος</strong></span> 
     </span>
    </p>
   </div>
   <div class='ocr_carea' id='block_1_100' title="bbox 2102 5534 3633 5611">
    <p class='ocr_par' dir='ltr' id='par_1_100' title="bbox 2102 5534 3633 5611">
     <span class='ocr_line' id='line_1_100' title="bbox 2102 5534 3633 5611; baseline -0.008 -16"><span class='ocrx_word' id='word_1_643' title='bbox 2102 5544 2228 5605; x_wconf 74' lang='grc' dir='ltr'>τοὺς</span> <span class='ocrx_word' id='word_1_644' title='bbox 2263 5542 2362 5611; x_wconf 80' lang='grc' dir='ltr'><strong>τῆς</strong></span> <span class='ocrx_word' id='word_1_645' title='bbox 2395 5541 2573 5610; x_wconf 71' lang='grc' dir='ltr'>ψυχῆς</span> <span class='ocrx_word' id='word_1_646' title='bbox 2605 5537 2916 5608; x_wconf 85' lang='grc' dir='ltr'><strong>λογισμούς.</strong></span> <span class='ocrx_word' id='word_1_647' title='bbox 2964 5538 3073 5591; x_wconf 71' lang='grc' dir='ltr'><strong>Καὶ</strong></span> <span class='ocrx_word' id='word_1_648' title='bbox 3117 5536 3275 5607; x_wconf 84' lang='grc' dir='ltr'>δῆλον</span> <span class='ocrx_word' id='word_1_649' title='bbox 3310 5536 3372 5600; x_wconf 77' lang='grc' dir='ltr'>ἐξ</span> <span class='ocrx_word' id='word_1_650' title='bbox 3422 5534 3633 5589; x_wconf 75' lang='grc' dir='ltr'><strong>Ἡσαΐου.</strong></span> 
     </span>
    </p>
   </div>
   <div class='ocr_carea' id='block_1_101' title="bbox 2104 5620 3635 5705">
    <p class='ocr_par' dir='ltr' id='par_1_101' title="bbox 2104 5620 3635 5705">
     <span class='ocr_line' id='line_1_101' title="bbox 2104 5620 3635 5705; baseline -0.007 -18"><span class='ocrx_word' id='word_1_651' title='bbox 2104 5637 2405 5705; x_wconf 63' lang='grc' dir='ltr'><strong>φήσαντος-</strong></span> <span class='ocrx_word' id='word_1_652' title='bbox 2452 5632 2561 5687; x_wconf 72' lang='lat' dir='ltr'><strong>Kal</strong></span> <span class='ocrx_word' id='word_1_653' title='bbox 2600 5630 2913 5695; x_wconf 70' lang='grc' dir='ltr'><em>ἀπεστάλη</em></span> <span class='ocrx_word' id='word_1_654' title='bbox 2952 5628 3022 5684; x_wconf 76' lang='grc' dir='ltr'><strong>ἓν</strong></span> <span class='ocrx_word' id='word_1_655' title='bbox 3073 5627 3194 5682; x_wconf 83' lang='grc' dir='ltr'><em>τῶν</em></span> <span class='ocrx_word' id='word_1_656' title='bbox 3246 5627 3529 5696; x_wconf 63' lang='grc' dir='ltr'><strong>σεριιφὶμ,</strong></span> <span class='ocrx_word' id='word_1_657' title='bbox 3559 5620 3635 5674; x_wconf 67' lang='grc' dir='ltr'><strong>καὶ</strong></span> 
     </span>
    </p>
   </div>
   <div class='ocr_carea' id='block_1_102' title="bbox 2102 5718 3632 5791">
    <p class='ocr_par' dir='ltr' id='par_1_102' title="bbox 2102 5718 3632 5791">
     <span class='ocr_line' id='line_1_102' title="bbox 2102 5718 3632 5791; baseline -0.008 -9"><span class='ocrx_word' id='word_1_658' title='bbox 2102 5727 2317 5782; x_wconf 71' lang='grc' dir='ltr'><em>ἐλαϐεν</em></span> <span class='ocrx_word' id='word_1_659' title='bbox 2337 5723 2601 5791; x_wconf 73' lang='grc' dir='ltr'><em>ἄνθρακα</em></span> <span class='ocrx_word' id='word_1_660' title='bbox 2630 5722 2703 5791; x_wconf 78' lang='grc' dir='ltr'><strong>τῇ</strong></span> <span class='ocrx_word' id='word_1_661' title='bbox 2722 5722 2919 5778; x_wconf 72' lang='grc' dir='ltr'><strong>λαϐίει</strong></span> <span class='ocrx_word' id='word_1_662' title='bbox 2938 5722 3055 5782; x_wconf 78' lang='grc' dir='ltr'><em>ἀπὸ</em></span> <span class='ocrx_word' id='word_1_663' title='bbox 3081 5721 3189 5777; x_wconf 85' lang='grc' dir='ltr'><em>τοῦ</em></span> <span class='ocrx_word' id='word_1_664' title='bbox 3213 5718 3632 5787; x_wconf 72' lang='grc' dir='ltr'><strong>θυσιαστηρίου.</strong></span> 
     </span>
    </p>
   </div>
  </div>
