3774 6306
150 302 266 357 1117

1340 298 1763 359 FRAGMENTA
1797 302 1865 359 lN
1898 302 1941 359 ll
1981 300 2136 358 RES.

3238 308 3376 365 1118

148 416 299 487 Πυροί
336 412 510 467 τοίνυν
553 410 631 476 είς
678 411 1015 483 φαιδρότητα
1063 411 1190 475 τοὺς
1240 411 1532 485 λογισμοὺς
1587 416 1688 485 τῆς

1864 422 1913 475 lit
1938 422 2001 475 de
2026 421 2187 476 altari
2218 419 2352 491 (lsa.
2387 436 2461 487 vt,
2491 419 2569 493 6).
2600 420 2773 477 Porro
2796 421 2936 488 ignis
2968 421 3057 477 ille
3085 423 3281 480 anima:
3304 427 3371 479 ad

148 508 342 577 ἑτοίμου
372 504 505 576 πρὸς
529 503 688 557 τοῦτο
712 503 913 574 ψυχῆς,
943 503 1301 574 ἁμαρτωλοὺς
1328 505 1387 558 δὲ
1412 506 1687 577 καθαίρει,

146 603 230 664 τὰς
257 600 474 671 πράξεις
506 599 687 654 αὐτῶν
718 600 1065 671 καταφλέγον
1092 602 1209 655 τόδε
1241 601 1386 674 πῦρ·
1420 605 1469 657 εί
1506 603 1581 674 μὴ
1605 604 1690 657 δέ-

148 695 321 760 ξωνται
346 693 527 756 τοῦτο,
564 691 891 761 καταφλέξει
919 693 979 747 τὸ
1008 692 1117 768 πῦρ
1142 694 1340 758 αὐτοὺς
1361 695 1423 748 τὸ
1451 688 1688 751 αἰώνιον.

203 875 284 927 Στ.
324 881 373 929 ι’.
411 873 521 928 Καὶ
568 876 813 928 ἔκλινεν
858 873 1120 942 οὐρανὸν
1167 873 1266 927 καὶ
1310 872 1548 941 κατέϐη,
1594 872 1695 927 καὶ

144 969 340 1037 πόρος
365 965 645 1022 ὑποκάτω
691 965 812 1019 τῶν
839 965 1043 1019 ποδῶν
1069 965 1277 1019 αὑτοῦ.
1336 957 1340 962 ’

201 1058 460 1129 Διδύμου.
508 1059 573 1112 Ἡ
606 1060 663 1113 δὲ
698 1059 1002 1122 κατάϐασις
1033 1062 1100 1130 τῇ
1134 1057 1228 1111 τοῦ
1274 1058 1529 1129 Σωτῆρος
1559 1058 1691 1110 ἀκό-

142 1152 303 1215 λουθος
349 1152 646 1223 οἰκονομίᾳ.
685 1151 907 1220 Κατὲϐη
938 1152 994 1205 δὲ
1031 1152 1091 1204 οὺ
1130 1150 1403 1214 τοπικῶς,
1438 1152 1573 1205 ἀλλ’
1623 1151 1695 1204 ἐν

139 1242 315 1313 μορφῆ
360 1243 507 1299 Θεοῦ
552 1242 877 1312 ὑπάρχων,
923 1242 1169 1312 μορφὴν
1207 1243 1435 1297 δούλου
1467 1242 1687 1296 λαϐὼν.

144 1337 206 1389 Τὸ
232 1336 282 1387 δὲ
308 1335 509 1404 ἀσαφὲς
554 1336 645 1388 καὶ
674 1334 937 1389 λανθάνον
967 1335 1065 1406 τῆς
1103 1334 1196 1388 τοῦ
1245 1334 1383 1388 Θεοῦ
1438 1335 1691 1403 γνώσεως

143 1430 217 1482 διὰ
254 1428 340 1482 τοῦ
392 1428 593 1497 γνόφου
649 1427 1004 1497 παρίσταται.
1049 1428 1145 1491 Ei;
1189 1427 1379 1481 τοῦτον
1432 1427 1541 1499 γὰρ
1596 1427 1692 1480 καὶ

143 1521 371 1591 Μωῡσῆς,
404 1519 478 1583 ὡς
512 1515 580 1590 ἦν
626 1518 903 1591 ἀνθρώπῳ
924 1519 1172 1583 δυνατὸν,
1205 1519 1537 1591 εἰσελήλυθε.
1572 1521 1692 1572 Τοι-

143 1613 260 1681 αὕτη
283 1614 371 1665 καὶ
391 1614 423 1683 ἡ
443 1612 603 1683 δεῦρο
634 1612 921 1684 ἐπιδημία,
948 1613 1027 1684 τῷ
1054 1613 1130 1685 μὴ
1160 1612 1225 1666 δι’
1256 1614 1393 1667 ὅλων
1420 1613 1690 1683 ἐγνῶσθαι

142 1721 235 1767 τοις
263 1720 519 1775 γενητοις.

199 1885 276 1937 Στ.
318 1892 402 1941 ια’.
457 1885 569 1939 Καὶ
634 1884 995 1939 ἐπεκάθισεν
1048 1884 1147 1937 ἐπὶ
1214 1882 1548 1954 χερουϐεὶμ,
1591 1882 1689 1937 καὶ

140 1976 428 2045 ἐπετὰσθη,
457 1976 559 2030 καὶ
593 1976 758 2045 ὤφθη
788 1977 885 2030 ἐπὶ
919 1978 1226 2046 πτερύγων
1257 1976 1512 2045 ἀνέμων.

197 2070 453 2139 Διδύμου.
498 2071 576 2124 Τὸ
599 2070 655 2124 δὲ
693 2070 916 2139 χεροὺϐ
942 2069 1303 2142 ἑρμηνεύεται
1332 2067 1691 2138 πληθυσμὸς

140 2164 406 2233 γνώσεως.
460 2165 591 2227 Τοῖς
631 2159 725 2217 οῦν
759 2164 998 2231 λογικοῖς
1039 2162 1251 2226 τούτοις
1284 2161 1442 2226 ζώοις
1467 2202 1481 2226 ,
1531 2162 1563 2233 ἦ
1598 2161 1691 2215 καὶ

139 2258 241 2318 ταῖς
282 2253 559 2318 τοιαύταις
598 2254 798 2323 ψυχαῖς
834 2252 1030 2316 ἐπιϐὰς
1074 2255 1103 2307 ὁ
1143 2253 1307 2316 Θεὸς,
1346 2253 1570 2306 ἴπταται
1602 2251 1691 2305 διὰ

136 2345 221 2410 τῆς
242 2346 491 2415 ὀξυτάτης
516 2346 779 2415 νοήσεως.
820 2343 1094 2413 Ἀνέμους
1127 2343 1213 2407 δὲ,
1246 2346 1294 2396 εί
1325 2345 1421 2415 μὲν
1454 2344 1578 2406 τοὺς
1604 2346 1691 2396 αἰ·-

140 2438 341 2507 trim-eoi);
384 2438 606 2503 λάϐοις,
651 2438 728 2508 τῷ
773 2438 917 2508 λόγῳ
964 2438 1065 2507 τῆς
1119 2436 1374 2508 προνοίας
1422 2436 1693 2489 ἐπιϐαίνει

138 2529 315 2583 τούτων
347 2530 494 2595 Θεὸς,
534 2530 686 2599 ἄγων
732 2530 929 2592 αὐτοὺς
974 2528 1048 2593 ὡς
1090 2528 1371 2598 βούλεταιο
1433 2528 1693 2599 Ἐξάγων

137 2624 229 2692 γάρ
252 2625 386 2677 ἐστιν
414 2624 679 2692 ἀνέμους
709 2624 778 2676 ἐκ
807 2621 1132 2689 θησαυρῶν
1157 2622 1364 2675 αὑτοῦ.
1400 2622 1463 2674 Εἰ
1490 2622 1545 2675 δὲ
1567 2624 1692 2686 τοὺς

138 2716 376 2787 πνεύματι
428 2715 963 2788 μετεωριζομένους,
1004 2717 1098 2768 καὶ
1140 2714 1214 2778 ὡς
1254 2715 1489 2784 ἀνέμους
1524 2714 1691 2779 πνοὰς

138 2810 517 2879 ἐκπέμποντας,
579 2809 776 2879 σοφοὺς
823 2808 1020 2879 ἄνδρας
1061 2808 1309 2879 νοήσεις,
1353 2808 1446 2860 καὶ
1487 2808 1692 2861 τούτων

136 2906 235 2966 ταῖς
275 2903 511 2975 πτέρυξι,
566 2904 814 2956 τουτέστι
854 2904 972 2965 ταῖς
1026 2900 1314 2971 ὑψιπετέσι
1368 2901 1617 2971 νοήσεσιν
1664 2900 1692 2951 ὁ

136 2994 247 3058 Θεὸς
276 2996 568 3049 ἐπιϐαίνων
601 2995 824 3047 ἴπταται
858 2992 1154 3063 πανταχοῦ.
1186 2992 1298 3046 Καὶ
1325 2991 1587 3061 ἀνέμους
1624 2990 1693 3045 δὲ

1796 513 1899 568 ιιοο
1950 524 2152 582 parata:
2205 513 2561 583 cogitationes
2606 514 2798 584 probat
2848 521 2905 567 ut
2960 514 3049 568 illa
3082 514 3363 585 pulchrior

1792 606 2020 669 evadat;
2062 605 2309 673 puriﬁcat
2343 616 2525 660 autem
2573 616 2890 675 peccatores
2936 621 3132 675 pravas
3182 622 3372 660 eorum

1795 696 2041 751 actiones
2077 712 2404 751 consumens
2438 712 2640 767 :quem
2686 697 2862 767 ignem
2896 698 3000 753 nisi
3043 698 3373 767 receperint,

1793 800 1996 843 aeterno
2025 790 2145 859 igne
2175 791 2579 845 eomburentur.

1867 879 2030 933 Vens.
2079 878 2162 934 10.
2200 878 2486 934 Inclinavit
2517 879 2672 935 calas
2702 889 2749 935 et
2793 880 3079 947 descendit,
3107 888 3154 934 et
3203 877 3373 948 caligo

1793 970 1888 1025 sub
1915 969 2130 1035 pedibus
2159 968 2291 1038 ejus.

1866 1061 2191 1131 Didymi.—
2229 1061 2521 1116 Desecnsm
2569 1076 2636 1114 au
2680 1074 3039 1115 meouommm
3084 1058 3367 1113 referenda

1793 1162 1896 1208 est.
1932 1153 2218 1208 Descendit
2248 1162 2430 1207 autem
2471 1168 2576 1207 non
2622 1154 2796 1206 locum
2829 1151 3109 1214 mutando,
3137 1151 3230 1205 sed
3254 1150 3371 1218 [or-

1794 1263 1933 1302 ntum
1962 1247 2097 1300 servi
2140 1246 2461 1313 accipiendo,
2489 1261 2604 1299 cum
2637 1246 2692 1298 in
2722 1245 2891 1314 {arma
2927 1243 3020 1297 Dei
3055 1254 3186 1298 esset
3216 1242 3372 1311 (Phi-

1795 1340 1920 1408 lipp.
1956 1353 2018 1401 tt,
2054 1337 2105 1403 6,
2135 1337 2211 1407 7).
2243 1338 2393 1403 Quod
2448 1352 2577 1392 vero
2610 1339 2899 1391 obscurum
2933 1345 2987 1391 et
3022 1337 3259 1391 abditum
3288 1344 3373 1390 est

1794 1430 1846 1483 in
1875 1429 2182 1499 cognitione
2215 1428 2329 1492 Dei,
2362 1443 2458 1496 per
2486 1426 2765 1496 caliginem
2803 1427 3121 1495 designatur
3157 1444 3171 1480 :
3204 1440 3372 1497 quam

1793 1521 2008 1589 quidem
2052 1520 2363 1589 caliginem,
2397 1529 2658 1588 quantum
2707 1520 2910 1573 homini
2958 1517 3216 1590 possibile
3265 1526 3371 1584 est,

1795 1612 2097 1682 penetravit
2128 1611 2356 1683 Moyses.
2375 1612 2522 1666 Talis
2551 1612 2651 1665 fuit
2682 1611 2933 1665 Deiinter
2959 1628 3055 1667 uos
3085 1611 3370 1676 adventus,

1792 1703 2062 1773 siquidem
2108 1720 2173 1759 ex
2213 1712 2367 1771 parte
2416 1713 2623 1758 tantum
2665 1703 2914 1774 cognitus
2950 1712 3033 1757 est
3081 1718 3109 1756 a
3140 1699 3375 1756 mortali-

1796 1795 1915 1849 bus.

1868 1886 2033 1939 Vnus.
2072 1887 2157 1940 11.
2191 1886 2253 1941 Et
2295 1889 2426 1941 sedit
2477 1904 2633 1955 super
2666 1884 2951 1949 cherubim,
2982 1893 3029 1939 et
3082 1882 3292 1948 volavit,
3321 1892 3373 1937 et

1793 1980 2037 2047 apparuit
2059 1996 2215 2045 super
2242 1996 2438 2047 pennas
2466 1992 2750 2035 ventorum.

1866 2072 2095 2141 Didymi.
2136 2103 2207 2111 —
2234 2071 2438 2126 Cherub
2467 2074 2853 2143 interpretatur
2876 2069 3155 2125 multitudo
3190 2069 3374 2141 cogni-

1796 2164 1975 2217 tionis.
2009 2163 2117 2218 lllis
2150 2165 2312 2233 igitur
2347 2164 2704 2220 rationalibus
2726 2164 3072 2226 animalibus,
3098 2163 3182 2218 vel
3206 2164 3371 2217 etiam

1793 2256 2078 2311 animabus
2110 2273 2229 2325 qum
2286 2258 2415 2326 ipsis
2466 2257 2672 2313 similes
2717 2266 2864 2321 sunt,
2922 2256 3163 2311 insidens
3210 2254 3373 2317 Deus,

1794 2364 1891 2417 per
1937 2348 2307 2403 acutissimam
2349 2363 2535 2403 eorum
2579 2347 2991 2419 intelligentiam
3026 2345 3191 2401 volat.
3217 2345 3370 2413 Quod

1793 2442 1840 2495 si
1870 2451 2062 2495 ventos
2088 2440 2374 2495 sensihiIes
2414 2440 2772 2503 intellexeris,
2807 2438 2912 2493 illis
2950 2454 3048 2508 per
3081 2436 3373 2507 providen-

1795 2534 1923 2587 tiam
1956 2533 2155 2587 insidet
2179 2532 2340 2597 Deus,
2376 2533 2523 2600 ipsos
2552 2547 2651 2602 pro
2674 2532 2901 2585 arbitrio
2924 2530 3167 2602 dirigens
3192 2545 3206 2580 :
3243 2528 3376 2583 Pro-

1794 2627 1937 2679 ducit
1968 2627 2138 2689 enitu,
2180 2626 2375 2694 inquit,
2412 2634 2587 2680 ventos
2630 2625 2695 2678 de
2737 2623 2997 2677 thesauris
3043 2622 3153 2676 suis
3194 2617 3371 2689 (Psal.

1792 2734 2016 2782 cxxxw,
2044 2718 2120 2787 7).
2159 2718 2215 2772 Si
2247 2728 2427 2772 autem
2466 2718 2733 2771 ventorum
2782 2714 2999 2769 nomine
3059 2726 3154 2768 eos
3217 2712 3376 2767 intel-

1797 2813 1995 2866 lexeris
2024 2812 2114 2881 qui
2163 2810 2371 2881 Spiritu
2408 2811 2459 2863 in
2519 2808 2753 2864 sublime
2804 2806 3077 2872 feruntur,
3113 2805 3371 2871 virosque

1795 2905 2066 2974 sapientes
2115 2904 2292 2957 ventis
2342 2902 2500 2957 ﬂatus
2556 2916 2689 2957 suos
2744 2899 3118 2954 eminentibus
3164 2895 3374 2952 similes

1794 3014 1915 3053 esse
1949 2998 2208 3063 volueris,
2247 2997 2461 3051 illorum
2510 2996 2675 3051 etiam
2710 2993 2834 3060 alis,
2859 2993 2910 3046 id
2934 3001 3019 3047 est
3053 2989 3377 3047 sublimibus

136 3084 523 3155 διδασκαλίας,
562 3088 693 3159 περὶ
720 3087 1042 3158 ἑτεροδόξων
1072 3086 1243 3156 λέγων
1270 3082 1420 3139 εἶπεν
1452 3089 1480 3139 ὁ
1530 3086 1688 3139 Ἀπό-

1864 3090 2233 3158 gitationibus,
2262 3088 2406 3142 Deus
2444 3086 2705 3141 invehens
2737 3084 2934 3153 ubique
2985 3081 3153 3139 volat.
3183 3080 3290 3136 Sed
3320 3089 3378 3134 et

138 3181 294 3245 στολος
312 3200 324 3212 ·
351 3184 481 3238 Ἵνα
499 3182 716 3253 μηκέτι
742 3177 901 3251 ὦμεν
919 3182 1145 3246 νήπιοι,
1172 3180 1686 3249 κλυδωνιζόμενοι,

136 3270 218 3325 καί
237 3276 673 3346 περιφερόμενοι
691 3273 871 3329 παντί
898 3273 1096 3343 ἀνέμῳ
1137 3272 1249 3342 τῆς
1274 3272 1689 3339 διδασκαλίας,

136 3365 193 3417 ἐν
215 3366 281 3435 τῇ
310 3369 511 3436 κυϐείᾳ
544 3367 663 3421 τῶν
694 3365 1045 3435 ἀνθρώπων,
1080 3367 1151 3420 ἐν
1176 3366 1511 3436 πανουργίᾳ
1539 3363 1690 3434 πρὸς

134 3459 230 3527 τὴν
245 3463 558 3531 μεθοδείαν
583 3461 693 3531 τῆς
725 3461 987 3528 πλάνης.

193 3658 273 3713 Στ.
315 3660 393 3715 ιδ’.
435 3661 551 3717 Kal
599 3662 965 3735 éﬂpdrmaer
1021 3660 1094 3726 ἐξ
1138 3660 1399 3729 οὐρανοῦ
1450 3660 1688 3727 Κύριος,

135 3750 217 3802 καί
242 3754 272 3805 ό
297 3752 583 3821 ’Υψιστος
614 3753 798 3807 ἔδωκε
831 3751 1049 3822 φωνὴν
1073 3751 1279 3804 αὑτοῦ.

192 3843 448 3913 Διδύμου.
499 3846 812 3909 Ἐκϐάσεως
845 3845 1224 3916 τετυχηκότων
1261 3846 1368 3899 τῶν
1394 3844 1524 3917 περὶ
1553 3846 1689 3917 Χρι-

135 3934 241 3986 στοῦ
253 3936 759 4009 προφητευομένων,
776 3939 803 3990 ὁ
825 3936 957 3999 Θεὸς
979 3936 1139 3999 εὐθὺς
1158 3935 1447 4007 οὐρανόθεν
1466 3934 1687 4007 βροντᾷυ

134 4022 270 4077 τοῦτο
305 4027 437 4097 μὲν,
474 4027 558 4098 τῷ
596 4031 661 4100 τῇ
696 4028 919 4082 ἐκϐάσει
959 4026 1379 4098 μεγαλοφώνους
1421 4026 1686 4096 δεδεῖχθαι

132 4117 215 4180 τὰς
242 4122 611 4193 προφητείας·
651 4120 810 4176 τοῦτο
847 4121 937 4186 δὲ,
984 4119 1063 4191 τῷ
1112 4119 1391 4188 θεολογίας
1430 4117 1561 4188 ὕψος
1600 4119 1690 4173 τὸν

134 4210 247 4263 Θεὸν
289 4217 405 4278 ταῖς
448 4213 712 4277 διανοίαις
754 4213 881 4285 περὶ
924 4211 1018 4266 τοῦ
1067 4211 1387 4283 μονογενοῦς
1432 4211 1691 4282 ἐμϐαλεῖν

134 4299 265 4365 Υἱοῦ,
296 4307 387 4359 καὶ
417 4306 599 4375 λέγειν
618 4323 631 4335 ’
667 4302 855 4371 Οὗτός
881 4306 1053 4358 ἐστιν
1098 4308 1131 4359 ό
1175 4306 1307 4371 Υἱός
1329 4323 1448 4373 μου
1480 4307 1511 4357 ό
1546 4304 1691 4372 ἁγα-

133 4395 329 4462 πητὸς,
365 4398 433 4451 ὲν
456 4390 509 4465 ᾧ
546 4397 873 4465 εὐδόκησα.
909 4395 1212 4467 Τοιγαροῦν
1244 4398 1357 4465 οὐχ
1407 4391 1551 4464 αἷμα
1587 4395 1685 4448 καὶ

1794 3193 1969 3237 ventos
1995 3182 2251 3235 doctrina!
2277 3180 2485 3234 inducit
2516 3178 2828 3246 Apostolus,
2873 3190 3018 3241 cum,
3050 3174 3116 3229 de
3155 3173 3373 3227 hetero-

1794 3272 1950 3326 tloxis
1984 3272 2235 3340 loquens,
2289 3270 2467 3325 dicit:
2504 3268 2572 3323 Ut
2614 3269 2734 3339 jam
2798 3285 2902 3323 non
2946 3269 3112 3321 simus
3167 3264 3375 3334 parvuli

1793 3367 2128 3434 ﬂuctuantes,
2164 3374 2212 3419 et
2247 3363 2686 3432 circumferamur
2731 3362 2873 3416 omni
2902 3370 3050 3415 vento
3095 3358 3369 3420 doctrinm,

1793 3460 1847 3511 in
1875 3459 2106 3526 nequitia
2133 3457 2425 3517 hominum,
2452 3457 2510 3508 in
2537 3455 2733 3508 astutia
2767 3454 2836 3505 ad
2871 3450 3369 3505 circumventionem

1791 3550 1984 3602 erroris
2020 3547 2236 3617 (Ephes.
2270 3562 2343 3608 tv,
2388 3545 2497 3615 14).

1863 3660 2028 3715 Vens.
2066 3660 2151 3714 M.
2194 3659 2261 3713 Et
2288 3660 2521 3712 intonuit
2544 3660 2604 3713 de
2636 3657 2763 3712 caelo
2808 3656 3089 3720 Dominus,
3121 3665 3171 3710 et
3204 3656 3371 3709 Altis-

1790 3753 1957 3807 simus
1998 3753 2141 3805 dedit
2186 3768 2355 3805 vocem
2389 3766 2561 3805 suam.

1865 3843 2105 3914 Didymi.
2137 3874 2208 3885 —
2250 3842 2491 3913 lmpletis
2550 3842 2805 3898 omnibus
2849 3856 2970 3911 qua:
3034 3840 3101 3896 de
3156 3840 3375 3895 Christo
3420 3916 3421 3919 η

1797 3938 2166 4007 praedixerant
2200 3936 2497 4004 prophetat,
2536 3936 2785 4005 protinus
2832 3935 2898 3989 de
2930 3934 3071 3989 coelo
3116 3935 3256 3989 Deus
3287 3935 3373 3989 in-

1798 4039 1996 4084 tonat:
2045 4038 2159 4082 tum
2220 4028 2574 4083 altitonarum
2629 4026 3039 4097 prophetiarum
3092 4026 3373 4081 veritatem

1792 4124 1909 4193 ipso
1945 4137 2124 4178 rerum
2168 4121 2317 4176 exitu
2378 4121 2818 4188 demonstrando,
2862 4129 2974 4175 tum
3013 4120 3181 4176 etiam
3226 4120 3377 4175 altis-

1792 4216 1990 4269 simum
2017 4216 2083 4269 de
2113 4213 2291 4269 divina
2316 4212 2437 4267 Filii
2486 4215 2568 4267 sui
2597 4212 2865 4283 unigeniti
2915 4223 3105 4267 natura
3155 4226 3373 4267 sensum

1791 4308 2032 4362 omnium
2090 4306 2363 4363 mentibus
2414 4306 2727 4375 injiciendo.
2780 4323 2901 4362 cum
2938 4308 3004 4362 dc
3037 4309 3153 4373 ipso
3188 4306 3319 4362 dicit
3357 4322 3371 4359 :

1794 4398 1897 4453 llic
1926 4408 2007 4453 est
2039 4398 2214 4452 Filius
2248 4415 2394 4453 meus
2424 4399 2666 4463 dilectus,
2688 4400 2742 4453 in
2772 4415 2874 4467 quo
2908 4399 3036 4453 ntihi
3063 4399 3187 4453 bene
3231 4415 3375 4453 com-

132 4487 269 4555 σὰρξ
288 4490 463 4557 αὐτοῖς
480 4490 901 4560 ἀπεκάλυψεν,
919 4490 1035 4543 ἀλλ’
1050 4493 1083 4544 ό
1107 4489 1309 4558 Πατὴρ
1332 4494 1364 4544 ό
1386 4487 1687 4557 οὐράνιος,

1864 4492 1966 4543 tcui
2018 4488 2234 4560 (Matth.
2284 4506 2415 4555 xvu,
2454 4490 2533 4555 5).
2591 4488 2729 4543 Caro
2775 4489 3028 4559 equidem
3068 4498 3117 4544 et
3156 4492 3372 4559 sanguis

130 4577 206 4631 τὸν
242 4581 361 4637 ἴδιον
414 4584 539 4637 Υίὸν
583 4584 1046 4655 παρασκευάσας,
1086 4584 1223 4653 πρὸς
1272 4581 1537 4653 ὑποδοχὴν
1590 4584 1689 4652 τῆς

133 4669 262 4736 θείας
292 4674 519 4746 βροντῆς
552 4677 611 4728 ἐν
648 4678 719 4747 γῇ
750 4674 1079 4745 σωματικῶς
1115 4674 1419 4744 γεγονέναι,
1458 4675 1553 4727 καὶ
1589 4674 1688 4743 τὴν

133 4762 251 4815 ίδίαν
292 4767 463 4840 ψυχὴν
520 4769 672 4841 νόμῳ
722 4768 1051 4840 θνητότητος
1102 4766 1367 4841 προέσθαι
1411 4767 1550 4835 ὑπὲρ
1592 4765 1688 4818 τοῦ

131 4856 439 4928 πλάσματος,
469 4861 546 4926 ὡς
571 4862 636 4915 ἂν
662 4863 727 4915 ἐκ
752 4862 850 4931 τῆς
881 4859 1173 4931 οὐρανόθεν
1197 4858 1500 4931 ἐρχομένης
1532 4856 1687 4928 βρον-

128 4947 213 5016 τῆς
245 4952 695 5023 μετεωρισθέντες
726 4953 835 5007 τῶν
867 4952 1102 5023 γηίνων.
1150 4950 1575 5023 προσπελάσωσι
1612 4948 1689 5020 τῷ

129 5036 357 5111 οὐρανίῳ,
384 5041 499 5111 τὴν
521 5043 728 5097 εἰκόνα
752 5041 861 5096 τοῦ
897 5042 1266 5111 ἐπουρανίου
1290 5041 1643 5111 φοροῦντες.

187 5309 269 5364 Στ.
308 5320 387 5371 ιε’.
439 5317 549 5371 Καὶ
586 5318 912 5373 ἀπέστειλε
949 5320 1132 5390 βέλη,
1170 5322 1268 5375 καὶ
1311 5322 1688 5392 ἐσκόρπισεν

128 5401 356 5471 αὺτούς-
393 5410 489 5463 και
532 5408 848 5479 ῆστραψεν
900 5413 1244 5484 ἀστραπὴν,
1297 5413 1394 5467 καὶ
1424 5414 1685 5484 ἐξέστη-

127 5502 227 5541 σεν
254 5497 490 5565 αὐτούς.

190 5587 451 5657 Διδύμου.
480 5594 604 5657 Τοῖς
627 5594 887 5659 ἐναντίως
912 5596 1273 5670 διακειμένοις
1300 5597 1681 5663 ἐξαποστέλλει

131 5672 262 5748 βέλη,
298 5686 621 5758 συνταράξαι
646 5688 921 5761 δυνάμενα
954 5692 1080 5757 τοὺς
1107 5692 1466 5765 ὁμονοοῦντας
1516 5694 1574 5747 ἐν
1608 5693 1685 5764 τῷ

130 5769 284 5841 κακῷ.
328 5775 485 5848 Λέγει
517 5780 574 5835 δὲ
607 5781 702 5839 νῦν
743 5780 871 5856 βέλη
918 5785 1042 5852 τοὺς
1079 5786 1679 5859 προαναφωνουμένους

1795 4598 1898 4635 ηοη
1931 4580 2175 4635 revelavit
2211 4581 2339 4648 illis,
2361 4581 2451 4634 sed
2478 4580 2641 4635 Pater
2671 4580 2925 4635 scelestis:
2964 4582 3079 4651 qui,
3107 4593 3163 4635 ιιι
3202 4582 3370 4636 divini

1795 4673 1996 4726 tonitru
2024 4673 2425 4742 susceptionem
2461 4683 2815 4743 praepararet,
2843 4671 3038 4727 Filium
3064 4688 3220 4727 suum
3252 4689 3374 4728 cor-

1792 4767 2049 4836 poraliter
2104 4766 2155 4819 in
2227 4776 2369 4821 terra
2424 4766 2737 4820 conversari
2786 4765 3005 4830 statuit,
3074 4765 3375 4834 propriam-

1791 4873 1899 4928 que
1955 4858 2189 4911 animam
2252 4858 2524 4912 dimittere
2581 4866 2806 4934 propter
2868 4866 3198 4920 creaturam,
3268 4872 3375 4925 quo

1791 4951 2017 5015 scilicet,
2072 4965 2168 5020 per
2213 4949 2340 5004 illud
2391 4949 2603 5005 etelltus
2653 4948 3040 5021 superveniens
3072 4949 3290 5003 "tonitru
3341 4967 3373 5004 a

1792 5043 2024 5097 terrenis
2085 5042 2316 5098 sublime
2373 5041 2885 5104 abstracti,homini
2927 5039 3132 5095 cmlesti
3183 5057 3376 5111 appro-

1790 5135 2135 5203 pinquarent.
2194 5132 2414 5187 caelestis
2463 5130 2545 5187 (υι
2592 5131 2670 5185 ait
2722 5128 3038 5201 Apostolus)
3094 5131 3375 5202 imaginem

1792 5226 2034 5295 ferentes.

1862 5343 2035 5397 Vens.
2064 5342 2149 5398 15.
2184 5341 2328 5396 Misit
2364 5342 2584 5413 sagittas
2629 5351 2675 5397 et
2718 5341 2992 5410 dissipavit
3025 5358 3132 5409 eos,
3180 5351 3229 5397 et
3281 5340 3382 5410 [ul-

1790 5435 1998 5503 guravit
2030 5433 2233 5505 fulgur,
2258 5445 2306 5489 et
2336 5434 2673 5491 obstupefecit
2697 5452 2805 5491 eos.

1862 5610 2284 5682 Didymi.—ln
2345 5614 2563 5669 inimice
2621 5600 2845 5670 allectos
2905 5614 3072 5669 mittit
3126 5612 3374 5683 sagittas,

1793 5718 1912 5773 qua:
1938 5704 2057 5760 illos
2097 5706 2445 5773 conturbent,
2470 5707 2523 5762 in
2560 5706 2703 5762 malo
2731 5706 3036 5761 unanimes.
3064 5702 3161 5760 llic
3191 5713 3373 5757 autem

1794 5796 2023 5867 sagittas
2068 5808 2225 5855 vocat
2270 5800 2429 5856 verba
2474 5800 2719 5872 superius
2776 5801 2842 5857 de
2880 5798 3087 5856 ultione
3135 5798 3378 5872 prolata.
