3738 6310
432 297 571 354 Ηιθ

1663 311 1892 366 DIDYMI
1931 311 2397 370 ALEXANDRINI

3513 322 3627 377 H20

430 411 741 471 Turbantur
776 417 921 473 enim
953 434 1076 476 cum
1113 420 1257 476 illam
1307 421 1564 477 ultionem
1620 425 1759 479 Deus
1791 426 1871 480 eis
1898 426 1996 480 mi-
2024 443 2050 498 Α

2106 428 2229 498 περὶ
2263 429 2536 492 κολάσεως
2577 427 2784 496 λόγους.
2829 429 3198 498 Ταρὰττονται
3237 428 3344 500 γὰρ
3380 432 3491 494 ταῖς
3524 434 3628 502 περὶ

427 517 608 562 ιιιιιιιτ.

2097 519 2264 586 αὐτῆς
2290 519 2555 582 ἀπειλαῖς.

1409 851 2122 942 FRAGMENTA
2201 854 2326 943 IN
2397 851 2658 943 JOB.

1332 1043 1452 1113 (Ea:
1516 1043 1713 1100 Catena
1779 1045 1980 1100 Niceta:
2030 1046 2113 1101 ed.
2176 1046 2324 1119 Yuug
2373 1018 2500 1104 mini
2555 1050 2745 1120 1657.)

494 1307 648 1364 CAP.
682 1309 727 1362 Ι.
771 1305 924 1361 Vers.
957 1307 1008 1360 1.
1055 1307 1226 1363 Homo
1269 1309 1482 1379 quidam
1531 1319 1642 1364 erat
1691 1310 1745 1364 in
1784 1312 1988 1379 regione

421 1399 684 1461 Ausitide,
713 1397 799 1450 cui
830 1412 1013 1451 nomen
1034 1394 1158 1451 Job.

493 1490 731 1559 Didymi.
768 1517 836 1527 -—
869 1486 1164 1544 Sublimius
1190 1498 1369 1544 autem
1410 1489 1832 1558 interpretando,
1873 1491 1986 1544 Au-

420 1581 543 1636 sitis
570 1580 755 1634 Graeca
808 1578 989 1648 lingua
1039 1579 1315 1632 consilium
1352 1580 1641 1650 signiﬁcat,
1672 1583 1735 1636 in
1758 1597 1864 1650 quo
1893 1580 1984 1650 ju-

421 1681 538 1728 stus
580 1670 876 1726 habitabat.
929 1669 1030 1736 Qui
1065 1671 1210 1724 enim
1261 1671 1328 1725 ad
1388 1671 1523 1724 iram
1575 1683 1854 1742 promptus
1881 1683 1989 1738 cst,

421 1765 540 1820 sine
572 1763 796 1818 consilio
831 1762 982 1833 agit:
1021 1762 1164 1817 unde
1199 1772 1257 1816 ut
1307 1765 1517 1818 catulus
1551 1779 1736 1830 canes,
1775 1767 1853 1821 sic
1897 1767 1989 1823 ille

420 1857 566 1912 dicta
600 1869 665 1910 ac
692 1853 834 1910 facta
879 1869 1018 1908 caeca
1052 1853 1322 1922 producit,
1354 1854 1441 1910 hic
1487 1865 1664 1910 autem
1690 1856 1871 1923 justus
1904 1858 1987 1912 ni-

421 1945 498 2000 ltil
553 1961 658 2000 non
712 1961 778 2000 ex
837 1942 1066 2001 consilio
1126 1944 1562 2007 administrabat,
1623 1947 1872 2014 prudenti
1916 1947 1988 2001 illi

417 2049 688 2107 ιιι-ποετιιο
729 2023 1154 2108 obtemperans:
1209 2033 1342 2090 Cum
1401 2035 1616 2091 consilio
1672 2040 1848 2093 omnia
1907 2039 1990 2109 {ac

421 2129 612 2200 (Eccli.
653 2146 827 2198 χχιιι,
863 2131 977 2200 24).
1011 2130 1130 2186 Jobi
1161 2147 1290 2186 vero
1323 2146 1540 2195 nomen,
1582 2131 1838 2200 patientia
1883 2140 1984 2196 est,

417 2231 581 2292 atque
604 2222 944 2292 intelligitur,
969 2223 1040 2277 ita
1074 2234 1131 2278 ut
1161 2224 1211 2277 id
1235 2223 1345 2291 jam
1377 2223 1702 2292 fueritquod
1733 2233 1858 2278 ante
1889 2238 1985 2278 vo-

416 2314 666 2380 cabatur,
705 2324 796 2368 aut
824 2314 876 2368 id
911 2323 1135 2371 vocatus
1176 2316 1270 2381 sit,
1307 2316 1451 2384 quod
1479 2325 1662 2384 postea
1691 2317 1925 2371 exstitit.

489 2404 657 2462 Vens.
686 2405 744 2460 2.
773 2403 931 2460 Facti
962 2417 1081 2461 sunt
1115 2418 1287 2461 autem
1327 2408 1374 2460 ei
1401 2407 1502 2477 ﬁlii
1525 2416 1742 2477 septem,
1773 2417 1820 2462 et
1858 2407 1986 2476 ﬁlia:

415 2505 539 2551 (res.

2172 1315 2330 1370 ΚΕΦ.
2369 1317 2446 1379 Α’,
2493 1333 2576 1370 στ.
2616 1324 2687 1370 α’.
2741 1319 3076 1387 ’Ἀνθρωπος
3117 1333 3208 1382 τις
3251 1312 3331 1385 ἦν
3392 1317 3460 1368 ἐν
3503 1316 3630 1384 χώέᾳ

2020 1425 2062 1480 Β
2093 1402 2168 1472 τῇ
2200 1406 2491 1472 aestuet,
2537 1426 2586 1474 ῳ
2625 1410 2811 1478 ὄνομα
2864 1409 3008 1464 Ἰὼϐ.

2166 1498 2447 1570 Διδύμου.
2499 1500 2855 1574 ’Υψηλότερον
2883 1504 2941 1556 δὲ
2959 1544 2974 1567 ,
3007 1503 3224 1568 Αὑσῖτις
3251 1501 3458 1567 ,βουλὴ
3487 1502 3631 1570 ἑρμη-

2090 1591 2308 1644 νεύεται
2328 1631 2344 1656 ,
2397 1592 2537 1646 κατὰ
2569 1592 2666 1662 τὴν
2704 1594 2930 1648 Ἐλλάδα
2964 1595 3144 1665 φωνὴν
3164 1634 3179 1658 ,
3214 1595 3273 1646 ὲν
3313 1588 3499 1666 ᾖῷκει
3523 1595 3547 1644 ὁ
3568 1593 3630 1644 δε-

2089 1698 2264 1744 καιος.
2315 1682 2614 1753 Ὀξύθυμος
2669 1683 2767 1754 μὲν
2794 1683 2902 1754 γὰρ
2941 1685 3079 1755 μετὰ
3102 1684 3360 1748 ἀὸουλίας
3391 1683 3629 1753 πράσσει·

2087 1769 2169 1823 διὸ
2211 1771 2388 1840 τυφλὰ
2422 1774 2549 1842 παρ’
2589 1773 2736 1844 αὐτῷ
2777 1777 3048 1842 γεννᾶται,
3081 1774 3327 1844 καθάπερ
3364 1776 3474 1835 τοῖς
3508 1774 3629 1834 κυσὶ,

2090 1862 2184 1914 καὶ
2222 1861 2290 1915 τὰ
2317 1861 2620 1933 πράγματα
2662 1865 2754 1917 καὶ
2777 1864 2846 1917 τὰ
2872 1867 3091 1936 ῥήματα
3109 1881 3122 1895 ο
3147 1867 3175 1918 ὁ
3196 1864 3253 1918 δὲ
3278 1865 3481 1925 δίκαιος
3505 1861 3630 1914 οὐδὲν

2091 1952 2334 2017 ἀϐούλως
2377 1957 2542 2019 ποιεῖ,
2574 1955 2650 2026 τῷ
2684 1955 2831 2026 σοφῷ
2865 1957 3284 2028 παραγγέλματι
3322 1955 3514 2023 ἐκείνῳ
3537 1970 3632 2005 πει-

2093 2040 2318 2110 θόμενος
2340 2061 2353 2074 ·
2385 2045 2545 2099 Μετὰ
2570 2045 2810 2112 ,βουλῆς
2858 2045 3056 2099 πάντα
3109 2048 3287 2100 ποίει.
3317 2045 3394 2098 Τὸ
3429 2045 3484 2098 δὲ
3533 2043 3631 2095 ἰὼε

2090 2131 2261 2204 ὄνομα
2298 2133 2544 2206 ὑπομονὴ
2586 2138 2786 2188 νοεῖται
2829 2136 2923 2188 καὶ
2955 2135 3120 2199 ἔστιν,
3148 2135 3223 2198 ὡς
3254 2134 3502 2202 γενέσθαι
3528 2134 3632 2186 τοῦ-

2088 2240 2181 2280 τον
2221 2223 2250 2277 ὃ
2287 2223 2622 2296 προεκλήθη,
2659 2225 2692 2296 ἢ
2725 2223 2988 2296 κληθῆναι
3025 2225 3161 2295 ὅπερ
3189 2224 3405 2276 ἐγένετο

2163 2407 2254 2462 Στ.
2298 2406 2362 2477 β’.
2415 2405 2724 2475 Ἐγένοντο
2761 2406 2828 2460 δὲ
2867 2404 3028 2472 αὐτῷ
3074 2407 3194 2460 υἱοὶ
3231 2405 3385 2460 ἑπτὰ
3421 2406 3516 2461 καὶ
3549 2410 3634 2460 θυι

2094 2495 2337 2566 γατέρες
2363 2496 2521 2564 τρεῖς

484 2588 718 2658 Didymi.
765 2619 837 2631 —-
879 2587 1190 2660 Catalogum
1249 2589 1566 2653 liberorum,
1601 2593 1693 2662 qui
1739 2593 1986 2665 mysticis
2015 2580 2050 2640 C

2162 2586 2439 2654 Διδύμου.
2496 2585 2760 2639 Ἐνταῦθα
2796 2585 2852 2639 δὲ
2883 2586 2978 2640 καὶ
3015 2589 3044 2641 ὁ
3075 2586 3182 2640 τῶν
3229 2587 3438 2641 παίδων
3483 2586 3633 2638 κατάρ

416 2680 716 2735 rationibus
741 2682 1015 2746 convenit,
1043 2681 1321 2750 Scriptura
1377 2683 1480 2738 hoc
1513 2685 1565 2737 in
1603 2684 1720 2738 loco
1765 2686 1984 2756 dignum

415 2786 537 2828 esse
568 2773 860 2836 existimat,
898 2773 990 2842 qui
1043 2783 1404 2828 recenseatur.
1431 2774 1563 2840 Quis
1603 2776 1746 2829 enim
1776 2777 1987 2847 ignorat

417 2877 704 2917 numerum
743 2863 1111 2932 septenarium
1172 2878 1292 2919 esse
1347 2874 1556 2934 septem
1597 2867 1981 2924 charismatum

415 2950 653 3006 indicem
677 2989 695 3017 ,
730 2952 872 3006 sicut
905 2953 1064 3006 trium
1098 2954 1386 3024 appellatio
1410 2954 1474 3008 ad
1504 2955 1556 3008 id
1585 2955 1726 3023 quod
1751 2967 1834 3012 est
1863 2974 1988 3028 per-

417 3042 616 3098 fectius
666 3053 831 3112 atque
867 3043 1105 3100 divinius
1147 3046 1336 3099 referri
1378 3046 1557 3101 solet?
1611 3047 1873 3104 Nimirum
1927 3060 1986 3106 ut

415 3133 654 3187 sciamus
700 3133 986 3189 Trinitatis
1021 3135 1199 3200 ﬁdem,
1238 3146 1493 3206 tanquam
1550 3149 1712 3206 caput
1768 3139 1984 3208 aliquod

415 3221 646 3290 reliquis
701 3222 992 3280 virtutibus
1047 3225 1398 3294 impositam,
1462 3237 1670 3282 sentem
1720 3227 1985 3283 donorum

414 3311 659 3381 Opilicem
693 3327 834 3367 esse.

489 3419 651 3477 Vens.
673 3423 740 3478 εὖ.
775 3423 847 3478 Et
880 3437 990 3480 erat
1011 3428 1163 3482 homo
1196 3428 1283 3484 ille
1312 3430 1520 3498 nobilis,
1562 3431 1698 3486 inter
1727 3447 1812 3487 eos
1832 3435 1921 3504 qui
1953 3453 1985 3490 a

413 3514 542 3568 solis
575 3526 715 3568 ortu.

481 3603 717 3675 Didymi.
755 3636 826 3648 —
863 3607 1068 3664 Dicitur
1105 3610 1172 3666 ad
1220 3611 1490 3680 litteram,
1541 3631 1739 3686 genere
1786 3617 1966 3673 clarus

2086 2679 2242 2747 λογος
2288 2678 2470 2749 τίμιος
2513 2677 2662 2749 παρὰ
2698 2681 2765 2750 τῇ
2811 2678 3035 2748 Γραφῇ,
3078 2679 3172 2731 καὶ
3215 2677 3396 2746 λόγοις
3439 2679 3636 2748 supero-

2086 2787 2176 2833 νος
2213 2773 2512 2841 μυστικοῖς.
2567 2770 2662 2833 Τίς
2694 2769 2802 2841 γὰρ
2836 2770 2937 2822 οὐκ
2976 2763 3085 2822 οἶδε
3132 2771 3231 2841 τὴν
3270 2771 3502 2841 ἑϐδόμην
3546 2772 3635 2822 ἁπ-

2085 2861 2384 2932 αρίθμησιν
2424 2861 2532 2913 τῶν
2581 2862 2718 2914 ἑπτὰ
2747 2862 3099 2932 χαρισμάτων
3131 2861 3356 2932 μηνύειν
3398 2862 3492 2932 τὴν
3527 2860 3637 2913 οὖν·

2086 2949 2224 3016 οδον,
2253 2949 2440 3022 ὥσπερ
2481 2945 2572 3002 οὖν
2600 2950 2694 3003 καὶ⁸
2729 2952 2826 3020 τὴν
2857 2952 3044 3022 τρίτην
3078 2950 3405 3021 ἐκφὼνησιν,
3444 2950 3568 3022 πρὸς
3589 2951 3636 3002 τὸ

2087 3040 2416 3112 τελειότερον
2444 3042 2575 3112 ὁρᾷν
2601 3042 2693 3094 καὶ
2732 3041 3036 3114 θειότερονς
3072 3042 3157 3096 ἵνα
3184 3043 3446 3112 μάθωμεν
3481 3044 3570 3114 τὴν
3592 3046 3638 3095 ἐν

2087 3129 2276 3200 Τριάδι
2314 3129 2496 3182 πίστιν
2542 3131 2639 3201 τῆς
2689 3130 2919 3202 ἑϐδόμης
2953 3129 3053 3202 [ἶσ.
3097 3131 3410 3203 ἑϐδομαίας]
3442 3133 3638 3203 χάριτος

2087 3217 2226 3274 εἶναι
2259 3221 2611 3292 δημιουργὸν,
2647 3222 2898 3294 καθάπερ
2923 3223 3044 3274 τινὰ
3082 3223 3322 3292 κεφαλὶν
3350 3224 3637 3294 ἐπιτιθεμέ-

2086 3329 2185 3382 νην
2218 3314 2336 3374 ταῖς
2365 3313 2607 3381 ἀρεταῖς.

2156 3427 2248 3480 Στ.
2281 3433 2349 3494 γ’.
2392 3425 2497 3480 Καὶ
2539 3421 2618 3495 ἦν
2663 3427 2696 3480 ὁ
2737 3425 3047 3494 ἄνθρωπος
3085 3426 3317 3493 ἐκεῖνος
3375 3424 3636 3495 εὐγενής.

2085 3517 2204 3574 τῶν
2228 3519 2328 3588 ἀφ’
2354 3519 2532 3586 ἡλίου
2557 3517 2886 3573 ἀνατολῶν.

2156 3608 2432 3678 Διδύμου.
2454 3609 2598 3680 Πρὸς
2631 3607 2730 3679 μὲν
2761 3603 2853 3662 οὖν
2890 3607 2951 3660 τὸ
2973 3607 3155 3679 ῥητὸν,
3187 3608 3413 3678 εὐγενὴς
3441 3607 3531 3661 τοῦ
3561 3609 3636 3674 ἀφ’

2087 3701 2236 3772 ἡλίου
2268 3700 2541 3753 ἀνατολῶν
2561 3741 2575 3765 ,
2615 3700 2858 3768 λέγεται,
2917 3698 3003 3751 διὰ
3050 3699 3147 3771 τὴν
3181 3699 3322 3752 κατὰ
3355 3699 3529 3770 σάρκα
3556 3699 3634 3750 τοῦ

413 3695 556 3752 inter
597 3699 909 3766 orientales,
942 3704 1195 3772 quoniam
1224 3709 1520 3762 secundum
1559 3724 1778 3764 carnem
1809 3708 1988 3764 Abra-

412 3787 576 3843 ltamo
607 3799 867 3860 cognatus
896 3793 1016 3858 fuit,
1045 3795 1110 3848 ad
1143 3811 1360 3850 sensum
1393 3810 1572 3853 autem
1629 3801 1984 3872 anagogicum

2106 3791 2348 3863 Ἀϐραὰμ
2377 3792 2682 3854 οἰκειότητα
2701 3807 2716 3822 ο
2751 3791 2884 3861 πρὸς
2910 3790 2964 3842 δὲ
2997 3790 3308 3859 ἀναγωγὴν,
3339 3793 3387 3843 oi
3429 3792 3530 3844 υἱοὶ
3554 3790 3635 3842 τεῦ

411 3884 558 3952 quod
596 3887 812 3954 attinet,
847 3887 984 3943 lucis
1017 3899 1069 3944 et
1121 3889 1211 3945 Dei
1266 3892 1358 3946 lilii
1413 3908 1443 3946 a
1491 3893 1682 3949 lucidis
1727 3896 1982 3963 operibus
2013 3917 2050 3972 ι]

2106 3881 2284 3950 ρωτδς,
2315 3881 2405 3934 καὶ
2433 3881 2598 3934 τέκνα
2629 3879 2762 3932 Θεοῦ
2794 3879 2859 3932 δι’
2890 3879 3064 3951 ἔργων
3089 3880 3363 3948 φωτεινῶν
3389 3882 3611 3951 χρηματί

419 3978 594 4032 vocati
620 3977 696 4032 illi
719 3989 864 4044 sunt,
897 3981 989 4050 qui
1031 3982 1293 4037 orientem
1327 3985 1586 4040 incolunt.
1627 3985 1813 4042 Justus
1837 3988 1982 4041 enim
2015 3967 2045 3972 ⁷

2106 3977 2300 4039 ζονταί,
2336 3967 2480 4026 οὗτοί
2511 3976 2648 4026 εἰσιν
2705 3974 2752 4026 oi
2803 3973 2895 4042 ἀφ’
2931 3972 3082 4043 ἡλίου
3115 3973 3411 4029 ἀνατολῶν.
3455 3975 3510 4026 ’0
3543 3975 3637 4040 γᾶρ

418 4085 526 4124 non
565 4070 634 4124 ab
668 4071 994 4136 hominibus,
1033 4073 1128 4128 sed
1181 4089 1211 4127 a
1246 4075 1527 4144 Splendore
1567 4079 1696 4133 solis
1741 4079 1980 4148 justitim,

417 4161 880 4230 splendescentem
915 4162 1220 4229 assequitur
1253 4163 1611 4222 nobilitatem.

480 4361 649 4418 Vens.
703 4362 758 4418 5.
807 4361 876 4415 Et
932 4371 1208 4432 postquam
1256 4365 1602 4416 consummati
1652 4375 1817 4418 essent
1871 4367 1980 4421 dies

408 4455 646 4520 convivii,
668 4453 903 4508 mittebat
943 4453 1044 4509 Job
1103 4461 1154 4509 et
1201 4454 1512 4525 puriﬁcabat
1551 4471 1638 4509 eos
1693 4473 1978 4512 exsuraens

407 4557 582 4606 mane,
615 4553 725 4603 etc.

476 4633 716 4704 Didymi.
735 4665 808 4676 —
834 4632 1292 4701 Quemadmodum
1319 4636 1406 4692 ille
1433 4637 1568 4692 dixit
1595 4656 1610 4692 :
1635 4636 1710 4692 De
1741 4648 1885 4692 nocte
1910 4639 1978 4692 ad

405 4734 456 4780 te
491 4726 555 4778 de
582 4741 734 4779 mone
771 4727 947 4796 vigilat
989 4728 1204 4794 spiritus
1239 4745 1404 4791 meus,
1447 4745 1477 4783 ο
1506 4729 1645 4783 Deus
1672 4729 1973 4796 (lsa.xxv:,

404 4815 482 4887 9).
510 4816 575 4872 Et
603 4834 617 4870 :
646 4817 807 4884 Deus,
831 4819 972 4873 Deus
998 4835 1162 4883 meus,
1193 4819 1262 4873 ad
1295 4829 1344 4872 te
1374 4822 1438 4874 de
1477 4821 1591 4875 luce
1618 4823 1772 4891 vigilo
1802 4820 1971 4892 (Psal.

403 4919 537 4970 uti,
572 4908 647 4978 1),
689 4910 759 4962 ita
789 4907 891 4964 Job
917 4909 1118 4964 nullam
1145 4909 1305 4963 aliam
1336 4911 1405 4964 ob
1441 4925 1551 4963 rem
1584 4911 1818 4965 diluculo
1847 4927 1965 4965 sur-

402 4999 581 5065 gebat,
617 5014 779 5069 quam
810 5009 866 5054 ut
901 5000 1009 5055 Deo
1044 5001 1310 5056 sacriﬁcia
1367 5018 1464 5070 pro
1513 5002 1698 5057 liberis
1727 5002 1970 5067 oﬂ‘erret,

397 5088 558 5156 juxta
602 5105 876 5146 numerum
915 5109 1118 5157 eorum,
1156 5096 1258 5148 hoc
1287 5105 1393 5159 est,
1446 5110 1541 5163 pro
1569 5111 1892 5164 unoquoque
1917 5105 1972 5150 et

405 5176 632 5244 singulis
663 5180 874 5245 ordine;
907 5180 1040 5234 nihil
1077 5182 1220 5236 enim
1259 5185 1574 5253 perturbate
1617 5186 1779 5239 homo
1838 5202 1970 5241 san-

405 5273 528 5319 ctus
561 5267 775 5336 agebat.
803 5271 884 5323 Ad
929 5271 1063 5336 Itzec,
1095 5271 1321 5326 vitulum
1361 5289 1458 5342 pro
1496 5277 1748 5330 omnibus
1775 5277 1968 5330 immo-

403 5353 574 5420 labat,
602 5358 856 5427 peculiari
893 5375 990 5416 suo
1028 5377 1195 5428 more,
1241 5373 1300 5416 ut
1355 5365 1421 5418 ad
1457 5381 1576 5418 eam
1619 5368 1878 5420 rationem
1917 5368 1978 5418 li-

405 5449 511 5506 lios
537 5466 752 5522 quoque
778 5467 906 5509 suos
938 5455 1320 5511 assuefaceret.
1359 5454 1448 5510 Sic
1471 5455 1635 5526 igitur
1660 5457 1812 5510 ﬁnito
1845 5472 1976 5510 con-

405 5541 549 5596 vivio
585 5558 680 5598 cos
726 5545 1023 5614 purgabat;
1073 5562 1195 5601 cum
1253 5549 1569 5618 purgatione
1609 5549 1815 5602 scilicet
1854 5564 1974 5617 qua:

414 5632 518 5686 sub
548 5647 766 5690 sensum
814 5639 979 5703 cadit,
1029 5639 1193 5693 etiam
1237 5654 1300 5694 ea
1345 5655 1463 5708 qum
1493 5639 1559 5692 ad
1586 5640 1823 5694 anin'num
1853 5655 1974 5707 pur-

423 5725 652 5790 gandum
725 5729 1088 5787 conducerent
1139 5731 1393 5788 ostendit.
1446 5731 1763 5800 Proplictice
1826 5733 1970 5787 enim

2085 4065 2290 4127 δίκαιος
2335 4067 2610 4133 εὐγένειαν
2661 4065 2875 4129 κτᾶται,
2908 4067 3007 4117 οὐκ
3047 4065 3139 4116 ἀπ’
3178 4064 3501 4134 ἀνθρώπιον,
3537 4066 3635 4116 ἀλλ’

2085 4157 2194 4210 ἀπὸ
2225 4156 2318 4209 τοῦ
2351 4157 2524 4226 φωτὸς
2552 4156 2644 4209 τοῦ
2678 4157 2826 4228 ἡλίου
2847 4157 2945 4228 τῆς
2977 4156 3342 4228 δικαιοσύνης,
3372 4158 3634 4227 καταλαμ-

2088 4247 2348 4320 πομένην.

2155 4362 2245 4414 Στ.
2287 4368 2360 4426 ς’.
2405 4361 2513 4415 Kal
2544 4361 2626 4426 ὡς
2657 4361 2733 4414 ἂν
2773 4358 3308 4426 συνετελέσθησαν
3350 4365 3410 4415 al
3443 4361 3634 4429 ἡμέραι

2081 4454 2186 4507 τοῦ
2199 4455 2408 4516 πότου,
2425 4454 2780 4525 ἀπέστειλεν
2808 4452 3032 4507 Ἰὼϐκαὶ
3053 4452 3395 4523 ἐκαθάριζεν
3409 4474 3445 4507 ιι
3455 4455 3570 4507 i-rci
3576 4474 3630 4516 ις,

2081 4544 2476 4614 ἀνιστάμενος
2508 4544 2573 4597 τὸ
2603 4545 2773 4612 πρωῒ,
2810 4562 2864 4598 κ.
2897 4561 2948 4597 τ.
2976 4545 3026 4597 λ.

2149 4636 2424 4706 Διδίνμου.
2467 4637 2574 4689 Καὶ
2619 4637 2759 4690 κατὰ
2803 4637 2891 4688 τὸν
2929 4635 3219 4707 εἰρηκότα,
3284 4635 3384 4690 Ἐκ
3436 4647 3634 4695 rure;

2081 4729 2326 4798 ὀρθρίζει
2360 4728 2424 4780 τὸ
2459 4727 2694 4797 πνεῦμά
2729 4745 2846 4797 μου
2889 4727 3038 4795 πρὸς
3082 4730 3176 4792 σὲ,
3218 4731 3253 4780 ό
3293 4731 3441 4792 Θεός
3469 4748 3481 4759 ·
3517 4729 3629 4780 καί·

2094 4820 2146 4872 '0
2179 4819 2351 4885 Θεὸς,
2383 4823 2414 4872 ό
2453 4820 2593 4885 Θεός
2633 4837 2772 4890 μου,
2807 4819 2957 4886 πρὸς
2989 4818 3063 4872 σὲ
3110 4818 3348 4887 ὀρθρίᾷι)
3371 4859 3386 4881 ,
3417 4821 3475 4872 οὐ
3511 4820 3632 4888 πρὸς

2077 4912 2261 4982 ἕτερον
2305 4912 2464 4982 ἔργον
2509 4913 2538 4964 ὁ
2585 4912 2852 4982 μακάριος
2915 4910 3031 4963 Ἰὼϐ
3082 4911 3142 4962 τὸ
3185 4910 3330 4982 πρωῒ
3363 4912 3628 4966 ἀνίστατο.

2076 5001 2212 5055 ἀλλὰ
2240 5001 2372 5072 πρὸς
2401 4999 2534 5052 Θεὸν
2564 4997 2665 5070 [ῖσ.
2698 4998 2776 5068 τῷ
2803 4996 2942 5069 Θεῷ]
2966 5038 2980 5061 ,
3015 4998 3152 5068 ὑπὲρ
3182 4997 3290 5050 τῶν
3317 4998 3523 5049 παίδων
3549 4997 3629 5047 θυι

2077 5095 2197 5146 σίαν
2225 5092 2516 5164 προσάγων
2563 5089 2660 5161 [ἴσ.
2709 5086 3037 5158 προσάξων],
3070 5087 3218 5140 κατὰ
3253 5087 3362 5140 τόν
3401 5088 3632 5154 dper

2073 5183 2272 5237 αὐτῶν
2296 5201 2310 5214 ·
2347 5184 2375 5235 ὅ
2408 5185 2522 5235 ἐστι
2542 5221 2556 5240 .
2596 5179 2717 5233 καθ’
2745 5180 2972 5232 ἕκαστον
2991 5219 3006 5241 ,
3036 5179 3127 5230 καὶ⁵
3152 5179 3432 5240 εὐτάκτως
3451 5196 3464 5208 ”
3496 5179 3632 5230 οὐδὲν

2072 5276 2180 5346 γὰρ
2232 5273 2636 5344 συγκεχυμένον
2683 5273 2742 5325 ὲν
2794 5271 3083 5340 σπουδαίῳ.
3145 5270 3301 5322 Ἀλλὰ
3359 5273 3454 5322 καὶ
3507 5285 3630 5339 μετα

2069 5366 2248 5431 τοῦτο,
2280 5366 2419 5436 ὑπὲρ
2449 5365 2666 5417 πάντων
2701 5363 2899 5433 μόσχον
2931 5363 3174 5433 προσῆγε
3216 5362 3358 5415 κατὰ
3385 5365 3474 5414 τὸν
3509 5363 3630 5414 ἴδιον

2071 5458 2293 5528 τρόπον,
2327 5456 2419 5510 καὶ
2443 5457 2510 5525 τῇ
2534 5456 2642 5506 τῶν
2687 5454 2894 5507 παίδων
2921 5456 3110 5525 ἀγωγῇ
3139 5454 3451 5518 συνεθίζων.
3485 5453 3631 5506 Οὕτω
3669 5481 3677 5493 .

2083 5546 2202 5615 (οὖν
2238 5547 2332 5598 καλ⁸
2374 5544 2696 5616 ὲκαθάριζεν
2737 5545 2933 5606 αὐτοὺς
2964 5545 3102 5614 μετὰ
3133 5545 3194 5597 τὸ
3227 5544 3629 5611 συντελεσθῆναι

2069 5638 2159 5690 τὸν
2201 5637 2395 5700 πότον,
2430 5635 2569 5706 μετὰ
2610 5638 2708 5706 τῆς
2742 5635 3006 5705 αἰσθητῆς
3037 5635 3385 5705 καθάρσεως,
3437 5635 3529 5687 καὶ
3571 5637 3628 5684 τὰ

2075 5729 2431 5784 συντελοῦντα
2476 5728 2612 5800 πρὸς
2644 5727 2878 5784 διάνοιαν
2923 5730 3194 5803 καθάρσια
3248 5727 3623 5799 παριδεικνὺς.
