3774 6304
159 328 273 384 1121

1398 321 1821 381 FRAGMENTA
1861 321 1928 377 IN
1964 321 2104 379 JOB.

3234 331 3372 387 “2?.

156 444 386 496 Φαίνεται
412 436 518 508 γὰρ
550 434 897 507 προεεητικῶς
920 436 1016 489 καὶ
1051 436 1190 489 κατὰ
1219 436 1399 506 νόμον,
1432 438 1521 491 καὶ
1561 436 1692 490 κατὰ

1825 451 1924 488 :um
1956 434 2252 490 secundum
2291 434 2484 505 legem,
2526 444 2637 490 tum
2667 438 2965 493 secundum
2998 440 3226 509 gratiam
3271 458 3364 497 sa-

154 536 295 605 χάριν
322 532 416 595 τὰς
439 529 623 592 θυσίας
650 527 892 599 πληρῶν.
934 528 1091 581 Κατὰ
1117 531 1277 599 νόμον
1311 531 1428 599 μὲν,
1465 530 1560 593 τὰς
1584 530 1700 582 δια-

155 627 360 695 ᾳόρουςο
410 619 551 673 κατὰ
596 621 755 691 χάριν
796 620 873 684 δὲ,
914 620 1005 672 τὸν
1051 621 1145 674 ἕνα
1200 622 1397 692 μόσχον
1439 624 1529 675 τὸν
1570 624 1697 694 περὶ

157 714 423 786 ἁμαρτίας.
470 712 578 764 Καὶ
623 712 731 783 γὰρ
775 712 808 781 ἡ
860 710 1079 783 τοιαύτη
1120 712 1278 765 θυσία
1327 715 1423 784 τῆς
1476 713 1700 784 χάριτος

156 805 441 876 προεμήνυε
482 803 579 873 τὴν
623 801 900 873 ἀλήθειαν,
949 803 1047 873 τὴν
1098 804 1226 872 μίαν
1268 804 1511 859 τυποῦσα
1558 805 1700 857 κατὰ

159 896 317 965 σάρκα
350 893 537 946 θυσίαν
564 892 655 945 τοῦ
688 893 1009 963 μονογενοῦς
1038 895 1168 947 Υίοῦ
1204 895 1295 947 τοῦ
1320 896 1475 949 Θεοῦ.
1503 898 1563 950 Ei
1590 896 1645 949 δὲ
1670 899 1698 949 6

156 988 274 1056 ὑπὲρ
315 987 565 1039 ἁπάντων
618 986 1024 1055 προσαγόμενος
1072 988 1269 1058 μόσχος
1316 988 1405 1040 τὸν
1443 990 1510 1042 δι’
1551 991 1698 1059 ἡμᾶς

156 1077 362 1148 σταυρὸν
408 1076 779 1145 ὑπομείναντα
829 1076 1055 1146 Σωτῆρα
1094 1077 1261 1147 δηλοῖ,
1309 1079 1697 1148 συνεπίσκεψαι

154 1171 233 1223 καὶ
288 1169 358 1240 μὴ
406 1168 722 1239 θαυμάσῃς·
754 1167 814 1218 οὑ
848 1166 955 1236 γὰρ
998 1166 1238 1236 ἀμύητος
1284 1162 1350 1237 ἦν
1384 1170 1411 1220 6
1457 1166 1572 1219 ’1ὼὸ
1601 1168 1698 1236 τῆς

152 1262 230 1314 τοῦ
255 1261 492 1331 Σωτῆρος
524 1258 839 1328 ἐπιδημίας,
874 1262 901 1311 6
943 1258 1135 1326 λέγων,
1165 1260 1247 1311 ὅτι
1286 1260 1445 1321 αὑτός
1483 1261 1629 1312 ἐστιν
1670 1261 1699 1312 6

152 1352 335 1423 μέλλων
361 1352 418 1403 τὸ
446 1350 589 1420 μέγα
616 1350 781 1418 κῆτος
807 1348 1189 1421 χειρώσασθαι.

212 1529 289 1580 Στ.
319 1526 380 1592 ζ’.
446 1526 555 1580 Καὶ
586 1525 926 1593 ἀποκριθεὶς
983 1528 1016 1578 ὀ
1041 1524 1315 1590 διάϐολος
1362 1523 1441 1590 τῷ
1482 1526 1696 1593 Κυρίῳ,

148 1621 259 1675 εἷπε
278 1636 291 1651 ⁸
319 1618 647 1687 Περωλθὼν
684 1617 796 1686 τὴν
817 1616 935 1686 γῆν
959 1617 1053 1670 καί
1087 1616 1566 1687 ἐμπεριπατήσας
1586 1616 1699 1684 τὴν

148 1717 234 1770 ὑπ’
261 1713 534 1783 οίερανὸν,
565 1711 820 1780 πάρειμι.

1802 526 2049 580 criticare
2080 527 2225 581 visus
2253 538 2336 582 est
2370 544 2385 582 :
2413 528 2711 583 secundum
2761 529 2927 599 legem
2974 532 3213 600 quidem,
3245 549 3369 589 cum

1802 617 2042 671 diversas
2079 618 2284 672 hostias
2316 619 2649 685 immolaret;
2679 621 2974 674 secundum
3017 623 3247 690 gratiam
3278 640 3369 678 ve-

1804 721 1884 771 ro,
1920 723 2040 761 cum
2075 708 2297 762 vitulum
2340 724 2500 763 unum
2551 726 2648 780 pro
2689 722 2910 778 peccato
2961 712 3201 767 oil‘erret.
3236 714 3369 769 Tale

1802 798 1941 852 enim
1973 799 2299 853 sacriﬁcium
2340 800 2529 869 gratia:
2561 802 2847 856 veritatem
2896 805 3369 871 prmmonstrabat,

1800 890 2057 959 unigeniri
2084 888 2176 944 Dei
2210 891 2329 945 Filii
2363 893 2689 947 sacriﬁcium
2715 894 2766 947 iu
2803 910 2970 949 carne
3008 898 3361 952 adumbratis.

1804 981 2039 1036 Vitulqu
2074 992 2254 1037 autem
2288 1000 2386 1053 pro
2440 985 2688 1038 omnibus
2730 986 2991 1051 oblatum,
3027 987 3251 1054 Christi,
3276 990 3369 1059 qui

1801 1089 1896 1141 pro
1930 1075 2083 1131 nobis
2114 1091 2328 1130 crucem
2356 1078 2594 1145 pertulit,
2632 1089 2812 1147 typum
2854 1078 3044 1144 fuisse,
3078 1080 3219 1135 haud
3255 1081 3364 1135 mi-

1803 1166 2012 1230 rabere,
2053 1166 2097 1220 si
2145 1182 2351 1221 mecum
2400 1170 2829 1224 consideraveris
2857 1168 3049 1226 Jobum
3098 1173 3370 1242 mysteriis

1799 1255 2065 1311 adventus
2096 1257 2295 1312 Christi
2334 1261 2600 1313 initiatum
2654 1260 2844 1327 fuisse,
2905 1272 2964 1316 ut
3009 1263 3101 1331 qui
3139 1263 3358 1323 dixerit.

1798 1348 1941 1415 quod
1996 1349 2079 1403 ille
2116 1359 2217 1413 est,
2252 1351 2343 1420 qui
2385 1368 2637 1422 maguum
2662 1362 2839 1408 cetum
2894 1369 3256 1423 oppressurus
3285 1364 3368 1408 est

1800 1437 1921 1509 (Job
1956 1457 2037 1503 m,
2065 1440 2142 1511 8).

1872 1530 2037 1586 Vens.
2065 1532 2116 1584 7.
2164 1532 2228 1585 Et
2290 1534 2598 1601 respondens
2659 1534 2898 1587 diabolus
2941 1533 3161 1588 Domino
3196 1535 3367 1589 dixit:

1801 1620 1929 1674 Cum
1958 1602 2305 1678 ciicumierim
2357 1640 2572 1691 terram,
2607 1638 2654 1680 et
2681 1627 3052 1680 ambulaverint
3078 1643 3216 1693 eum,
3250 1642 3366 1697 qua:

1801 1714 1894 1766 sub
1928 1714 2053 1768 caelo
2077 1726 2171 1781 est,
2200 1718 2405 1770 adsum.

206 1808 466 1874 Διδύμου.
500 1803 839 1875 Σημειωτέον
870 1802 947 1863 δὲ,
981 1802 1061 1854 ὅτι
1083 1800 1325 1871 διάφοροι
1360 1800 1513 1853 τόποι
1544 1802 1581 1869 ἡ
1618 1799 1692 1871 γῆ

1872 1805 2105 1875 Didymi.
2142 1809 2688 1863 Animadvertendum
2731 1818 2835 1873 est,
2868 1825 2971 1864 non
3021 1810 3207 1865 eadem
3249 1808 3363 1863 loca

148 1901 227 1954 καὶ
246 1901 278 1967 ἡ
312 1900 407 1953 ὑπ’
438 1895 700 1964 οἰιρανόν
728 1896 863 1947 εἰσιο
893 1893 994 1963 τῆς
1030 1894 1129 1964 μὲν
1156 1894 1258 1963 γῆς
1286 1892 1389 1946 ὑπὸ
1414 1894 1504 1945 τὸν
1537 1894 1697 1963 οὑρα.

150 1992 421 2063 νδνρῦσης,
455 1989 567 2041 τῶν
597 1987 653 2041 δὲ
673 1988 763 2039 ὑπ’
787 1985 1012 2058 οὐρανὸν
1051 1985 1229 2037 τόπων
1262 1984 1322 2036 οὑ
1355 1985 1569 2048 πάντως
1595 1984 1699 2053 γῆς

147 2084 491 2155 ὑπαρχόντων.
535 2080 648 2151 Τὴν
682 2080 778 2149 μὲν
811 2075 903 2131 οὖν
958 2077 1064 2147 γῆν
1096 2078 1383 2149 περίεισιν,
1416 2078 1499 2130 ἵνα
1532 2094 1701 2130 κατα-

148 2180 292 2248 Wfﬁn
341 2174 467 2245 περὶ
513 2171 661 2233 τίνος
698 2168 983 2241 ἀνθρώπου
1008 2169 1216 2237 αἰτήσει
1237 2185 1249 2196 ·
1272 2166 1366 2238 τὴν
1395 2168 1449 2219 δὲ
1484 2167 1573 2219 ὑπ’
1606 2168 1698 2219 οὑ-

150 2268 284 2337 ρανὺν
312 2262 693 2335 έμπεριπατεῖ,
728 2260 1150 2330 εὐφραινόμενος
1177 2261 1289 2321 τοῖς
1311 2260 1699 2329 πνευματικοῖς

145 2359 228 2425 τῆς
254 2356 532 2426 πονηρίας,
585 2356 695 2415 τοῖς
731 2350 1090 2421 ὑπηρετοῦσιν
1154 2349 1300 2420 αὑτῴ
1334 2350 1467 2421 πρὸς
1514 2349 1581 2403 τὰ
1611 2350 1696 2402 αῖ-

148 2465 333 2517 σχιττα.
367 2448 437 2499 υὺ
496 2445 582 2497 δεῖ
608 2444 665 2496 δὲ
711 2441 1030 2507 ξενίζεσθαι,
1090 2442 1138 2493 εί
1198 2439 1389 2493 λεπτὸν
1438 2440 1697 2509 ὑπάρχων

145 2540 353 2607 πνεῦμα,
392 2536 547 2605 διέϐη
584 2535 705 2595 τοὺς
739 2531 1166 2604 προειρημένους
1198 2531 1393 2593 τόπους
1414 2547 1427 2560 ⁸
1474 2530 1698 2602 καὶγὰρ

143 2630 244 2683 οὐδὲ
270 2634 295 2683 6
319 2630 444 2693 Θεὸς
472 2628 551 2691 ὡς
578 2625 906 2697 ψευδόμενον
942 2624 1104 2676 αὑτὸν
1131 2623 1342 2694 ἤλεγξε.
1387 2623 1459 2676 Τὸ
1515 2623 1695 2693 μέντοι

144 2720 387 2789 ἀνήμερον
428 2717 525 2769 καὶ
569 2713 982 2784 ἀφιλάνθρωπον
1014 2712 1107 2765 τοῦ
1126 2712 1351 2783 τρόπου,
1373 2714 1437 2783 τῇ
1462 2711 1694 2783 τοσαύτῃ

147 2809 350 2880 περιόδῳ
398 2807 741 2876 καταμηνύει
766 2807 795 2858 6
832 2805 1083 2875 πονηρός.
1130 2803 1373 2857 Μανικοῦ
1410 2802 1517 2873 γάρ
1554 2820 1697 2866 τινος

148 2903 227 2955 καὶ
249 2902 345 2954 ὑπὸ
368 2900 675 2971 ἐμπληξίας
706 2896 1143 2969 περινοστοῦντός
1179 2898 1293 2949 ἐστι
1338 2895 1406 2947 τὰ
1442 2897 1658 2965 ῥήματα
1678 2910 1693 2926 ·

147 2992 302 3055 καθὼς
328 2992 419 3044 καὶ
452 2988 683 3060 ἑτέρωθί
739 3006 841 3042 που
884 2989 1097 3058 εἴρηται
1118 3002 1133 3016 ⁸
1166 2988 1283 3039 Ὅτι
1334 2990 1365 3039 ό
1396 2987 1695 3052 ἀντίδικος

145 3082 294 3153 ἡμῶν
326 3083 626 3148 διάϐολος,
683 3081 759 3147 ὡς
793 3078 949 3134 λέων
988 3066 1323 3146 ὠρυόμενος
1370 3076 1690 3145 περιπατεῖ,

144 3173 308 3239 ζητῶν
337 3174 467 3227 τινα
492 3171 777 3237 καταπίῃ.
815 3171 1124 3241 Ἀγρυπνος
1152 3168 1260 3239 γὰρ
1323 3168 1566 3233 πολεμεῖ,
1597 3166 1689 3220 καὶ

146 3266 487 3336 περιέρχεται,
543 3266 668 3325 τοὺς
705 3262 802 3332 μὲν
867 3261 1050 3329 φίλους
1084 3260 1445 3329 ὑπαγόμενος,
1482 3259 1606 3320 τοὺς
1635 3257 1691 3310 δὲ

144 3356 342 3426 ἐχθροὺς
374 3354 781 3423 ἐξαιτούμενος
824 3353 885 3405 οὑ
914 3353 1020 3422 γὰρ
1052 3350 1350 3415 ἐξουσιάζει
1380 3349 1551 3420 ἡμῶν.
1584 3348 1692 3401 Καί

142 3464 186 3499 τι
204 3447 423 3500 τοιοῦτον
445 3445 613 3500 αὑτοῦ
653 3446 722 3498 τὰ
751 3445 969 3514 ῥήματα
999 3442 1276 3512 βούλεται·
1323 3440 1556 3511 Ἐπειδὴ,
1592 3458 1690 3511 φηο

146 3540 208 3601 σί,
230 3540 420 3610 γηίνων
451 3539 549 3592 καὶ
579 3536 777 3607 ἀερίων
813 3535 1262 3607 ὑποτασσομένων
1294 3551 1403 3604 μοι,
1446 3532 1563 3586 ’1ὼὸ
1598 3531 1693 3603 μό-

144 3645 217 3691 νος
236 3629 566 3691 ὰνθίσταται,
599 3628 719 3697 ἥκω
747 3626 907 3678 αὑτὸν
941 3626 1311 3695 αἰτησόμενος.

202 3802 283 3855 Στ.
317 3803 377 3857 θ’.
421 3800 728 3870 Ἀπεκρίθη
761 3800 828 3853 δὲ
856 3804 889 3855 ό
932 3800 1227 3863 διάϐολος,
1268 3799 1364 3851 καὶ
1395 3796 1562 3852 εἶπεν
1595 3800 1692 3853 ἐν·

142 3894 325 3946 αντίον
349 3894 595 3962 Κυρίου.

202 3986 463 4056 Διδύμου.
503 3985 663 4038 Ἵδιον
708 3984 765 4037 δὲ
796 3983 903 4036 τῶν
960 3981 1096 4052 πρὸς
1144 3983 1344 4053 ἀρετὴν
1396 3983 1693 4053 ἀπεχθανο-

146 4074 317 4142 μένων,
346 4078 404 4129 τὸ
430 4076 505 4147 μὴ
542 4072 850 4141 λογίζεσθαι
883 4073 1082 4143 γνήσια
1106 4072 1174 4125 τὰ
1206 4072 1344 4125 καλὰ
1366 4073 1472 4125 τῶν
1500 4074 1689 4137 πέλας,

279 4167 660 4228 διαϐάλλοντας
681 4164 880 4232 λέγειν,
910 4164 985 4227 ὼς
1013 4164 1098 4217 ὅδε
1122 4181 1205 4227 τις
1233 4164 1436 4228 δίκαιός
1459 4166 1593 4227 ἐστι,
1624 4164 1691 4216 δι’

142 4256 415 4327 ἀδυναμίαν
445 4256 539 4311 τοῦ
598 4258 836 4311 ἀδικεῖν·
903 4257 987 4308 ὅδε
1042 4273 1125 4319 τις
1176 4254 1426 4327 σώφρων,
1479 4256 1567 4310 διὰ
1595 4258 1692 4329 τὴν

142 4348 452 4421 καλουμένην
476 4348 791 4420 ἠλιθιότητα
809 4366 822 4379 ’
853 4350 880 4401 6
904 4348 981 4411 δὲ,
1010 4351 1260 4419 χρήματα
1282 4349 1373 4401 καὶ
1395 4353 1692 4420 πορισμοὺς

140 4438 223 4490 οὑκ
248 4438 372 4509 ἔχει,
402 4441 493 4494 διὰ
520 4442 580 4494 τὸ
608 4442 742 4512 πρὸς
774 4440 946 4495 ταῦτα
976 4441 1377 4511 ἀνεπιτήδειονο
1412 4443 1505 4494 καὶ
1536 4443 1691 4506 ὅλως,

139 4528 287 4593 οὐδεὶς
327 4533 526 4601 φαῦλος
576 4532 896 4602 ἀποδέχεται
950 4548 1091 4595 τινος
1148 4531 1369 4603 ἀρετὴν,
1423 4533 1498 4596 ὼς
1556 4552 1689 4606 γνη-

142 4632 262 4674 σιαν.

196 4815 274 4867 Στ.
313 4824 397 4871 ια’.
458 4818 633 4872 Ἀλλὰ
678 4819 1043 4872 ἀπόστειλον
1097 4818 1211 4886 τὴν
1236 4820 1401 4889 χεῖρά
1425 4838 1558 4879 σου.
1591 4823 1687 4876 καὶ

136 4903 263 4972 ἅψαι
309 4910 549 4964 πάντων
582 4905 670 4965 ὧν
708 4910 853 4979 ἔχει,
912 4908 951 4981 ἦ
996 4911 1125 4981 μὴν
1152 4915 1238 4967 εἰ(
1263 4915 1587 4982 πρόσωπόν
1615 4932 1688 4969 σε

136 4999 449 5065 εὐλογήσω.
668 5076 671 5077 ν

195 5089 455 5159 Διδύμων.
488 5095 655 5164 Χεῖρα
683 5093 817 5147 Θεοῦ
860 5095 1129 5165 διαφόρως
1161 5096 1478 5167 ὲκληπτέον,
1529 5098 1561 5168 ἢ
1590 5098 1687 5169 τὴν

135 5179 434 5253 κολαστικὴν
474 5186 567 5238 καὶ
594 5190 673 5249 είς
704 5186 864 5239 τοῦτο
896 5188 1233 5259 ὑπηρετικὴν
1272 5189 1521 5260 δύναμιν,
1562 5191 1686 5260 ἥτις

134 5273 216 5324 καὶ
267 5276 454 5340 σκεῦος
501 5277 671 5347 όργῆς
704 5278 919 5346 λέγεται
958 5279 1099 5333 κατὰ
1146 5281 1227 5343 τὸ,
1289 5281 1350 5335 Ἠ
1398 5283 1527 5349 χείρ
1569 5296 1685 5336 σου

132 5362 261 5433 ἔθνη
300 5369 776 5437 ἐξωλόθρευσεν·
820 5370 976 5440 ἢτὴν
1028 5372 1395 5442 φρουρητικὴν
1433 5374 1525 5424 καὶ
1551 5389 1684 5425 σκε-

133 5460 382 5530 παστικὴν
402 5462 649 5533 δύναμιν,
675 5463 749 5526 ὡς
775 5464 854 5526 τὸ,
882 5463 1194 5529 "Emtaon
1218 5481 1312 5533 με,
1339 5466 1436 5517 καὶ
1463 5466 1683 5532 ἔθηκας

131 5547 210 5599 ἐπ’
244 5551 343 5620 ἐμὲ
375 5554 486 5620 τὴν
511 5554 677 5622 χεῖρά
710 5569 844 5609 σου.
896 5554 1158 5608 Ἐνταῦθα
1189 5556 1363 5609 τοίνυν
1401 5557 1481 5619 τὸ,
1527 5559 1685 5611 Ἀπό-

131 5647 355 5696 στειλον
375 5644 487 5712 τὴν
503 5647 668 5715 χεῖρά
691 5662 828 5711 σου,
874 5648 993 5700 ἀντὶ
1028 5648 1144 5711 τοῦ,
1172 5649 1486 5718 πληκτικῶς
1517 5650 1680 5703 αὑτοῦ

135 5733 448 5804 περίδραξαι,
502 5738 713 5808 εἴρηται
742 5757 753 5770 '
789 5738 849 5791 τὸ
871 5738 949 5803 δὲ,
979 5740 1162 5807 "Aibat
1200 5740 1386 5807 αὑτοῦ,
1420 5742 1538 5794 ἀντὶ
1564 5741 1678 5807 τοῦ,

1800 1910 1939 1958 esse,
1979 1905 2193 1958 terram.
2226 1908 2298 1961 et,
2326 1915 2441 1951 eam
2478 1910 2597 1967 qua
2622 1902 2716 1953 sub
2753 1900 2901 1965 creto,
2936 1916 3056 1954 cum
3095 1909 3237 1955 terra
3267 1900 3368 1954 sub

1800 1987 1941 2041 cudo
1969 1988 2074 2052 sit,
2107 1988 2218 2042 loca
2265 2003 2391 2042 vero
2430 2004 2548 2058 quze
2581 1989 2681 2044 sub
2714 1991 2849 2044 coelo
2878 2000 3021 2053 sunt,
3051 2005 3155 2045 non
3193 1992 3369 2046 couti-

1804 2091 1915 2128 nuo
1942 2086 2082 2130 terra
2114 2079 2241 2133 sint.
2271 2078 2491 2135 Terram
2521 2083 2663 2136 enim
2695 2083 2964 2147 circuivit,
3017 2093 3074 2138 ut
3104 2084 3367 2153 intelligat

1799 2179 1956 2232 quem
1993 2166 2259 2221 hominem
2291 2180 2544 2234 accuset;
2580 2171 2695 2226 loca
2740 2187 2889 2237 vero,
2941 2187 3060 2242 qua:
3096 2174 3196 2227 sub
3226 2176 3367 2227 caalo

1798 2264 1943 2320 sunt,
1982 2256 2311 2322 obambulat,
2347 2258 2398 2311 in
2429 2261 2681 2329 nequitia:
2706 2263 3011 2331 spiritibus,
3043 2266 3133 2332 qui
3168 2264 3268 2318 sibi
3298 2264 3367 2318 ad

1802 2360 1889 2399 res
1922 2347 2263 2414 turpissimos
2288 2360 2481 2417 priesto
2506 2361 2653 2427 sunt,
2694 2368 2815 2406 sese
2855 2354 3151 2410 obiectans.
3182 2353 3368 2424 Neque

1800 2450 1929 2504 vero
1956 2437 2256 2493 mirandum
2307 2451 2407 2505 est,
2461 2456 2581 2495 cum
2634 2444 2705 2496 sit
2741 2445 2920 2499 tenuis
2966 2448 3206 2515 spiritus.
3248 2448 3366 2503 lora

1798 2543 1917 2597 qua:
1948 2543 2364 2585 commemorata
2396 2544 2522 2586 sunt
2573 2537 2889 2603 pervasisse,
2928 2540 3362 2609 quandoquidem

1799 2621 2187 2674 uecmendacii
2245 2638 2365 2677 eum
2423 2623 2564 2678 Deus
2617 2626 2969 2681 insimulavit.
3024 2628 3197 2684 Tanto
3241 2642 3367 2685 vero

1800 2720 2065 2766 terrarum
2106 2712 2349 2768 anfractu
2385 2731 2448 2770 ac
2473 2716 2813 2783 circuitione,
2862 2719 3132 2774 feritatem
3170 2721 3365 2776 imma-

1798 2804 2129 2874 nitatemque
2153 2821 2304 2858 suam
2337 2807 2633 2863 sceleratus
2662 2818 2889 2865 testatur
2916 2851 2931 2876 ,
2980 2812 3246 2880 siquidem
3285 2813 3369 2866 iu-

1797 2896 1913 2950 sani
1942 2907 1994 2950 et
2030 2914 2139 2966 prae
2168 2898 2351 2951 furere
2402 2905 2883 2958 circumcursantis
2934 2915 3060 2959 sunt
3113 2905 3200 2959 illa
3250 2904 3368 2973 ejus

1798 2987 1980 3041 verba.
2010 2989 2147 3042 Alibi
2190 3006 2403 3059 quoque
2437 2993 2637 3046 dictum
2687 3006 2801 3048 est:
2854 2995 2991 3061 Quia
3034 2998 3367 3053 adversarius

1796 3088 1960 3132 vester
1990 3080 2252 3146 diabolus,
2276 3090 2524 3151 tanquam
2551 3082 2629 3135 leo
2667 3086 2875 3153 rugiens
2898 3086 3102 3150 circuit,
3131 3102 3366 3153 quwreus

1796 3184 1948 3237 quem
1982 3170 2183 3224 devoret
2219 3169 2267 3238 (1
2309 3168 2419 3224 Ρει.
2448 3187 2486 3234 ι,
2522 3172 2577 3237 5,
2609 3174 2688 3243 8).
2743 3173 2979 3243 Vigilans
3004 3176 3146 3229 enim
3198 3186 3252 3230 et
3281 3176 3369 3229 iu-

1798 3263 2001 3317 somuis
2035 3264 2314 3331 praeliatur
2351 3274 2403 3317 et
2448 3264 2717 3330 circumit,
2751 3267 2954 3320 amicos
2998 3268 3211 3336 quidem
3250 3268 3370 3321 slli-

1798 3354 2009 3421 ciendo,
2041 3356 2290 3412 inimicos
2322 3372 2449 3411 vero
2477 3359 2544 3411 ad
2594 3358 2819 3411 exitium
2861 3359 3164 3427 poscendo:
3196 3374 3370 3429 neque

1799 3446 1942 3499 enim
1978 3446 2273 3500 dominiqu
2297 3447 2463 3500 ullum
2490 3448 2542 3501 in
2570 3463 2666 3501 uos
2693 3450 2873 3502 habet.
2896 3450 3077 3515 Atque
3106 3448 3368 3517 ejusmodi

1801 3537 2019 3604 quidem
2057 3539 2340 3592 verborum
2376 3538 2494 3607 ejus
2526 3552 2718 3592 sensus
2751 3549 2835 3594 eSt
2868 3538 3041 3592 :Cum
3076 3548 3286 3595 terrena
3316 3549 3371 3594 et

1798 3629 1943 3683 aeria
1976 3628 2301 3699 subegerim,
2329 3631 2476 3685 solus
2504 3630 2633 3685 mibi
2667 3628 2836 3684 Jobus
2852 3630 3198 3697 adversatur;
3220 3630 3369 3684 illum

1709 3723 1716 3730 '
1801 3731 1862 3775 ut
1890 3722 2176 3791 deposcam
2214 3723 2391 3775 venio.

1871 3812 2033 3868 Vens.
2062 3816 2115 3869 9.
2144 3812 2427 3883 Respondit
2454 3822 2626 3867 autem
2652 3812 2918 3879 diabolus,
2942 3826 2991 3869 et
3025 3816 3163 3869 dixit
3191 3832 3368 3869 coram

1797 3903 2043 3959 Domino.

1868 3994 2105 4066 Didymi.
2159 3996 2439 4066 Proprium
2488 4015 2673 4054 eorum
2715 4009 2814 4065 est,
2871 4002 2960 4069 qui
3001 4002 3184 4056 virtuti
3240 4013 3371 4059 sunt

1800 4084 2163 4155 infensiores,
2220 4102 2536 4146 eteterorum
2596 4094 2737 4146 bona
2800 4094 3021 4149 minime
3074 4110 3197 4149 vera
3251 4111 3373 4151 esse

1798 4177 2131 4247 existimare,
2195 4182 2289 4237 sed
2346 4183 2524 4253 potius
2570 4200 2665 4254 per
2692 4186 3014 4241 calumniam
3046 4188 3250 4251 dicere,
3283 4188 3372 4242 hic

1800 4267 2014 4334 quidem
2039 4272 2108 4326 ob
2148 4284 2384 4341 ereptam
2424 4276 2524 4329 sibi
2554 4276 2781 4330 nocendi
2806 4286 3152 4346 potestatem,
3188 4278 3370 4345 justus

1798 4366 1915 4424 est;
1958 4359 2045 4414 ille
2074 4377 2202 4417 vero
2232 4361 2372 4433 frugi
2399 4378 2467 4418 ac
2514 4374 2843 4435 temperans,
2898 4380 3120 4445 propter
3155 4369 3371 4424 stolidi-

1723 4482 1769 4541 υ
1802 4456 2005 4512 tatem;
2041 4450 2128 4505 ille
2170 4450 2308 4506 alter
2350 4454 2591 4521 pecuniis
2620 4456 2918 4525 Opibusque
2944 4467 3119 4525 caret,
3150 4459 3276 4527 quia
3304 4460 3371 4515 iis

1800 4543 2057 4607 parandis
2092 4543 2231 4597 haud
2262 4554 2344 4598 est
2376 4546 2621 4600 idoneus.
2664 4546 2927 4617 Denique,
2977 4564 3139 4605 nemo
3171 4552 3372 4621 impro-

1800 4630 1898 4683 bus
1920 4631 2239 4701 cujusquam
2282 4638 2533 4689 virtutem
2573 4646 2631 4690 ut
2686 4637 2981 4707 legitimam
3034 4640 3371 4710 solidamque

1797 4717 2053 4773 admittit.

1872 4829 2035 4889 Vens.
2078 4835 2161 4889 Η.
2208 4834 2313 4889 Sed
2343 4837 2489 4890 mitte
2513 4855 2725 4893 manum
2750 4852 2916 4903 tuam,
2948 4852 2994 4895 et
3020 4853 3172 4912 tange
3189 4846 3368 4898 omnia

1794 4939 1913 4991 qua:
1941 4928 2114 4991 habet,
2140 4929 2185 4980 si
2214 4945 2315 4981 non
2342 4930 2397 4982 in
2432 4932 2619 4997 [aciem
2649 4932 2741 4984 tibi
2773 4932 3113 4986 benedixerit.

1866 5099 2105 5170 Didymi.
2150 5102 2438 5157 Sciendum
2492 5113 2569 5158 est
2626 5120 2841 5159 manum
2893 5106 2986 5160 Dei
3032 5121 3154 5161 esse
3184 5108 3367 5164 multi-

1796 5194 1985 5263 plicem
2010 5212 2024 5260 ;
2054 5197 2295 5264 quadam
2323 5200 2466 5252 enim
2495 5208 2578 5254 est
2608 5201 2831 5264 vindex,
2860 5211 2915 5256 et
2943 5201 3163 5258 ultionis
3188 5203 3366 5259 admi-

1796 5286 1963 5339 nistra
1985 5298 2249 5353 potestas,
2274 5303 2394 5357 qua:
2416 5304 2509 5345 vas
2529 5291 2619 5345 irae
2650 5292 2867 5360 dicitur,
2894 5294 2958 5348 de
2980 5308 3082 5363 qua
3104 5294 3366 5365 scriptum

1794 5387 1909 5431 est:
1946 5378 2139 5435 Munus
2169 5392 2259 5434 tua
2292 5393 2463 5451 gentes
2487 5383 2797 5451 disperdidit
2829 5386 3160 5456 (PsaLsLm,
3185 5386 3251 5454 2,
3278 5388 3365 5453 '5);

1795 5470 1897 5524 alia
1931 5486 2058 5525 vero
2106 5484 2345 5543 potestas
2389 5480 2506 5543 ejus
2537 5486 2639 5543 est,
2670 5494 2789 5547 qua:
2832 5479 3004 5533 munit
3034 5487 3087 5533 et
3117 5483 3364 5548 protegit,

1794 5562 1859 5614 ad
1893 5577 2051 5628 quam
2089 5564 2215 5618 illud
2242 5566 2492 5633 pertinet,
2528 5566 2793 5621 Formasti
2815 5584 2913 5633 me,
2939 5580 2985 5620 et
3033 5566 3256 5635 posuisti
3276 5583 3365 5619 su-

1791 5667 1882 5719 per
1905 5667 1985 5703 me
2007 5668 2219 5707 mimum
2253 5668 2395 5707 tuam
2427 5654 2600 5725 (l’sul.
2629 5672 2888 5723 cxxsvnt,
2937 5656 3015 5725 5).
3058 5656 3227 5725 Igitur
3264 5656 3365 5711 huc

1793 5743 1944 5799 loco:
1973 5744 2127 5801 Mitte
2154 5764 2364 5802 mnuum
2422 5761 2588 5815 tuam,
2616 5765 2712 5820 pro
2747 5750 2836 5805 illo
2882 5763 2984 5809 est.
3039 5748 3179 5805 male
3213 5748 3364 5803 illum
