3738 6308
399 320 538 376 "23

1621 320 1853 377 DIDYMI
1891 320 2359 379 ALEXANDRINI

3486 326 3601 384 "Si

396 449 602 505 accipe,
632 444 688 491 et
709 433 905 504 amigc.
935 433 1111 504 Tange
1150 445 1350 500 autem,
1408 449 1508 506 pro
1560 449 1751 490 manus
1772 436 1946 505 injice,

2086 438 2315 508 εαθάψαι,
2346 438 2591 508 ἑπάγαγε
2633 438 2878 521 θλιϐερά.
2946 440 3183 511 Ἐχομεν
3213 439 3268 493 δὲ
3308 441 3403 494 καὶ
3438 442 3601 495 τούτω

395 526 629 595 positum
664 535 792 579 est:
828 525 999 587 illum,
1060 526 1304 594 inquam,
1347 534 1560 589 attere;
1609 526 1735 580 huic
1783 525 1957 579 simile

394 614 523 667 illud
546 622 648 677 est,
684 612 862 666 Nolite
891 625 1100 681 tangere
1130 614 1346 667 christos
1366 613 1687 685 meos(Psal.
1714 627 1822 677 etv,
1842 613 1953 681 15).

393 703 581 773 Neque
615 703 758 757 enim
787 703 1101 773 simpliciter
1140 718 1353 757 omnem
1387 715 1582 759 tactum
1621 704 1845 768 inhibet,
1864 704 1955 757 sed

395 796 636 863 eumqui
690 810 809 848 cum
862 796 1082 849 audacia
1134 796 1347 850 sanctis
1376 795 1624 865 injuriam
1664 795 1847 848 infert.
1889 794 1957 846 At

396 885 537 947 vide,
568 900 728 953 quam
790 886 1149 949 veteratorie,
1207 900 1479 955 quamque
1532 886 1954 940 simulateznon

397 976 547 1040 dicit,
575 976 704 1029 mihi
750 980 1023 1044 permitte,
1074 979 1165 1030 sed
1218 988 1271 1029 tu
1335 976 1531 1042 facito;
1574 976 1956 1030 imbecillitatis

393 1067 537 1120 enim
566 1082 675 1121 sure
713 1067 879 1136 probe
911 1069 1009 1121 sibi
1042 1069 1290 1122 conscius
1337 1079 1439 1131 est,
1483 1071 1574 1122 sed
1604 1078 1781 1120 tamen
1813 1068 1958 1120 insa-

396 1158 499 1221 nit,
530 1169 720 1226 estque
773 1172 1035 1228 arrogans
1082 1169 1135 1211 et
1166 1170 1479 1219 contumax.
1527 1159 1669 1226 quod
1700 1168 1956 1212 extremae

395 1259 471 1304 est
528 1250 811 1303 iementizn.
854 1248 933 1301 'l‘u
968 1265 1097 1303 vero
1131 1251 1259 1302 mihi
1293 1250 1452 1302 aliam
1497 1249 1717 1302 attende
1753 1248 1955 1316 impro-

396 1338 615 1391 bitatem
646 1352 708 1389 ac
736 1337 1051 1389 diabolicam
1083 1337 1401 1399 cascitatem,
1435 1336 1575 1402 quod
1602 1336 1649 1387 ei
1680 1333 1771 1402 qui
1808 1332 1955 1386 solus

393 1426 568 1479 bonus
616 1433 720 1489 est,
771 1436 827 1478 ut
880 1425 1018 1478 male
1059 1435 1259 1494 ageret,
1318 1424 1644 1492 persuadere
1706 1422 1951 1475 voluerit.

392 1515 510 1569 Non
537 1515 728 1569 suﬂicit
774 1527 950 1570 autem
1008 1516 1185 1569 nimia:
1216 1515 1331 1583 ejus
1388 1512 1710 1575 crudelitati,
1744 1521 1953 1580 partem

394 1608 630 1675 aliquam
657 1607 989 1660 fortunarum
1029 1606 1146 1672 ejus
1188 1606 1433 1674 perdere,
1494 1613 1587 1656 aut
1625 1602 1883 1671 quosdam
1918 1615 1949 1655 e

394 1696 580 1750 liberis
611 1697 942 1761 interimere,
977 1697 1070 1749 sed
1110 1696 1268 1749 simul
1309 1704 1364 1749 et
1391 1694 1566 1749 subito
1595 1693 1751 1746 bonis
1784 1691 1953 1745 omni-

2057 530 2405 601 παράδειγμα
2430 531 2507 593 τὸ,
2542 531 2638 599 Μὴ
2666 531 2909 600 ἅψησθε
2934 530 3052 585 τῶν
3100 530 3365 602 χριστῶν
3377 551 3514 602 μου.
3542 537 3601 588 ω

2058 622 2165 691 γὰρ
2196 621 2290 692 τὴν
2321 622 2495 692 ἁπλῆν
2518 623 2661 693 ἁφὴν
2690 623 3043 695 ἀπαγορεύει,
3064 623 3202 677 ἀλλὰ
3231 626 3331 691 τὴν
3360 624 3495 678 κατὰ
3517 626 3603 680 τῶν

2058 713 2227 781 ἁγίων
2250 714 2452 785 τόλμαν
2514 715 2605 766 ἐπὶ
2658 714 2917 769 κακώσει.
2956 715 3098 785 Ὅρα
3124 716 3179 767 δὲ
3209 717 3359 779 ὅπως
3395 717 3603 789 πανοὺρς

2057 820 2189 871 γως,
2213 804 2306 857 καὶ
2358 802 2475 872 μεθ’
2507 804 2861 874 ὑποκρίσεως,
2887 805 2948 856 οὐ
3000 804 3167 872 λέγει,
3193 806 3275 858 ὅτι
3312 806 3605 876 Ἐπίτρεψόν

2061 910 2171 963 μοι,
2227 894 2382 958 ἀλλὰ,
2439 896 2511 946 Σὺ
2561 896 2806 965 ποίησον.
2865 894 3079 949 Σύνοιδε
3134 897 3243 967 γὰρ
3288 898 3388 966 τὴν
3440 899 3605 952 ἑαυτοῦ

2058 983 2359 1048 ἀσθένειαν,
2396 987 2488 1038 καὶ
2510 986 2657 1055 ὅμως
2706 986 2915 1057 μέμηνε
2946 988 3039 1040 καὶ
3064 987 3467 1052 ἀλαζονεὺεται,
3499 992 3608 1063 ὅπερ

2056 1078 2154 1146 τῆς
2183 1078 2413 1147 ἐσχάτης
2444 1077 2627 1141 ἀνοίας
2686 1078 2821 1132 ἐστί.
2863 1080 2934 1131 Σὺ
2963 1080 3018 1132 δέ
3045 1098 3134 1150 μοι
3169 1080 3366 1151 θεώρει
3389 1082 3483 1133 καὶ
3518 1083 3609 1136 ἑτέ-

2059 1183 2158 1237 ραν
2186 1167 2399 1229 κακίαν,
2431 1167 2524 1220 καὶ
2552 1167 2855 1237 τυφλότητα
2884 1168 3214 1239 διαϐολικὴν,
3239 1170 3320 1222 ὅτι
3356 1170 3449 1221 τὸν
3478 1171 3609 1239 μόνον

2056 1257 2256 1325 ἀγαθὸν
2290 1258 2495 1310 πείθειν
2526 1258 2696 1311 ὲθὲλει
2748 1263 3094 1314 κακοποιεῖν·
3154 1262 3299 1313 κατὰ
3350 1261 3541 1331 πολλὴν
3566 1263 3609 1316 δὲ

2055 1348 2170 1400 λίαν
2199 1348 2472 1419 ὠμότητα,
2508 1350 2608 1402 οὐκ
2649 1352 2898 1421 ἀρκεῖται
2930 1352 3095 1424 μέρος
3121 1352 3287 1405 αὐτοῦ
3314 1353 3415 1422 τῆς
3451 1354 3610 1415 οὐσίας

2056 1438 2398 1509 ἀπολέσαι,ἡ
2448 1457 2600 1498 τινας
2657 1441 2765 1493 τῶν
2800 1442 3023 1507 παίδων,
3060 1443 3173 1496 ἀλλ’
3223 1442 3422 1513 ἀθριζον
3476 1445 3611 1495 αὑτὸν

2056 1530 2270 1583 πάντων
2308 1531 2509 1602 ἔρημον
2567 1535 2907 1602 καταστῆσαι
2972 1534 3213 1604 βούλεται
3233 1551 3247 1564 ο
3280 1534 3364 1587 διὸ
3392 1535 3454 1586 ου
3484 1552 3610 1604 μεριο

2056 1622 2186 1685 κῶς,
2218 1622 2351 1674 ἀλλὰ
2382 1622 2681 1683 καθολικῶς
2728 1625 3015 1690 ἐξαιτεῖ-ται
3047 1626 3135 1678 τὸν
3166 1626 3395 1686 δίκαιον,
3427 1626 3609 1693 λέγων·

2060 1712 2232 1779 Ἄψαι
2266 1711 2505 1764 πάντων
2533 1706 2619 1765 ὧν
2652 1714 2796 1783 ἔχει,
2825 1715 3109 1785 γύμνωσον
3141 1716 3299 1769 αὐτὸν
3331 1717 3510 1785 πάσης
3538 1717 3611 1768 ἀν·

391 1784 491 1839 bus
518 1800 639 1839 eum
665 1800 861 1840 exuere
885 1786 1014 1840 vult.
1050 1784 1228 1851 Quare
1268 1800 1369 1837 non
1407 1799 1469 1838 ex
1508 1792 1680 1850 parte,
1712 1782 1804 1835 sed
1828 1796 1946 1835 om-

2091 1804 2332 1874 ρωπίνης
2384 1804 2615 1871 ἐλπίδος,
2666 1806 2805 1858 ἔστω
2830 1782 3061 1875 θλίψεων
3111 1807 3204 1859 καὶ
3228 1807 3446 1878 θρήνων
3473 1782 3612 1859 εξκὼν

393 1876 520 1931 nino
548 1878 719 1930 virum
779 1878 981 1946 justum
1012 1876 1243 1946 postulat
1298 1877 1363 1929 ad
1421 1875 1659 1937 ruinam,
1688 1888 1810 1926 cum
1844 1872 1951 1925 ait:

397 1966 571 2036 Tange
595 1970 770 2021 omnia
796 1985 911 2036 qua
965 1969 1140 2031 habet,
1196 1981 1289 2035 spe
1336 1965 1478 2020 omni
1522 1966 1754 2018 humana
1805 1961 1954 2016 illum

394 2060 616 2127 nudate,
647 2060 1001 2114 acerbitatum
1033 2073 1095 2113 ac
1141 2058 1380 2112 dolorum
1426 2057 1497 2109 sit
1546 2053 1819 2123 exemplar
1845 2053 1958 2108 sin-

395 2171 610 2238 gulare,
647 2181 771 2225 tunc
795 2171 936 2225 enim
965 2168 1103 2222 illius
1141 2168 1278 2237 grati
1314 2166 1476 2220 animi
1509 2164 1827 2235 signiﬁcatio
1856 2163 1955 2218 ad-

396 2266 668 2319 mirationi
717 2266 839 2328 erit,
880 2279 1001 2318 cum
1062 2272 1359 2330 temporum
1410 2273 1700 2327 rerumque
1727 2256 1952 2310 inclina-

374 2346 631 2409 ’tionibus
656 2354 1065 2422 haudquaquam
1091 2350 1306 2420 coargui
1351 2348 1608 2419 potuerit.
1656 2347 1719 2400 Si
1766 2345 1949 2398 nonin

2052 1895 2456 1966 ἀπαράὸλητος.
2505 1898 2637 1950 Τότε
2700 1897 2809 1970 γὰρ
2844 1901 2936 1951 καὶ
2994 1899 3055 1952 τὺ
3083 1900 3407 1970 εὐχάριστον
3452 1900 3612 1951 καὶτὸ

2050 1984 2329 2056 εὔγνωμον
2374 1986 2832 2059 θαυμασθήσεται,
2863 1993 2979 2054 ταῖς
3013 1991 3338 2061 μεταϐολαῖς
3371 1991 3613 2061 μηδαμῶς

2052 2077 2423 2147 ἐλεγχόμενον.
2458 2082 2525 2133 Εἰ
2557 2082 2665 2134 οὐκ
2698 2083 2783 2147 εις
2826 2083 3146 2149 πρόσωπόν
3177 2100 3252 2136 σε
3284 2082 3610 2149 εὐλογήσω,

2049 2168 2326 2219 τουτέστιν
2352 2168 2445 2221 ἐὰν
2478 2170 2551 2241 μὴ
2604 2171 2723 2223 τότε
2751 2188 2807 2223 σε
2837 2172 3083 2243 φανερῶς
3124 2172 3513 2245 βλασφημήσῃ,
3535 2176 3613 2226 καὶ

2049 2257 2289 2310 ἐναντίον
2346 2276 2437 2311 σου
2482 2259 2880 2331 θρασυνόμενος
2925 2264 3175 2334 ἀκονήσει
3222 2265 3321 2335 τὴν
3361 2265 3610 2334 γλῶσσαν,

2050 2348 2144 2400 ἆτε
2174 2350 2282 2400 τῶν
2308 2352 2599 2421 συμφορῶν
2628 2351 2701 2422 μὴ
2735 2352 3009 2421 βαστάζων
3032 2356 3092 2406 τὸ
3124 2356 3375 2427 μέγεθος.

389 2448 577 2513 faciem
616 2446 708 2499 tibi
739 2445 1096 2503 benedixerit;
1128 2444 1178 2497 id
1209 2454 1311 2507 est,
1364 2443 1406 2495 si
1436 2456 1539 2493 non
1568 2448 1621 2494 te
1648 2438 1945 2500 maledictis
1982 2437 2157 2505 palam
2224 2448 2348 2496 tunc
2378 2444 2681 2505 incesserit,
2734 2453 2788 2497 et
2855 2446 3077 2499 audacia
3125 2456 3312 2500 contra
3367 2457 3418 2501 te
3459 2448 3611 2501 elatus

388 2535 621 2606 linguam
656 2538 953 2602 exacuet-it,
987 2536 1183 2604 quippe
1209 2549 1327 2588 cum
1380 2533 1703 2588 calamitatis
1745 2530 2167 2597 magnitudinem
2200 2532 2339 2585 ferre
2375 2549 2476 2587 non
2513 2544 2696 2602 queat.

459 2628 574 2685 Hoc
602 2631 765 2699 igitur
785 2630 921 2692 loco,
952 2643 1047 2697 pro
1088 2627 1219 2682 diris
1269 2625 1747 2692 imprecationibus
1774 2634 1823 2677 te
1855 2622 1947 2675 de-

395 2722 630 2786 vovebit,
679 2732 732 2775 et
791 2720 1091 2774 maledictis
1117 2729 1491 2787 prosequetur,
1525 2716 1792 2778 diabolus,
1824 2728 1947 2782 spe-

388 2812 592 2864 ciosius
639 2809 952 2863 vocabulum
1011 2821 1296 2873 usurpans,
1353 2806 1653 2871 benedicet,
1690 2804 1847 2869 dixit,
1886 2816 1952 2857 ne

390 2914 574 2953 vocem
602 2898 928 2966 asperiorem
959 2896 1245 2965 proferret,
1304 2904 1360 2949 et
1412 2895 1521 2949 Deo
1552 2895 1779 2963 diceret,
1809 2894 1950 2963 quod

388 2989 555 3043 Johns
593 2988 692 3056 ipsi
734 2988 1005 3040 adversari
1034 2986 1212 3041 vellet.

471 3082 627 3134 Vatis.
661 3080 745 3133 12.
778 3077 918 3132 Tum:
951 3078 1079 3130 dixit
1120 3077 1377 3131 Dominus
1401 3075 1650 3130 diabolo:
1679 3075 1813 3129 Ecce
1843 3093 1946 3129 om-

390 3173 478 3225 nia
502 3187 817 3240 quotcunque
837 3182 957 3224 sunt
979 3172 1047 3235 ei,
1072 3170 1137 3222 do
1161 3170 1216 3222 in
1261 3185 1475 3222 manum
1522 3178 1688 3233 tuam,
1715 3168 1805 3221 sed
1836 3184 1952 3221 eum

390 3282 454 3317 ne
474 3264 716 3331 tetigeris.

457 3355 691 3424 Didymi.
725 3353 853 3408 Illud
876 3354 1038 3417 enim,
1064 3352 1199 3408 Ecce
1237 3354 1292 3407 in
1330 3369 1541 3406 manuni
1571 3362 1716 3407 tuam
1743 3356 1810 3408 do
1841 3371 1952 3407 om-

392 3447 503 3509 nia,
530 3459 753 3513 prorsus
776 3447 1084 3514 persuadet,
1125 3448 1241 3500 sine
1265 3448 1359 3503 Dei
1413 3447 1673 3517 permissu
1706 3463 1734 3501 a
1768 3446 1953 3500 diabo-

392 3536 445 3589 lo
474 3536 664 3590 tentari
699 3538 1001 3590 neminem:
1053 3546 1112 3591 ut
1146 3550 1327 3591 autem
1363 3540 1619 3601 sciamus,
1649 3537 1747 3605 ipsi
1785 3536 1949 3590 etiam

388 3626 729 3692 permissioni
744 3628 1158 3693 statuimodum,
1175 3630 1345 3693 addit,
1362 3628 1463 3683 Sed
1477 3645 1592 3682 eum
1614 3644 1676 3681 ne
1693 3628 1949 3696 attigeris.

399 3717 550 3771 Unde
582 3718 795 3785 planum
840 3729 943 3781 est,
1002 3734 1107 3773 non
1157 3719 1290 3786 fato,
1346 3721 1429 3775 vel
1454 3736 1603 3787 casu,
1642 3721 1738 3776 sed
1770 3720 1949 3775 divina

389 3810 743 3879 permissioue
770 3809 1103 3866 calamitates
1130 3812 1397 3867 accidere.

460 4088 526 4142 Et
562 4105 797 4158 egressus
822 4100 896 4143 est
928 4089 1167 4143 diabolus
1191 4108 1221 4143 a
1244 4089 1489 4146 Domino.

460 4181 536 4233 Ex
563 4182 916 4250 quorumdam
972 4182 1261 4245 sententia,
1299 4181 1398 4235 nisi
1439 4190 1588 4233 extra
1622 4179 1789 4233 Deum
1814 4178 1947 4231 fuis-

388 4281 470 4327 set
492 4271 757 4336 diabolus,
791 4281 976 4325 contra
1033 4270 1225 4324 Jobum
1277 4271 1409 4324 nihil
1462 4280 1714 4337 operatus
1737 4268 1945 4323 fuisset.

2122 2624 2413 2676 Κάνταῦθα
2476 2626 2673 2687 τοίνυν,
2718 2627 2836 2679 ἀντὶ
2887 2627 3011 2690 τοῦ,
3080 2630 3474 2700 καταράσεται.
3535 2629 3614 2684 και

2050 2710 2427 2784 βλασφημὴσει
2475 2733 2550 2778 σε,
2606 2716 2902 2779 ὁδιάὸολος
2948 2713 3088 2781 εἶπε,
3133 2719 3211 2788 τῷ
3271 2722 3614 2791 εὐσημοτέρῳ

2048 2808 2388 2873 χρησάμενος
2414 2806 2657 2875 ὀνόματι,
2713 2807 2859 2869 ὅπως
2891 2807 2963 2877 μὴ
2994 2809 3126 2878 πρὸς
3150 2809 3283 2862 Θεὸν
3315 2813 3414 2881 τὴν
3438 2830 3615 2882 τραχυ-

2050 2894 2211 2965 τέραν
2238 2896 2632 2965 προενέγκηται
2668 2895 2831 2961 λέξιν,
2875 2896 3007 2967 μηδὲ
3032 2898 3166 2968 ὲρεῖ,
3190 2901 3272 2953 ὅτι
3297 2900 3359 2965 ἐξ
3379 2904 3614 2965 ἐναντίας

2053 2984 2116 3038 ἄν
2149 3003 2228 3038 σοι
2256 2987 2372 3059 ἔσῃ.
2396 2987 2473 3057 τῷ
2499 2988 2637 3058 Θεῷ.

2124 3079 2213 3132 Στ.
2247 3079 2332 3148 ιβ’.
2369 3081 2505 3132 Τότε
2531 3077 2698 3133 εἶπεν
2731 3083 2763 3133 ὀ
2798 3082 3009 3147 Κύριος
3044 3081 3118 3147 τῷ
3141 3082 3399 3147 διαϐόλῳ
3422 3101 3440 3115 ο
3487 3085 3615 3138 Ἰδοὺ

2052 3171 2245 3223 πάντα
2271 3171 2388 3224 ὅσα
2433 3172 2557 3241 ἔχει
2588 3172 2791 3242 δίδωμι
2821 3174 2890 3227 ἐν
2910 3174 2983 3241 τῇ
3008 3177 3161 3244 χειρί
3182 3191 3321 3241 σου,
3349 3177 3493 3230 ἀλλ’
3527 3180 3618 3230 αἰι-

2052 3264 2155 3316 τοῦ
2173 3264 2259 3331 μὴ
2291 3263 2437 3335 ἅψῃ.

2122 3354 2395 3424 Διδύμου.
2427 3356 2499 3408 Τὸ
2547 3357 2673 3427 γὰρ,
2721 3356 2874 3410 Ἰδοὺ
2923 3357 3150 3412 δέδωκα
3195 3359 3394 3413 πάντα
3448 3363 3518 3414 ἐν
3552 3360 3617 3425 τῇ

2050 3447 2201 3513 χειρί
2232 3460 2368 3510 σου,
2403 3449 2809 3518 παραστατικὸν
2868 3449 3099 3501 ἑστιτοῦ
3161 3450 3235 3521 μὴ
3277 3452 3450 3521 χωρὶς
3483 3451 3617 3513 θείας

2053 3536 2451 3604 συγχωρήσεως
2510 3537 2836 3590 ὑποπίπτειν
2871 3539 2992 3592 τινὰ
3040 3545 3388 3610 πειρασμοῖς.
3425 3545 3538 3595 Ἵνα
3566 3542 3615 3594 δὲ

2052 3625 2283 3694 φανερὸν
2334 3626 2581 3696 γένηται,
2626 3628 2705 3679 ὅτι
2763 3628 2943 3699 μέτρῳ
2994 3631 3088 3681 καὶ
3133 3628 3231 3699 τὴν
3281 3632 3616 3702 συγχώρησιν

2051 3719 2304 3779 ποιεῖται,
2339 3718 2607 3786 ἐπιφέρει,
2648 3718 2801 3771 Ἀλλ’
2822 3718 3006 3772 αὑτοῦ
3030 3718 3115 3788 μὴ
3151 3720 3299 3787 ἅψῃ.
3335 3722 3499 3775 Ὅθεν
3529 3724 3615 3791 δῆ-

2049 3806 2159 3867 λον,
2194 3806 2274 3857 ὅτι
2305 3805 2427 3858 οὔτε
2478 3808 2784 3879 εἱμαρμένῃ
2834 3810 2889 3861 αἱ
2929 3810 3274 3878 περιστάσεις
3300 3813 3617 3881 συμεαίνου-

2052 3914 2156 3957 σιν,
2190 3895 2299 3948 οὔτ’
2348 3899 2412 3949 ὲκ
2463 3898 2825 3969 ταυτομάτου,
2886 3899 2998 3952 ἀλλ’
3045 3902 3109 3953 ὲκ
3159 3902 3295 3954 Θεοῦ
3339 3906 3615 3974 συγχωρήο

2052 4006 2105 4041 σε
2113 4006 2205 4051 ως.

2170 4079 2277 4131 Καὶ
2306 4079 2565 4147 ἐξῆλθεν
2592 4083 2624 4133 ό
2653 4080 2932 4147 διάϐολος
2962 4082 3119 4151 παρὰ
3140 4083 3247 4136 τοῦ
3274 4088 3519 4151 Iit-ficu.

2118 4170 2273 4223 Κατὰ
2307 4170 2363 4222 δέ
2409 4187 2579 4233 τινας,
2633 4172 2681 4222 εἰ
2718 4171 2791 4241 μὴ
2816 4172 2920 4237 ἔξω
2946 4172 3134 4241 γέγονε
3172 4174 3267 4225 τοῦ
3298 4176 3433 4228 Θεοῦ
3459 4181 3486 4229 ὁ
3509 4178 3615 4229 διὰ-

2050 4258 2220 4320 ϐολος,
2252 4260 2351 4311 οὐκ
2384 4259 2449 4311 ἂν
2498 4260 2765 4329 ἐνήργησε
2791 4261 2860 4313 τὰ
2897 4263 3035 4315 κατὰ
3058 4262 3151 4315 τοῦ
3198 4264 3341 4317 Ἰὼϐ.
3369 4267 3617 4336 Κυριολεα

388 4373 468 4416 Ac
495 4362 560 4415 de
583 4361 991 4433 diabolomagis
1026 4362 1239 4430 proprie
1259 4375 1419 4429 quam
1443 4360 1509 4412 de
1527 4358 1696 4413 Caino
1719 4360 1941 4413 dicitur:

2086 4352 2256 4402 τεῖται
2305 4350 2361 4402 δὲ
2420 4350 2512 4402 ἐπὶ
2563 4350 2750 4403 τούτου
2785 4352 2982 4421 μᾶλλον
3024 4353 3056 4422 ἦ
3116 4354 3206 4405 έπὶ
3249 4355 3344 4407 τοῦ
3376 4358 3517 4409 Καῖν
3542 4358 3616 4409 τόο

389 4454 644 4523 Egressus
674 4463 747 4507 est
774 4472 803 4505 a
835 4454 969 4521 facie
1002 4453 1213 4507 Domini
1239 4449 1395 4520 (Gen.
1432 4466 1504 4517 tv,
1536 4450 1645 4520 16),
1683 4450 1823 4518 quod
1863 4450 1943 4503 in-

387 4547 503 4601 nuit
531 4562 652 4601 eum
678 4546 882 4601 visione
912 4546 1001 4601 Dei
1046 4561 1149 4598 non
1192 4543 1291 4597 frui
1318 4561 1331 4609 ;
1365 4558 1427 4597 es
1460 4556 1645 4595 eorum
1676 4540 1815 4595 enim
1850 4555 1949 4592 nu-

388 4651 537 4690 mero
568 4636 762 4704 estqui
794 4636 938 4689 foras
989 4635 1364 4699 exeluduntur,
1403 4634 1527 4687 licet
1572 4647 1675 4685 una
1724 4646 1844 4686 cum
1882 4630 1948 4685 iis

385 4727 474 4795 qui
512 4726 619 4781 Deo
643 4727 921 4789 assistunt,
951 4725 1133 4790 specie
1161 4725 1390 4793 quadam
1416 4724 1644 4779 venerit.

458 4816 620 4871 Vens.
661 4816 746 4870 15.
792 4816 857 4868 Et
895 4829 1004 4870 erat
1028 4817 1158 4869 sicut
1191 4817 1299 4868 dies
1325 4817 1456 4868 ham.

458 4908 689 4977 Didymi.
733 4907 1137 4977 Consequenter
1177 4907 1391 4975 quidem
1421 4906 1548 4969 diei,
1572 4915 1626 4958 et
1655 4905 1943 4958 liberorum

385 5013 670 5053 consessus
701 5000 963 5063 meminit,
1023 5008 1081 5051 ut
1134 4998 1236 5052 hac
1261 4998 1469 5051 ratione
1499 4997 1711 5050 illorum
1744 4997 1944 5057 obitus,

386 5089 473 5156 qui
496 5089 671 5143 subito
704 5090 860 5144 unius
915 5089 1175 5158 temporis
1222 5100 1517 5153 momento,
1561 5089 1753 5142 mdium
1791 5087 1945 5140 ruina

386 5178 633 5230 exstincti
654 5188 798 5239 sunt,
826 5178 929 5232 lide
956 5194 1060 5233 non
1088 5190 1316 5235 careret.

461 5266 621 5323 Vsus.
664 5269 750 5322 M.
790 5266 855 5320 Et
898 5285 1011 5323 ecce
1062 5270 1275 5323 nuntius
1328 5271 1463 5323 venit
1512 5268 1581 5322 ad
1632 5267 1848 5332 Jobum,
1896 5277 1947 5321 et

386 5358 521 5412 dixit
554 5360 624 5422 ei,
650 5369 759 5413 etc.

456 5448 690 5518 Didymi.
721 5450 1197 5506 Animadversione
1260 5452 1477 5522 dignum
1518 5462 1619 5516 est,
1682 5453 1944 5519 quemad-

386 5544 625 5606 modum,
674 5556 795 5612 quae
853 5543 1030 5597 subito
1073 5543 1358 5612 contigisse
1415 5543 1658 5596 nuntiata
1698 5552 1842 5609 sunt,
1881 5557 1945 5595 ex

388 5636 499 5701 ipsa
524 5635 779 5689 relatione
806 5634 1059 5689 acerbum
1088 5635 1140 5688 in
1173 5650 1231 5690 se
1258 5635 1590 5698 contineant,
1619 5644 1673 5687 et
1709 5636 1774 5687 ad
1796 5649 1947 5685 sum-

387 5738 529 5779 tmm
557 5726 827 5779 tristitiam
862 5725 1139 5783 inclinent.
1180 5724 1401 5789 Verum,
1444 5725 1544 5780 etsi
1591 5733 1808 5794 pmptcr
1850 5740 1943 5779 su-

2063 4440 2346 4509 Ἐξῆλθεν
2399 4443 2517 4495 ἀπὸ
2566 4441 2887 4510 προσώπου
2954 4447 3172 4512 Kvpt'ov
3200 4462 3213 4476 ·
3279 4446 3307 4498 ὅ
3375 4448 3525 4516 δηλοί
3567 4448 3619 4498 τὺ

2048 4534 2386 4602 ἀφάνταστον
2417 4533 2511 4587 τοῦ
2534 4534 2667 4587 Θεοῦ
2701 4530 2838 4586 εἶναι
2869 4536 3047 4587 αὐτόν.
3077 4533 3244 4600 Οὗτος
3272 4540 3383 4609 γὰρ
3412 4540 3501 4591 ἀεὶ
3519 4537 3621 4590 τῶν

2048 4628 2152 4693 ἔξω
2176 4629 2451 4698 τυγχάνει,
2508 4631 2559 4681 εἰ
2612 4629 2704 4681 καὶ
2762 4630 3140 4701 προσποιητῶς
3166 4628 3296 4703 ἦλθε
3330 4633 3474 4703 μετὰ
3518 4633 3617 4686 τῶν

2049 4719 2409 4789 παραστατῶν
2442 4719 2532 4771 τοῦ
2558 4718 2713 4771 Θεοῦ.

2118 4812 2206 4862 Στ.
2252 4809 2337 4877 ιγ’.
2361 4810 2468 4863 Καὶ
2494 4806 2572 4879 ἦν
2596 4811 2675 4875 ὼς
2706 4811 2744 4877 ἡ
2768 4810 2956 4879 ἡμέρα
2975 4812 3147 4877 αὕτη.

2121 4900 2398 4969 Διδύμου.
2440 4901 2770 4964 Ἀκολούθως
2791 4903 3000 4972 καὶτῆς
3032 4903 3244 4973 ἡμέρας
3269 4920 3374 4973 μνη
3385 4903 3617 4972 mssa,

2049 4992 2260 5062 καὶτῆς
2290 4992 2650 5056 συνελεύσεως
2681 4993 2789 5045 τῶν
2841 4992 3068 5056 τέκνων,
3134 4995 3220 5047 ἴνα
3271 4994 3414 5047 οὓτω
3449 4997 3546 5047 καὶ
3565 4996 3621 5045 τὸ

2046 5083 2141 5136 τοῦ
2168 5083 2395 5137 θανάτου
2425 5084 2603 5137 αὐτῶν
2651 5085 2875 5155 γένηται
2921 5085 3129 5147 πιστὸν,
3169 5086 3381 5155 ἀθρόως
3408 5088 3503 5154 ὑφ’
3531 5086 3622 5138 ἱνα

2049 5175 2237 5246 καιρὸν
2266 5175 2369 5227 ὑπὸ
2396 5175 2495 5244 τὴν
2524 5175 2731 5227 πτῶσιν
2756 5175 2856 5245 τῆς
2881 5175 3055 5237 οἰκίας
3076 5175 3480 5229 ἀποθανόντων.

2120 5265 2209 5316 Στ.
2244 5265 2321 5317 ιδ’.
2376 5264 2485 5317 Καὶ
2518 5263 2646 5317 ιδοὺ
2686 5264 2940 5333 ἅγγελος
2963 5261 3108 5334 ἦλθε
3144 5266 3293 5333 πρὸς
3332 5267 3477 5331 Ἰὼϐ,
3526 5268 3617 5320 καὶ

2048 5355 2215 5407 εἶπεν
2237 5354 2415 5420 αὐτῷ,
2438 5371 2492 5407 κ.
2522 5372 2572 5407 τ.
2598 5354 2648 5407 λ.

2119 5444 2394 5513 Διδύμου.
2434 5448 2730 5499 Κατανοεῖν
2758 5445 2813 5498 δὲ
2838 5446 3007 5509 ἄξιον,
3038 5449 3186 5510 ὅπως
3214 5448 3285 5501 τὰ
3310 5452 3407 5519 τῆς
3437 5464 3620 5518 amy-

2048 5536 2232 5604 γελίας
2292 5535 2504 5606 ἀθρόως
2537 5536 2896 5605 γεγενημένα,
2943 5538 3036 5588 καὶ
3081 5538 3143 5589 ὲκ
3173 5538 3271 5607 τῆς
3314 5537 3621 5608 διηγήσεως

2048 5628 2159 5697 ἔχει
2187 5626 2246 5680 τὸ
2273 5628 2430 5698 βαρὺ,
2454 5628 2547 5679 καὶ
2574 5627 2634 5678 τὸ
2662 5627 2797 5696 πρὸς
2824 5626 2999 5696 λύπην
3016 5627 3455 5697 ὑπερϐάλλουσαν
3472 5631 3623 5699 Exsp-

2055 5719 2234 5781 ὁεπές.
2278 5718 2412 5771 Ἀλλ’
2439 5720 2485 5771 εἰ
2531 5718 2623 5771 καὶ
2660 5717 2819 5771 ἱκανὰ
2847 5713 2913 5787 ἦν
2936 5718 3185 5789 ταράξαι,
3220 5719 3308 5771 διὰ
3336 5720 3392 5770 τὸ
3418 5719 3619 5789 ἀθρόον
