3774 6314
141 310 264 364 “25

1379 315 1806 377 FRAGMENTA
1845 319 1912 377 IN
1949 320 2090 380 JOB.

3222 338 3359 394 H26

139 427 220 481 τοῦ
246 427 496 498 χαλεποῦ,
543 429 688 498 ὅμως
701 427 810 483 οὐκ
837 431 1110 504 ἐταράχθη
1145 435 1178 486 -ὁ
1204 433 1426 501 δίκαιος.
1456 439 1670 512 Εἴρηται

1822 443 1964 498 litum
1997 459 2200 510 casum,
2236 448 2553 516 perturbare
2572 449 2689 506 Jobi
2724 461 2954 512 mentem
2986 455 3098 512 haec
3125 457 3236 528 ipsa
3267 477 3363 529 po-

137 516 252 584 γοῦν
283 519 338 569 ἐν
350 518 434 570 ένὶ
453 517 560 571 τῶν
578 516 807 587 ψαλμῶν
836 521 963 592 περὶ
987 521 1079 574 τοῦ
1104 523 1260 592 ἁγίου
1282 540 1295 554 .
1335 525 1472 578 Ἀπὸ
1499 529 1688 598 ἀκοῆς

136 604 380 674 πονηρᾶς
405 609 478 661 οὐ
507 605 928 676 φοϐηθήσεται.

196 784 276 836 Στ.
319 791 409 848 ις’.
455 787 574 839 Ἔτι
600 787 815 843 τούτου
867 792 1225 858 λαλοῦντος,
1270 791 1456 862 ἦλθεν
1488 795 1686 865 ἕτερος

135 876 388 943 ἄγγελος,
418 876 514 929 καὶ
539 873 668 931 εἷπε
707 880 856 946 πρὸς
893 881 1037 945 Ἰὼϐ,
1076 883 1201 949 Πῦρ
1225 883 1444 938 ἔπεσεν
1483 886 1551 939 ἐκ
1580 888 1684 941 τοῦ

134 967 385 1036 οἱφανοῦ,
432 967 530 1022 καί
583 971 916 1026 κατέκαυσε
974 973 1046 1026 τὰ
1104 977 1386 1042 πρόϐατα,
1420 977 1685 1045 καὶτοὺς

133 1066 390 1134 ποιμένας
438 1067 773 1137 κατέφαγεν
798 1071 1029 1138 ὁμοίως,
1076 1071 1173 1124 καὶ
1203 1075 1416 1138 σωθείς
1442 1072 1556 1143 ἐγὼ
1571 1076 1682 1144 μό-

133 1176 240 1224 νος,
264 1154 446 1228 ἦλθον
473 1159 582 1212 τοῦ
618 1160 973 1230 ἀπαγγεῖλαί
1013 1178 1132 1216 σοι.

191 1247 447 1315 Διδύμου.
498 1250 572 1302 Οὐ
602 1249 710 1322 γὰρ
743 1251 984 1315 διάῧολος
1017 1252 1264 1318 ἐξουσίαν
1310 1255 1440 1326 ἔχει,
1476 1256 1587 1330 πῦρ
1623 1257 1683 1324 ἐξ

126 1338 331 1409 οὐρανοῦ
361 1347 714 1411 καταγαγεῖν,
752 1344 887 1398 ἀλλά
921 1345 1040 1417 θείᾳ
1074 1347 1250 1418 κρίσει
1275 1351 1430 1403 τοῦτο
1457 1353 1682 1422 γεγένη-

129 1448 222 1495 ται,
270 1434 416 1496 ὅπως
453 1438 779 1508 παραστήσῃ
826 1437 902 1506 τῷ
947 1439 1163 1510 Σατανᾷ
1195 1441 1222 1492 ὁ
1256 1441 1501 1507 δεδωκὼς
1533 1443 1681 1515 αὐτῷ

128 1523 210 1592 τὴν
260 1523 498 1589 ἐξουσίαν
526 1527 635 1580 τῶν
663 1526 758 1579 τοῦ
801 1527 919 1580 Ἰὼϐ
969 1528 1120 1593 Θεὸς,
1159 1531 1242 1584 ὅτι
1281 1532 1399 1585 οὐδὲ
1425 1533 1575 1603 μέλει
1603 1533 1681 1604 τῷ

131 1614 354 1683 μακαρίῳ
381 1616 488 1668 τῶν
517 1616 893 1688 ἀνθρωπίνων,
938 1618 1040 1671 κᾶν
1068 1620 1267 1685 πολλὰς
1299 1622 1474 1697 πλέκῃ
1502 1642 1680 1695 μηχα-

126 1703 226 1766 νάς.
258 1705 506 1774 Καίτοιγε
538 1709 588 1759 εί
623 1709 715 1760 καὶ
736 1708 805 1761 τὰ
827 1709 1073 1780 δόγματα
1099 1713 1198 1782 τῆς
1231 1714 1489 1783 ἀληθείας
1518 1718 1678 1787 ἠκρι-

128 1794 292 1858 6ωκὼς
315 1799 342 1848 ό
366 1797 519 1865 ἅγιος
569 1798 886 1867 ἐγίνωσκεν,
935 1801 1010 1865 ὠς
1059 1805 1160 1856 οὐκ
1190 1804 1319 1858 ἀνευ
1341 1806 1476 1860 Θεοῦ
1517 1808 1679 1879 ἡτῶν
1713 1807 1757 1861 Β

127 1886 414 1956 πειρασμῶν
450 1890 722 1961 ἐπιτροπὴ
754 1891 998 1960 γέγονεν,
1050 1895 1164 1948 ἀλλ’
1197 1897 1381 1950 ἱκανὸν
1417 1895 1484 1969 ἦν
1511 1901 1572 1952 τὸ
1600 1918 1683 1968 γι-

125 1977 320 2044 νόμενον
348 1978 613 2050 μεγίστην
636 1981 783 2050 αὐτῷ
807 1983 993 2054 φέρειν
1019 1984 1216 2057 λύπην,
1243 1986 1330 2040 διὰ
1354 1990 1478 2052 τοὺς
1517 2007 1681 2043 σκαν-

122 2064 487 2139 δαλιζομένους,
525 2073 601 2135 ὡς
630 2074 724 2126 καὶ
756 2074 890 2127 Θεοῦ
917 2078 1036 2129 κατ’
1061 2079 1228 2131 αὐτοῦ
1263 2081 1583 2151 χωροῦντος.
1611 2082 1683 2136 Τὸ

122 2159 212 2229 γὰρ
241 2163 358 2224 τοὺς
391 2165 898 2234 αίχμαλωτίζοντας
931 2168 1273 2234 ἐπελθόντας,
1313 2172 1381 2225 τὰ
1421 2173 1517 2242 μὲν
1550 2175 1681 2244 κτή-

121 2263 173 2316 νη
201 2250 474 2316 ἀπελάσαι,
525 2254 654 2316 τοὺς
700 2254 756 2307 δὲ
806 2256 1000 2320 παῖδας
1035 2258 1364 2327 ἀποσφάξαι,
1419 2261 1680 2330 ἠδύναντο

122 2338 403 2406 λογίσασθαι
439 2345 488 2396 οί
520 2345 897 2418 ἀπλούστεροι,
949 2347 1030 2400 ὅτι
1064 2349 1214 2420 νόμῳ
1246 2350 1504 2421 πολέμου,
1563 2353 1677 2407 ἀλλ’

119 2429 201 2480 οὐκ
227 2431 324 2485 ἀπὸ
350 2431 481 2484 Θεοῦ
513 2434 734 2502 γέγονεν
757 2453 772 2466 ο
801 2437 889 2488 ὅτε
921 2436 977 2488 δέ
1008 2435 1120 2509 πῦρ
1147 2439 1486 2510 ἀπήγγελται
1508 2443 1677 2513 οὐρα·

119 2520 246 2572 νόθεν
275 2523 551 2596 κατελθὸν,
611 2525 729 2588 δέος
761 2521 829 2596 ἦν
859 2528 932 2598 μή
964 2546 1048 2591 τις
1080 2528 1359 2600 λογίζηται
1391 2531 1498 2584 τῶν
1520 2532 1680 2586 ἀσθε-

119 2607 224 2671 νῶν,
255 2610 324 2674 ὼς
362 2613 516 2666 οὐδὲν
563 2613 874 2684 θαυμαστὸν
903 2619 936 2686 ἡ
973 2617 1162 2688 ἀρετὴ,
1219 2618 1312 2670 καὶ
1347 2620 1494 2690 παρά
1542 2621 1676 2676 Θεοῦ

116 2704 495 2773 τιμωρουμένου
526 2705 618 2758 τοῦ
654 2706 856 2777 ταύτην
880 2707 1112 2778 ἔχοντος.
1154 2710 1313 2764 Ἀλλά
1368 2713 1462 2765 καὶ
1485 2713 1676 2768 τούτου

119 2793 405 2862 συμϐάντος,
447 2799 474 2850 ὀ
515 2799 667 2866 ἅγιος
715 2801 816 2854 οὐκ
840 2800 1087 2855 ὤκλασεν
1112 2819 1126 2833 ο
1165 2803 1287 2857 ὅθεν
1315 2805 1452 2876 πρὸς
1485 2807 1547 2860 τὸ
1579 2808 1676 2860 ἀν-

118 2882 293 2937 ένδοτον
310 2888 400 2940 τοῦ
425 2887 664 2960 ἀθλητοῦ
694 2891 1065 2962 ἐναργέστατα
1108 2895 1320 2964 εἴρηται
1351 2895 1449 2967 [ἵσ.
1485 2896 1676 2968 δηλοῦ-

115 2973 242 3046 σθαι]
267 2976 344 3040 τὸ,
366 2979 499 3031 Ὅτε
529 2973 682 3043 οὗτος
707 2981 904 3045 ἐλάλει,
928 2984 1021 3036 καὶ⁷
1047 2978 1200 3046 οὗτος
1222 2980 1405 3055 ⁴ἢλθεν.
1435 2987 1549 3040 Ἵνα
1569 2986 1676 3058 γὰρ

119 3066 356 3137 μηδεμίαν
403 3071 516 3123 τῶν
569 3072 745 3126 πόνων
807 3074 1090 3145 ἀναψυχὴν
1150 3075 1226 3146 τῷ
1279 3077 1552 3148 παλαιστῇ
1578 3078 1671 3148 δῷ,

118 3157 230 3210 ἀλλά
247 3159 317 3230 τῷ
347 3165 564 3233 συνεχιί
603 3163 702 3234 τῆς
732 3165 992 3235 ἀγγελίας
1049 3166 1260 3239 ταράξῃ
1316 3167 1408 3221 τὸν
1438 3169 1665 3234 δίκαιον,
1697 3161 1739 3217 C

117 3248 194 3298 καὶ
221 3250 457 3324 καθάπερ
497 3254 648 3320 ναῦν,
695 3255 772 3327 τῷ
801 3257 1086 3330 ἐπαλλήλῳ
1112 3260 1218 3313 τῶν
1254 3261 1510 3330 κυμάτων
1539 3263 1670 3316 ὑπο-

113 3338 303 3410 ερύχιον
353 3345 608 3412 γενέσθαι
652 3349 1046 3423 παρασκευάσῃ
1077 3353 1188 3414 τοῖς
1225 3351 1440 3414 πάθεσι,
1489 3356 1669 3408 πυκνά

114 3433 214 3482 κατ’
240 3434 392 3488 αὐτοῦ
451 3437 666 3509 πέμπει
720 3440 788 3493 τά
823 3441 996 3511 πικρά
1050 3441 1176 3512 βέλη
1212 3442 1320 3495 τῶν
1356 3445 1671 3516 συμφορῶν.

115 3521 260 3588 Αὐτὸς
285 3528 310 3579 ό
332 3529 438 3580 τῶν
468 3531 659 3584 κακῶν
699 3531 955 3603 ἐργάτης,
987 3534 1150 3597 αὐτὸς
1175 3535 1203 3586 ὁ
1235 3535 1482 3603 ἄγγελος,
1510 3537 1673 3602 αὐτὸς

115 3610 284 3686 mnes
318 3618 386 3672 τὰ
408 3622 607 3692 κτήνη,
639 3623 734 3675 καὶ
763 3623 923 3686 αὐτὸς
953 3624 1284 3692 ἀπαγγέλλει
1313 3626 1411 3696 τὴν
1436 3625 1668 3697 πληγὴν.

115 3707 191 3758 καὶ
218 3710 406 3782 ταύτην
434 3713 582 3765 κατά
616 3714 717 3785 τὴν
750 3714 1048 3786 συνέχειαν,
1084 3717 1170 3770 ἵνα
1202 3717 1335 3787 μηδέ
1359 3718 1672 3792 ἀναπνεύσῃ

112 3796 137 3847 ὀ
162 3799 372 3858 ἀκούων.

1795 542 1994 599 terant,
2052 549 2388 605 nequaquam
2441 551 2620 595 tamen
2678 540 2884 610 justum
2941 559 3357 618 permoverunt;

1793 627 2050 694 scriptum
2082 629 2224 684 enim
2251 639 2331 684 est
2361 631 2556 688 alicubi
2582 635 2636 690 in
2666 636 2896 694 Psalmis
2924 641 2990 695 de
3019 653 3210 700 sancto
3243 662 3258 700 :
3283 646 3361 700 Ab

1791 716 2059 781 auditione
2095 719 2236 773 mala
2266 737 2368 774 non
2400 723 2594 778 timebit
2633 726 2809 796 (Ptol.
2842 743 2973 795 cm,
3003 730 3076 801 7).

1870 807 2028 865 Vens.
2068 811 2152 866 16.
2195 812 2380 868 Adhuc
2400 815 2500 868 isto
2515 815 2772 886 loquente,
2796 822 2928 876 venit
2959 823 3094 878 alius
3124 828 3359 893 nuntius,

1789 909 1836 951 et
1872 900 2005 954 dixit
2036 903 2104 955 ad
2133 902 2325 957 Jobum
2355 921 2373 958 :
2403 905 2548 974 Ignis
2569 911 2755 962 cecidit
2784 911 2847 965 de
2887 914 3035 979 caelo,
3059 927 3106 968 et
3123 918 3362 971 combus-

1788 991 1854 1042 sit
1882 1006 2017 1057 oves,
2040 1002 2088 1045 et
2113 1005 2346 1060 pastores
2393 999 2650 1052 devoravit
2705 1003 2970 1071 similiter,
3031 1017 3078 1061 et
3129 1008 3361 1064 salvatus

1785 1097 1880 1152 ego
1904 1084 2072 1150 solus,
2091 1087 2202 1140 ueni
2233 1097 2289 1140 ut
2317 1093 2683 1147 annuntiarem
2717 1095 2830 1148 tibi.

1861 1279 2095 1351 Didymi.
2131 1283 2240 1340 Nec
2264 1287 2405 1340 enim
2431 1298 2640 1356 poterat
2689 1293 2932 1351 diabolus
2966 1313 3140 1369 Ignem
3163 1317 3194 1358 e
3222 1304 3360 1359 cmlo

1791 1370 2077 1438 deducere,
2137 1390 2324 1431 verum
2385 1379 2477 1434 Dei
2529 1381 2733 1451 judicio
2797 1387 2898 1443 hoc
2932 1388 3128 1446 factum
3167 1404 3271 1456 est.
3299 1409 3362 1453 ut

1788 1462 2000 1519 Satanae
2052 1469 2384 1538 ostenderet,
2418 1472 2507 1540 qui
2538 1485 2860 1543 potestatem
2897 1480 2948 1535 in
2980 1481 3099 1539 Jobi
3129 1485 3358 1544 faculta-

1787 1557 1868 1606 tcs
1891 1552 1939 1605 ei
1965 1567 2326 1626 concesserat,
2366 1561 2525 1616 beato
2567 1565 2681 1620 viro
2739 1569 2984 1624 mortalia
3021 1583 3078 1628 et
3117 1575 3352 1634 lmmaua

1786 1642 1899 1697 haec
1935 1647 2083 1700 cordi
2111 1663 2216 1701 non
2273 1665 2414 1718 esse,
2457 1661 2800 1724 quantumvis
2825 1663 3019 1719 multas
3079 1668 3359 1727 machinas

1783 1733 1886 1803 ipsi
1944 1738 2274 1795 admoveret.
2311 1741 2462 1800 Licet
2499 1748 2642 1802 enim
2691 1761 2913 1809 sanctus
2950 1756 3235 1828 diligenter
3295 1763 3352 1818 itt

1783 1825 2026 1881 veritatis
2081 1829 2416 1897 dogmatibus
2449 1847 2712 1904 versatus,
2761 1841 2879 1898 sine
2929 1845 3020 1901 Dei
3049 1825 3353 1917 permissu,

1786 1922 2027 1976 tentandi
2060 1925 2271 1980 veniam
2311 1929 2528 1984 minime
2553 1934 2795 1999 concedi,
2823 1947 2972 1992 certo
2996 1939 3350 2013 intelligeret;

1784 2022 2004 2080 propter
2039 2028 2132 2068 eos
2169 2023 2344 2072 tamen
2382 2021 2472 2088 qui
2503 2024 3032 2095 scandalizabantur,
3058 2047 3121 2087 ac
3144 2035 3187 2089 si
3217 2035 3358 2092 Deus

1785 2097 1964 2168 ipsum
2020 2103 2293 2160 hostiliter
2327 2109 2550 2165 adortus
2582 2110 2794 2180 fuisset,
2843 2133 2948 2172 non
2989 2119 3156 2176 levem
3179 2123 3226 2177 ei
3259 2124 3358 2180 do-

1783 2187 1951 2244 lorem
1979 2194 2180 2258 attulit,
2209 2195 2262 2250 id
2296 2200 2438 2266 quod
2470 2215 2743 2258 evenerat.
2815 2206 3026 2262 Etenim
3057 2214 3196 2280 quod
3219 2229 3358 2282 pra:-

1783 2279 1975 2336 dantes
2007 2285 2301 2342 adversarii
2327 2304 2492 2357 pecus
2515 2294 2844 2364 abegissent,
2879 2301 3020 2368 quod
3062 2279 3255 2370 pueros
3281 2306 3357 2360 in-

1782 2372 2142 2440 terfecissent,
2177 2376 2228 2430 id
2263 2395 2370 2434 non
2399 2395 2429 2434 a
2466 2381 2595 2448 Deo,
2636 2386 2728 2439 sed
2758 2387 2825 2442 ab
2872 2388 3116 2446 hostibus
3146 2392 3357 2450 hostili-

1781 2465 2269 2524 terinvadenti‘bus
2326 2471 2529 2526 factum
2589 2489 2729 2541 esse,
2781 2478 2816 2531 ii
2854 2480 2944 2548 qui
2997 2481 3354 2550 simpliciores

1780 2568 1961 2624 erant,
1987 2561 2210 2616 credere
2239 2570 2523 2632 poterant;
2554 2576 2608 2620 at
2642 2569 2728 2622 ubi
2761 2569 2935 2639 ignem
2963 2585 2994 2625 e
3037 2573 3174 2628 ctelo
3212 2590 3352 2629 nun-

1780 2649 1972 2704 tiatum
2003 2661 2084 2707 est
2116 2668 2144 2708 a
2178 2653 2288 2709 Deo
2311 2655 2582 2724 delapsum
2609 2673 2748 2725 esse,
2775 2675 2905 2717 sane
2930 2664 3225 2732 periculum
3251 2668 3354 2721 im-

1780 2737 1987 2794 becillis
2017 2741 2287 2797 mentibus
2310 2747 2616 2812 creabatur,
2655 2764 2722 2803 ne
2754 2747 2893 2805 forte
2918 2752 3197 2808 crederent
3219 2755 3352 2810 nihil

1778 2843 1898 2884 esse
1932 2830 1985 2884 in
2027 2830 2140 2900 ipsa
2190 2833 2391 2888 virtute
2438 2834 2790 2902 admirabile,
2844 2854 2967 2893 cum
3012 2839 3060 2895 is
3113 2842 3204 2910 qui
3229 2857 3350 2897 eam

1778 2921 2078 2991 possideret
2107 2939 2136 2978 a
2166 2923 2276 2980 Deo
2321 2925 2672 2984 nihilominus
2731 2931 3091 2986 cruciaretur.
3116 2931 3222 2988 Sed
3256 2949 3351 2990 ne-

1778 3027 1904 3081 que,
1938 3029 2060 3069 cum
2088 3017 2188 3071 boc
2222 3019 2530 3086 accidisset,
2562 3033 2780 3077 sanctus
2812 3024 2993 3078 animo
3016 3023 3345 3092 labascebat;

1779 3105 1918 3158 unde
1944 3114 2352 3163 utcoustantem
2406 3119 2461 3165 et
2493 3111 2823 3168 irremissum
2881 3115 3054 3169 sancti
3103 3124 3347 3172 tenorem

1774 3195 2051 3252 evidenter
2094 3199 2488 3268 manifestaret,
2514 3204 2714 3259 dictum
2747 3215 2850 3271 est,
2877 3207 3018 3277 quod
3052 3208 3176 3262 dum
3209 3225 3350 3266 unus

1776 3285 2102 3357 loqueretur,
2162 3293 2297 3348 alter
2353 3297 2578 3352 venerit.
2642 3296 2720 3353 Ne
2768 3298 2932 3368 igitur
2990 3299 3348 3357 luctatorire-

1775 3381 1955 3447 quiem
1989 3382 2150 3436 ullam
2197 3393 2250 3438 et
2293 3389 2704 3458 respirationem
2751 3390 2994 3445 laborum
3035 3391 3346 3464 largiretur,

1770 3472 1864 3525 sed
1898 3471 2167 3543 frequenti
2200 3478 2387 3532 nuntio
2410 3480 2616 3546 justum
2671 3481 2935 3547 turbaret,
2986 3492 3040 3536 et
3066 3482 3343 3553 aegritudi-

1771 3575 1898 3614 uum
1958 3562 2098 3618 mole
2161 3577 2415 3636 tanquam
2467 3585 2657 3624 navem
2708 3570 2962 3625 ﬂuctuum
3005 3573 3346 3629 multitudine

1769 3650 2043 3720 obrutam,
2075 3659 2424 3717 succumbere
2452 3672 2688 3731 cogeret,
2733 3661 2900 3716 multa
2933 3672 2988 3717 et
3022 3663 3217 3719 acerba
3251 3679 3344 3718 ca-

1769 3741 2066 3800 lamitatum
2102 3748 2206 3803 tela
2237 3759 2425 3805 contra
2472 3752 2646 3818 ipsutn
2670 3753 2982 3822 iaculatur;
3033 3754 3148 3823 ipse
3175 3753 3345 3809 malo-

1769 3851 1887 3890 rum
1913 3838 2114 3907 opifex,
2152 3842 2264 3912 ipse
2300 3845 2540 3910 nuntius,
2589 3846 2701 3915 ipse
2761 3847 3004 3916 jumenta
3049 3846 3336 3926 percussit,

113 3924 158 3967 et
186 3917 284 3985 ipse
311 3919 519 3991 plagam
547 3923 847 3986 annuntiat,
877 3929 931 3976 et
969 3922 1114 3976 illam
1141 3921 1477 3992 frequentem
1496 3925 1630 3980 adeo
1670 3941 1734 3983 ac
1771 3930 2083 3987 continuam
2119 3977 2135 4002 ,
2175 3945 2233 3990 ut
2276 3937 2506 3991 auditori
2548 3939 2834 4008 respiratio
2893 3955 3001 3995 non
3067 3922 3340 3996 conceda-

116 4017 206 4064 tur.

171 4103 249 4156 Στ.
286 4105 364 4168 ιζ’.
391 4108 518 4159 Ἔτι
565 4107 778 4161 τούτου
826 4107 1184 4171 λαλοῦντος,
1234 4103 1422 4178 ἦλθεν
1463 4108 1662 4177 ἕτερος

113 4189 352 4260 ἄγγελος,
384 4196 483 4249 καὶ
510 4192 640 4249 εἷπε
682 4197 832 4263 πρὸς
870 4197 1006 4261 Ἰώὸ,
1046 4197 1123 4250 Ὀί
1144 4197 1344 4262 ἱππεῖς
1367 4197 1664 4265 ἐποίησαν

110 4281 230 4347 ἡμῖν
270 4286 534 4354 κεφαλὰς
577 4285 767 4353 τρεῖς,
805 4287 903 4340 καί
954 4288 1313 4341 ἐκύκλωσαν
1339 4287 1445 4342 τὰρ
1472 4289 1662 4345 acami-

107 4373 252 4439 λους,
286 4393 338 4430 κ.
369 4395 419 4430 τ.
442 4377 496 4430 λ.

1838 4116 2006 4171 Vens.
2039 4116 2124 4169 17.
2165 4116 2348 4171 Adhuc
2369 4127 2467 4173 tsto
2495 4118 2749 4188 loquente,
2774 4127 2908 4173 venit
2941 4117 3077 4172 alius
3102 4119 3338 4186 nuntius,

1767 4220 1814 4263 et
1837 4210 1967 4262 dixit
1997 4211 2065 4262 ad
2093 4209 2282 4263 Jobum
2317 4208 2568 4280 :Equites
2593 4201 2826 4279 fecerunt
2839 4211 2985 4265 nobis
3016 4212 3116 4264 tria
3140 4211 3334 4282 capita,

1767 4313 1811 4354 et
1841 4301 2293 4354 circumdederunt
2320 4301 2570 4368 camelos,
2596 4310 2702 4358 etc.

167 4465 417 4536 Διδύμου.
452 4469 528 4521 Τὸ
547 4468 677 4537 γοῦν
709 4469 802 4521 καὶ
834 4470 962 4540 περὶ
1000 4471 1098 4541 τῆς
1131 4471 1347 4541 σφαγῆς
1381 4471 1488 4524 τῶν
1534 4470 1660 4523 παί-

1833 4473 2065 4544 Didymi.
2104 4474 2178 4529 De
2213 4473 2502 4530 liberorum
2565 4491 2696 4532 nece
2753 4478 2960 4544 audire,
3016 4479 3176 4550 idque
3206 4481 3332 4536 forti

107 4551 192 4604 δων
244 4559 489 4619 ἀκοῦσαι.
521 4561 614 4612 καὶ
656 4560 915 4632 ἀνδρείως
941 4563 1205 4630 ἐνεγκεῖν,
1237 4563 1395 4628 τοῦτο
1419 4562 1661 4616 δείκνυσι

107 4644 188 4714 τὴν
217 4649 454 4721 ἀνδρείαν
502 4669 562 4705 τε
614 4651 709 4705 τοῦ
748 4653 957 4706 δικαίου
996 4655 1090 4706 καὶ
1129 4655 1442 4725 καρτερίαν.
1491 4653 1660 4724 Δῆλον

107 4733 166 4800 δὲ,
188 4739 255 4802 ὡς
285 4741 368 4808 ὑφ’
399 4743 457 4796 ἓν
502 4743 678 4797 πάντα
711 4743 922 4812 γέγονε,
967 4745 1102 4816 μηδέ
1147 4745 1496 4799 ἀκουσάντων
1528 4745 1660 4799 υἱῶν

106 4827 162 4878 τὰ
206 4831 596 4904 συμϐεϐηκότα,
651 4836 880 4906 καὶγὰρ
941 4834 1386 4906 ὲσημειώσατοὴ
1444 4837 1652 4908 Γραφὴ,

107 4917 176 4970 ὅτι
212 4923 352 4994 παρὰ
378 4925 457 4996 τῷ
505 4926 860 4999 πρεσϐυτέρῳ
913 4927 1090 4981 αὐτῶν
1136 4927 1347 4997 ἀδελφῷ
1395 4927 1652 4997 ἠρίστων.

107 5009 264 5065 Ταῦτα
291 5017 447 5070 ίκανά
473 5013 542 5088 ἦν
576 5020 656 5082 είς
687 5019 943 5074 ἔκστασιν
970 5021 1198 5088 ἀγαγεῖν
1227 5022 1320 5072 καὶ
1355 5018 1654 5090 θορυϐῆσαι

105 5105 208 5164 τοὺς
233 5107 300 5177 μὴ
328 5107 706 5178 λογιζομένους
747 5110 845 5175 τάς
883 5113 1126 5181 συνεχεῖς
1151 5110 1358 5182 τροπὰς
1385 5109 1492 5162 τῶν
1515 5127 1655 5182 πρα-

103 5195 299 5260 γμάτων
335 5201 428 5252 καὶ
465 5202 795 5267 ἀλλοιώσεις,
835 5205 959 5267 τοὺς
992 5203 1234 5274 συνέχειν
1281 5201 1653 5274 πειρωμένους

101 5285 159 5336 τὰ
186 5288 252 5359 μὴ
273 5290 394 5354 ἴδια,
422 5287 495 5345 ὧν
519 5296 552 5364 ἡ
583 5295 774 5366 κτῆσις
800 5296 1145 5368 λυπηροτέρα
1171 5296 1265 5350 καὶ
1292 5296 1393 5366 τῆς
1430 5295 1654 5367 πρώτης

104 5379 400 5448 στερήσεως.
439 5384 575 5455 Ἤδη
613 5385 722 5456 γάρ
753 5403 897 5450 τινες
919 5387 997 5458 τῷ
1035 5387 1218 5458 ἀθρόῳ
1241 5389 1340 5457 τῆς
1367 5387 1647 5456 μεταπτὼ-

1763 4567 1943 4620 animo
1973 4565 2118 4619 ferre
2145 4606 2159 4629 ,
2190 4565 2322 4636 justi
2356 4566 2720 4622 fortitudinem
2764 4569 3131 4640 invictumque
3173 4573 3335 4626 robur

1765 4661 2011 4707 testatur.
2039 4653 2212 4721 Atque
2263 4653 2449 4709 istltatc
2477 4656 2657 4709 omnia
2708 4654 2825 4711 Jobi
2860 4657 2984 4711 ﬁliis
3021 4659 3331 4725 impruden-

1763 4744 1928 4808 tibus,
1971 4743 2209 4812 nihilque
2264 4744 2578 4808 scieutibus,
2629 4746 2794 4799 simul
2841 4749 3086 4802 evenisse
3130 4749 3334 4805 indicat

1762 4844 1946 4902 aperte
1971 4833 2271 4903 Scriptura,
2300 4849 2420 4887 cum
2453 4835 2592 4904 apud
2649 4835 2869 4891 fratrem
2911 4847 3038 4891 natu
3067 4838 3328 4907 majorem

1757 4927 1881 4982 illos
1915 4926 2196 4996 prandisse
2216 4927 2473 4980 ostendit.
2528 4924 2772 4996 Magnam
2799 4925 2908 4982 vim
2946 4928 3058 4982 hate
3104 4930 3329 4993 habent.

1755 5019 2065 5082 adillurum
2091 5027 2298 5073 mentes
2323 5019 2720 5074 conturbandas
2761 5029 2818 5074 et
2850 5033 3067 5092 stupore
3091 5033 3333 5080 conster-

1756 5111 1990 5176 naudas,
2025 5108 2116 5180 qui
2142 5107 2450 5178 frequentes
2482 5124 2665 5164 rerum
2712 5113 3069 5166 humanarum
3096 5129 3331 5170 conver-

1754 5203 1938 5259 siones
1959 5210 2016 5258 et
2043 5201 2371 5255 mutationes
2406 5200 2628 5257 minime
2656 5203 3020 5270 meditantur;
3043 5207 3132 5275 qui
3163 5207 3328 5264 bona.

1753 5311 1873 5366 quae
1903 5310 1998 5350 sua
2034 5308 2138 5347 non
2165 5291 2608 5356 sunt,corradere
2639 5303 2925 5359 conantur,
2955 5311 3186 5365 quorum
3215 5308 3333 5351 m0-

1755 5384 1937 5437 lestior
1959 5379 2100 5437 solet
2133 5393 2252 5434 esse
2281 5381 2572 5449 possessio,
2619 5396 2781 5450 quam
2829 5382 3060 5452 privatio
3085 5385 3153 5439 ab
3176 5385 3328 5440 initio

103 5481 217 5531 σεως
241 5475 753 5547 προσομιλήσαντες,
797 5481 892 5532 καὶ
919 5479 1048 5549 περὶ
1083 5478 1244 5532 αὐτὸν
1278 5480 1368 5532 τὸν
1399 5478 1650 5549 σώφρονα

1822 5475 1876 5530 it.
1912 5473 2185 5528 Hactenus
2209 5471 2353 5525 enim
2401 5470 2644 5525 nonnulli
2684 5471 2738 5526 in
2789 5473 2967 5526 subita
2997 5488 3176 5527 rerum
3203 5489 3324 5529 mu-

99 5559 203 5612 νοῦν
229 5564 614 5632 ἐκινδύνευσαν,
639 5570 889 5624 τοσοῦτον
917 5571 1131 5633 ἁλόντες
1159 5571 1265 5623 ὑπὸ
1293 5570 1386 5625 τοῦ
1423 5571 1649 5634 πάθους,

99 5648 202 5702 ὅσον
222 5655 309 5707 καὶ
331 5659 622 5732 ἠγάπησαν
643 5663 708 5716 τὰ
737 5663 926 5732 μίσους
946 5662 1072 5729 ἀξια
1100 5662 1192 5715 καὶ
1214 5663 1412 5730 φυγῆςο
1446 5663 1652 5732 Μετρεῖ

99 5741 192 5812 ’τὰρ
225 5748 396 5813 αὐτοῖς
430 5755 527 5809 ‘t’rv
581 5755 839 5826 ἀθυμίαν,
892 5757 988 5827 τῆς
1053 5754 1250 5825 πολλῆς
1283 5754 1542 5824 εὐθυμίας
1588 5753 1650 5807 τὸ

1755 5566 1956 5619 talione
1985 5570 2286 5625 versantes,
2308 5577 2456 5618 same
2482 5561 2678 5618 mentis
2721 5561 3020 5632 periculum
3053 5562 3322 5629 adierunt,

1752 5669 1805 5711 et
1839 5655 2236 5727 perturbationi
2270 5655 2433 5708 animi
2489 5665 2699 5709 tantum
2753 5661 3054 5720 cesserunt,
3091 5661 3150 5707 ttt
3201 5669 3323 5724 qua:

1753 5751 1877 5808 odio
1904 5766 1964 5806 ac
1992 5750 2110 5822 luga
2146 5749 2308 5819 digna
2373 5756 2549 5815 erant,
2586 5747 2926 5814 adamariut;
2960 5747 3324 5816 tranquillitas
