3738 6312
416 319 555 376 “27

1641 311 1874 368 DlDYMl
1915 312 2381 368 ALEXANDRINI

3509 309 3621 363 Ηεὸ

413 439 559 495 enim
588 435 749 497 nullis
775 432 1028 490 aarumnis
1070 432 1330 496 exercita,
1391 427 1602 484 illorum
1645 431 1970 484 anxietatem

2096 431 2451 485 ὶϐασάνιστον.
2482 427 2554 482 Τὸ
2579 428 2684 499 γὰρ
2722 425 2795 498 μὴ
2817 424 2952 497 πρὸς
2983 423 3175 494 κτῆσιν
3211 422 3386 484 ἐλθδν,
3433 425 3524 478 καὶ
3555 425 3624 478 λύ-

414 528 655 584 rnetitur.
680 524 946 579 Bonorum
968 523 1111 578 enim
1140 521 1529 592 possessionem
1581 535 1688 574 non
1728 521 1971 589 adipisci,

417 619 691 674 tristitiam
715 616 966 670 comitem
1000 629 1105 668 non
1145 615 1426 684 agnoscit;
1463 613 1851 680 experientiam
1883 627 1979 664 an-

421 722 527 765 tem
563 724 746 765 eorum
783 706 947 762 semel
1008 706 1279 770 habuisse,
1334 714 1624 772 antequam
1651 703 1972 772 eripiantur,

417 811 620 858 metum
649 815 772 855 cum
839 798 1248 868 perturbatione
1303 797 1651 865 coniunctum
1714 795 1896 862 habet,
1925 805 1980 849 et

419 903 699 964 postquam
755 899 937 958 erepta
1003 887 1225 949 fuerint,
1283 888 1495 942 dotores
1548 888 1771 941 acerbos
1796 902 1976 941 secum

418 984 575 1039 aliert
597 1024 612 1050 ,
643 982 905 1052 siquidem
948 980 1310 1049 tranquillitas
1345 977 1581 1041 ellrenis,
1605 990 1660 1033 et
1689 994 1839 1032 mens
1861 992 1980 1046 qua:

418 1075 696 1144 disciplina
723 1073 884 1130 imbui
920 1073 1122 1140 nequit,
1157 1071 1476 1125 miserrimis
1509 1070 1981 1124 lamentationibus

420 1167 727 1235 corripitur.
764 1163 910 1218 Talis
973 1178 1306 1232 nequaquam
1352 1161 1450 1215 fuit
1522 1161 1744 1229 insignis
1793 1159 1978 1223 Jobus,

420 1255 575 1319 illud,
608 1256 845 1323 inquam,
885 1252 1137 1307 eximium
1198 1251 1495 1306 tolerantia:
1559 1249 1983 1317 constantiaeque

419 1347 710 1413 peculium,
743 1358 952 1398 summa
989 1343 1074 1395 illa
1131 1341 1461 1395 fortitudinis
1518 1340 1804 1406 absolutio,
1848 1339 1978 1394 illud

421 1437 632 1507 pietatis
693 1444 872 1503 caput,
918 1443 972 1486 et
1012 1432 1364 1502 philosophiae
1434 1446 1613 1484 rarum
1667 1430 1982 1496 exemplar:

425 1527 868 1597 tranquillitatem
896 1526 1039 1580 cuitu
1082 1524 1392 1592 prudenter,
1419 1519 1985 1575 etcalamitatcmfor-

426 1622 554 1675 titer
621 1619 762 1674 ferre
820 1625 1070 1689 noverat;
1143 1615 1528 1683 philosophiam
1560 1613 1701 1666 enim
1727 1621 1780 1664 et
1803 1625 1987 1678 aequa-

426 1710 742 1772 nimitatem,
767 1722 869 1777 qua
933 1706 1081 1772 prius
1125 1705 1358 1758 intbuttts
1408 1711 1548 1765 erat,
1610 1714 1727 1768 quae
1795 1698 1988 1753 deinde

2079 539 2188 590 πης
2215 523 2360 575 ἐστὶν
2393 520 2716 588 ἀπείρατον·
2764 517 2824 570 τὸ
2845 517 2901 570 δὲ
2925 519 2982 568 ἐν
3009 514 3174 586 πείρᾳ
3211 514 3521 584 γενόμενον.
3552 520 3624 570 καὶ

2079 610 2187 680 πρὸ
2207 609 2302 678 τῆς
2331 609 2633 678 στερήσεως
2676 605 2919 658 σύνοικον
2975 602 3086 672 ἔχει
3116 600 3207 653 τὸν
3236 600 3399 670 φόϐον
3434 599 3525 651 τοῦ
3547 602 3625 653 πάρ

2080 699 2223 762 θους,
2251 699 2342 750 καὶ
2369 697 2505 768 μετὰ
2534 696 2632 766 τὴν
2670 695 2922 765 στέρησιν
2950 692 3198 765 δριμείας
3235 690 3391 759 φέρει
3415 689 3512 751 τάς
3534 689 3626 741 ὀδύ-

2079 808 2196 854 νας.
2235 789 2479 858 Εὐθυμία
2514 787 2624 858 γάρ
2663 785 3010 856 άχαλίνωτος,
3054 784 3150 836 καὶ
3185 780 3311 842 νοῦς
3341 778 3624 846 ἀπαιδαγὼ-

2079 899 2263 953 γητος,
2315 879 2642 940 τελευταίοις
2673 877 2949 930 ἁλίσκεται
3008 873 3248 946 θρήνοις.
3293 869 3433 923 ’Δλλ’
3469 867 3530 920 οὐ
3552 884 3628 920 zm-

2079 973 2234 1036 οὗτος
2256 969 2322 1040 ἦν
2369 969 2488 1023 Ἰὼϐ
2532 971 2562 1022 ὁ
2600 969 2859 1038 ἀοίδιμος,
2907 966 3006 1036 τῆς
3035 961 3330 1034 καρτερίας
3367 960 3430 1012 τὺ
3460 959 3629 1028 θαυμα-

2084 1065 2208 1118 στὸν
2236 1063 2442 1134 χρῆμα,
2479 1061 2577 1130 τῆς
2609 1059 2858 1130 ἀνδρείας
2886 1059 2915 1110 ὁ
2942 1056 3240 1125 ἀκρότατος
3295 1053 3442 1120 ὅρος,
3474 1049 3532 1100 τὸ
3556 1051 3629 1118 τῆς

2082 1154 2359 1216 εὐσεϐείας
2388 1151 2695 1220 κεφάλαιον.
2737 1149 2836 1219 τῆς
2864 1145 3177 1215 φιλοσοφίας
3211 1143 3273 1196 τὸ
3309 1142 3454 1212 μέγα
3483 1142 3630 1208 παράο

2081 1241 2503 1312 δειγμα.Φέρειν
2527 1237 2637 1309 γὰρ
2660 1233 2790 1293 οἶδε.
2817 1235 2913 1288 καὶ
2937 1232 3202 1302 εὐθυμίαν
3228 1228 3539 1299 σωφρόνως,
3561 1229 3631 1278 καὶ

2086 1335 2368 1404 συμφοράν
2407 1331 2686 1400 γενναίως.
2739 1329 2805 1381 Ἢ
2855 1327 2966 1398 γάρ
2997 1322 3348 1396 προλαϐοῦσα
3376 1319 3630 1388 φιλοσοφία

2083 1428 2202 1486 ταῖς
2228 1424 2362 1494 μετὰ
2383 1422 2554 1474 ταῦτα
2591 1420 2826 1490 πληγαῖς
2852 1415 3105 1486 οὐδαμῶς
3126 1413 3509 1480 ἀπελέγχεται.
3533 1409 3629 1470 Πῶς

2085 1517 2129 1570 δ’
2161 1516 2225 1568 ἂν
2259 1515 2352 1567 καὶ
2374 1513 2588 1581 ἐγένετο
2608 1511 2668 1563 τὸ
2699 1496 2867 1571 πάθος
2900 1505 3169 1577 άφδρητον
3189 1503 3268 1573 τῷ
3310 1500 3383 1553 τὰ
3415 1500 3532 1552 θεῖα
3555 1515 3632 1550 πο

2087 1607 2276 1660 παιδευ
2286 1607 2448 1677 μένῳ,
2470 1605 2565 1657 καὶ
2593 1600 2992 1674 προασκηθέντι
3012 1587 3192 1660 καλῶς
3219 1595 3320 1664 τὴν
3350 1590 3630 1652 εὐσέϐειαν;

2099 1700 2158 1752 '0
2185 1698 2293 1768 γὰρ
2321 1697 2410 1749 τὸν
2441 1694 2666 1747 πλοῦτον
2698 1691 2874 1745 κοινὸν
2905 1689 3048 1760 ἔχειν
3064 1683 3516 1753 πεπαιδευμένος,
3543 1683 3634 1741 ni;

428 1809 716 1856 consecuta
752 1807 875 1852 sunt
925 1796 1168 1858 vulnera,
1225 1793 1442 1847 minime
1509 1790 1825 1843 refutarunt.
1872 1789 1985 1854 Qua

2096 1791 2354 1850 δαπάναις
2385 1786 2493 1839 τῶν
2520 1785 2788 1855 δεομένων
2813 1783 3051 1845 πλουτεῖ,
3104 1779 3198 1832 καὶ
3227 1777 3331 1830 οὐκ
3361 1773 3633 1827 εὐλαϐεῖται

427 1893 569 1944 enim
620 1889 848 1952 ratione,
907 1884 1108 1940 homini
1158 1883 1459 1936 divinarum
1495 1893 1670 1931 rerum
1705 1877 1988 1944 disciplina

427 1979 660 2044 exculto,
691 1989 849 2044 atque
873 1976 937 2029 ad
963 1976 1212 2043 pietatem
1248 1982 1403 2024 antea
1430 1971 1698 2031 instituto,
1733 1969 1988 2022 intolera-

425 2070 550 2124 bilis
575 2084 814 2122 :ernmna
849 2067 935 2120 illa
968 2065 1134 2118 videri
1173 2061 1426 2131 poterat?
1477 2060 1569 2129 qui
1610 2060 1750 2113 enim
1781 2058 1987 2125 didicit,

429 2162 643 2216 divitias
672 2173 983 2212 communes
1004 2156 1219 2218 habere,
1253 2161 1500 2222 sumptus
1522 2151 1764 2204 faciendo
1792 2150 1842 2202 in
1867 2165 1990 2218 ege-

430 2265 528 2304 nos
553 2248 793 2313 ditescit,
825 2261 920 2300 nec
960 2239 1266 2300 divitiartim
1325 2230 1594 2311 iacturam
1642 2240 1986 2294 reformidat:

428 2353 595 2407 quare
639 2351 738 2389 nec
765 2337 830 2388 ab
869 2333 975 2388 illis
1007 2331 1242 2387 divulsus
1269 2345 1413 2400 aegre
1447 2330 1569 2393 fert,
1597 2329 1689 2383 sed
1717 2327 1992 2382 calamita-

431 2439 534 2480 tem
565 2425 911 2496 philosopbize
963 2430 1018 2475 et
1085 2418 1500 2490 a'quanimitatis
1547 2431 1766 2471 causam
1815 2415 1993 2484 potius

429 2517 596 2582 facit;
635 2519 794 2570 rebus
829 2512 1098 2584 prosperis
1122 2550 1137 2573 ,
1171 2524 1379 2562 morum
1426 2507 1686 2560 modestia
1714 2521 1810 2574 pro
1841 2505 1993 2560 freno

427 2618 529 2670 εει,
554 2617 608 2660 et
640 2605 883 2660 adversis
917 2618 975 2657 se
1009 2601 1180 2670 frangi
1212 2609 1267 2654 et
1288 2601 1478 2653 cedere
1509 2613 1614 2651 non
1643 2597 1792 2662 sinit,
1811 2607 1995 2664 utpote

427 2699 518 2769 qui
559 2698 737 2750 divino
767 2695 1014 2764 pralsidio
1044 2701 1226 2762 scptns
1275 2691 1366 2744 sit.
1402 2688 1559 2742 Novit
1601 2689 1742 2742 enim
1785 2699 1994 2742 utrum-

427 2806 530 2859 que
553 2799 748 2843 statum
776 2786 1110 2856 philosophia
1138 2781 1430 2843 moderari,
1463 2781 1604 2835 unde
1647 2796 1746 2835 nec
1782 2782 1992 2850 magni-

431 2882 642 2935 ficentia
677 2880 742 2933 ad
779 2878 1028 2948 injuriant
1083 2876 1343 2938 abutitur,
1409 2873 1800 2944 philos0pltiatu
1852 2875 1998 2927 enitr.

429 2972 688 3040 possidet,
708 2984 880 3037 neque
898 2981 1257 3021 aerumnarum
1287 2965 1518 3034 procella
1538 2964 1804 3028 obruitur,
1830 2963 1994 3016 animi

429 3063 572 3117 enim
605 3061 944 3115 tolerantiam
973 3066 1214 3122 exercet,
1268 3069 1320 3111 et
1377 3057 1592 3124 maligni
1641 3056 1865 3109 tentatio
1913 3055 1996 3107 via

433 3155 506 3208 illi
538 3155 603 3207 ad
644 3155 869 3207 salutem
904 3152 978 3203 lit.
1027 3149 1292 3216 Deceptus
1328 3148 1490 3217 igitur
1520 3158 1602 3201 est
1633 3146 1994 3211 adversarius,
2026 3146 2065 3168 “

436 3247 524 3314 qui
553 3243 687 3299 Jobo
709 3245 773 3297 ad
799 3244 1058 3298 bonorum
1120 3241 1513 3309 possessionem
1545 3240 1686 3292 viam
1720 3238 1996 3308 patefecit,

431 3337 559 3407 quia
590 3337 798 3406 eripere
828 3336 872 3388 ei
912 3338 962 3387 in
991 3334 1172 3387 animo
1213 3331 1440 3386 habuit:
1499 3345 1666 3401 quare
1724 3338 1777 3384 et
1801 3328 1995 3398 conjux

433 3429 686 3483 insidiosa
723 3427 1062 3497 obiurgator,
1089 3434 1141 3478 et
1167 3424 1458 3478 liberorum
1478 3423 1716 3476 omniurn
1749 3421 1998 3476 interitus

435 3523 687 3592 pietatem
725 3520 944 3573 minime
976 3516 1147 3581 lmtlit,
1176 3531 1272 3570 nec
1306 3516 1442 3585 ignis
1497 3529 1659 3567 ruens
1684 3527 1714 3567 e
1753 3512 1890 3566 caelo
1933 3509 2001 3564 de

433 3629 530 3668 suo
560 3622 697 3666 statu
722 3621 975 3673 mentem,
1002 3608 1094 3663 Dei
1126 3607 1386 3662 beneficio
1413 3617 1702 3670 servatam,
1723 3603 1993 3659 deturbat:

435 3722 534 3760 nec
571 3707 877 3773 frequentes
933 3701 1196 3757 malorum
1250 3699 1446 3763 nuntii,
1505 3706 1559 3752 et
1612 3698 1702 3767 qui
1768 3695 2004 3764 undique

434 3800 862 3854 exaudiebantur
921 3794 1172 3863 eiulatus,
1232 3791 1594 3848 constantiam
1652 3788 1999 3843 labefactant.

434 3890 566 3944 Nam
601 3889 689 3959 qtti
722 3889 830 3942 Deo
869 3888 1035 3939 utitur
1070 3883 1433 3948 familiariter,
1496 3895 1580 3936 res
1636 3888 1921 3933 terrestres
1946 3886 2002 3933 et.

435 3980 810 4050 corruptibiles
835 3979 980 4047 parvi
1013 3977 1218 4046 pendit,
1253 3985 1507 4044 tantoque
1535 3972 1752 4043 propius
1791 3972 1856 4025 ad
1911 3985 2001 4024 su-

433 4089 597 4145 perna
628 4082 682 4127 et
712 4072 815 4126 fixa
845 4073 980 4126 bona
1015 4069 1264 4133 accedit,
1297 4077 1497 4136 quanto
1546 4066 1614 4120 ab
1662 4065 1747 4119 his
1785 4062 2003 4119 caducis

437 4166 650 4236 longius
670 4164 841 4217 abest.
884 4159 1147 4228 Nequitize
1178 4160 1319 4213 enim
1376 4157 1622 4225 Spiritus,
1664 4164 1718 4208 et
1747 4151 2002 4208 concitati

438 4259 648 4324 fluctus,
672 4255 875 4323 justam
909 4262 1138 4306 utentem
1170 4252 1520 4320 submergere
1572 4264 1676 4302 non
1725 4253 2000 4316 poterant;

441 4350 582 4403 Deus
629 4347 772 4402 enim
826 4343 1118 4400 calamitati
1171 4343 1386 4396 modum
1453 4349 1719 4404 statuens,
1753 4335 2001 4403 praesidio

2089 1883 2188 1954 τὴν
2231 1881 2520 1950 στέρησινο
2559 1876 2640 1929 διὸ
2683 1876 2778 1929 καί¹
2809 1872 3174 1942 ἀφιστάμενος
3204 1869 3264 1921 οὐ
3300 1865 3634 1934 δυσχεραίνει,

2091 1970 2407 2040 φιλοσοφίας
2458 1969 2513 2021 δὲ
2543 1967 2740 2039 μᾶλλον
2773 1964 3026 2034 ἀφορμὴν
3057 1961 3118 2014 τὸ
3147 1959 3319 2021 πάθος
3353 1956 3634 2020 πεποίηται,

2093 2064 2184 2116 καὶ
2219 2064 2329 2124 τοῖς
2357 2061 2599 2130 φαιδροῖς
2627 2057 2841 2129 χαλινὸν
2876 2054 3137 2115 ἐπιτιθεὶς
3162 2051 3256 2105 τού
3289 2049 3458 2120 ηθους
3481 2046 3536 2099 τὸ

2092 2168 2260 2223 τριον,
2294 2151 2386 2204 καὶ
2431 2151 2541 2211 τοῖς
2565 2148 2826 2219 λυπηροῖς
2868 2145 3036 2196 εῖκειν
3073 2140 3172 2194 οὐκ
3202 2139 3548 2208 ἀνεχόμενος,
3569 2129 3638 2186 οἷα

2091 2248 2185 2299 καὶ
2225 2243 2625 2316 φρουρούμενος
2657 2239 2882 2295 ἀνωθεν.
2911 2233 3030 2290 Οἵδε
3065 2233 3174 2305 γάρ
3216 2229 3510 2302 φιλοσοφία
3531 2227 3638 2296 πρὶς

2094 2338 2361 2408 ἑκατέραν
2395 2333 2692 2405 μεταϐολὴν
2731 2331 3057 2402 σωφρονεῖν
3117 2325 3240 2379 ὅθεν
3267 2322 3394 2376 οὔτε
3421 2323 3535 2382 ταῖς
3559 2335 3637 2369 πο-

2093 2429 2386 2492 λυτελείαις
2420 2427 2670 2497 ἐξύϐρισε
2705 2423 2804 2496 [ῖσ.
2839 2418 3131 2493 ἐξυϐρίζει]
3161 2417 3411 2488 (πλουτεῖ
3452 2411 3551 2482 γὰρ
3573 2428 3640 2477 φιο

2093 2519 2367 2589 λοσοφίαν)
2395 2557 2412 2581 ,
2467 2515 2591 2570 οὔτε
2667 2511 3128 2573 καταϐαπτίζεται
3177 2507 3301 2567 ταῖς
3367 2501 3640 2572 συμφορή

2097 2613 2278 2683 (ἀσκεῖ
2307 2608 2418 2679 γὰρ
2448 2607 2544 2677 τὴν
2575 2603 2916 2677 καρτερίαν),
2958 2602 3052 2654 καὶ
3082 2599 3290 2668 γίνεται
3320 2594 3470 2664 αὐτῷ
3499 2607 3641 2655 σωτη-

2099 2681 2220 2773 ρίας
2247 2701 2361 2763 ὁδὸς
2388 2701 2421 2769 ἡ
2445 2697 2539 2750 τοῦ
2575 2695 2844 2766 βασκάνου
2886 2695 3072 2762 πεῖρα.
3105 2688 3304 2742 Ἕλαθε
3349 2685 3460 2754 γάρ
3484 2681 3641 2735 ἑαυτὸν

2096 2797 2124 2848 ὁ
2155 2793 2433 2863 πολέμιος,
2485 2789 2693 2842 ἐκεῖθεν
2744 2784 3002 2840 ὁδοποιῶν
3030 2783 3176 2852 αὐτῷ
3203 2781 3342 2850 πρὸς
3359 2779 3459 2848 τὴν
3480 2773 3641 2841 usi-51V

2097 2885 2202 2944 τῶν
2226 2883 2466 2952 ἀγαθῶν,
2497 2881 2620 2934 ὅθεν
2645 2879 2783 2930 ἑλεῖν
2805 2876 2965 2930 αὐτὰν
2994 2872 3386 2945 προσεδόκησε·
3439 2866 3523 2918 διὰ
3543 2862 3633 2915 τοῦ

2097 2993 2159 3029 το
2203 2976 2296 3028 καὶ
2331 2974 2572 3034 σύνοικος
2593 2966 3016 3022 ἐπιϐουλεύουσα
3041 2961 3397 3031 διελέγχεται,
3423 2957 3514 3010 καὶ
3539 2955 3623 3006 sui

2097 3065 2202 3118 δων
2246 3059 2568 3130 πανολεθρία
2612 3058 2713 3128 τὴν
2765 3053 3043 3109 εὐσέϐειαν
3078 3052 3138 3105 οὐ
3177 3049 3514 3119 λυμαίνεται,
3568 3044 3643 3096 καὶ

2101 3155 2212 3228 πῦρ
2237 3155 2356 3226 ῥέον
2395 3153 2487 3205 ἀπ’
2511 3146 2736 3220 οὐρανοῦ
2767 3147 2864 3217 τὴν
2894 3145 3127 3200 διάνοιαν
3149 3143 3208 3194 οὐ
3242 3135 3642 3210 παρακρούεται,

2103 3246 2413 3316 σωζομένην
2442 3242 2546 3296 ὑπὸ
2598 3240 2769 3294 θεοῦ·
2800 3239 2894 3292 καὶ
2935 3238 2991 3289 αἱ
3037 3236 3278 3303 συνεχεῖς
3331 3231 3441 3283 τῶν
3485 3225 3644 3280 κακῶν

2101 3337 2374 3407 ἀγγελίαι.
2398 3335 2492 3388 καὶ
2524 3335 2579 3387 αί
2608 3330 2942 3400 πανταχόθεν
2963 3327 3200 3399 οίμωγαὶ
3230 3324 3333 3395 τὴν
3377 3319 3644 3390 καρτερίαν

2101 3429 2162 3482 οὐ
2217 3425 2520 3481 σαλεύουσι.
2579 3424 2694 3486 Πᾶς
2739 3421 2849 3492 γὰρ
2891 3419 3010 3489 Θεῴ
3060 3413 3444 3489 προσομιλῶν,
3499 3408 3645 3480 μικρᾶ

2098 3517 2370 3590 φροντίζει
2419 3516 2527 3570 τῶν
2581 3515 2731 3568 κάτω
2789 3513 2882 3566 καὶ
2909 3508 3298 3583 φθειρομένων.
3342 3499 3643 3570 Τοσούτῳδὲ

2099 3609 2298 3680 μᾶλλον
2322 3607 2612 3661 οίκειοῦται
2633 3608 2748 3667 τοῖς
2795 3604 2908 3658 ἄνω
2945 3602 3039 3655 καὶ
3087 3599 3362 3670 μένουσιν,
3419 3595 3522 3663 ὅσῳ
3565 3591 3643 3643 κατ

2093 3679 2201 3752 τῶν
2231 3697 2513 3768 παρόντων
2533 3693 2840 3748 ἐλαύνεται.
2864 3685 2938 3746 Τὸ
2963 3691 3072 3762 γάρ
3100 3690 3196 3760 τῆς
3229 3685 3488 3758 πονηρίας
3515 3679 3642 3735 ττνεῦ-

2101 3807 2196 3861 μα,
2221 3790 2316 3842 καὶ
2359 3789 2392 3858 ἡ
2428 3787 2521 3840 τοῦ
2548 3786 2813 3848 κλύδωνος
2862 3782 3249 3844 ἐπανάστασις,
3305 3777 3514 3831 δικαίαν
3559 3772 3644 3824 οὐκ

2097 3878 2205 3934 οἶδε
2237 3879 2640 3933 καταϐλάπτειν
2675 3876 2774 3948 [ίσ.
2807 3869 3198 3942 καταϐάπτειν]
3219 3869 3433 3940 ψυχήν·
3472 3861 3645 3934 sor/s5-

2105 3985 2186 4040 ρει
2210 3969 2318 4038 γάρ
2340 3967 2507 4037 αὐτὴν
2555 3969 2582 4020 ὁ
2612 3965 2764 4028 Θεὸς,
2822 3963 3093 4036 μετρήσας
3118 3961 3217 4030 τὴν
3262 3955 3535 4026 συμφοράν
3553 3969 3565 3980 ·
3585 3950 3643 4000 τὰ

2106 4057 2204 4127 μὲν
2235 4059 2334 4110 ὅσα
2368 4057 2496 4128 περὶ
2524 4055 2712 4125 αὐτὴν,
2737 4053 2814 4124 τῷ
2843 4052 3152 4124 πειράζοντι
3189 4048 3555 4117 συγχωρήσας.
3577 4042 3644 4099 εἰς

2103 4149 2321 4220 ἕλεγιιον
2344 4147 2617 4218 σώφρονος
2637 4143 2919 4216 λογισμοῦ,
2946 4143 3035 4195 τον
3055 4142 3111 4194 δὲ
3135 4139 3260 4193 νοῦν
3291 4136 3472 4204 ἀπαθῆ
3503 4132 3643 4203 φυλε-

2105 4239 2220 4305 ξας,
2251 4233 2295 4308 ᾧ
2353 4238 2446 4292 καὶ
2481 4237 2737 4308 πολεμεῖν
2793 4234 3035 4306 ἔμελλεν.
3067 4226 3110 4300 ᾧ
3144 4232 3236 4285 καὶ
3285 4225 3643 4300 παραταξάμε-

2105 4349 2212 4396 νος,
2246 4331 2354 4385 τῶν
2380 4330 2648 4384 τοσούτων
2676 4329 2950 4402 τροπαίων
2979 4327 3300 4396 ἐκράτησεν.

437 4443 486 4496 ei
519 4441 655 4496 fuit:
689 4439 802 4508 qui,
831 4437 955 4492 licet
1024 4445 1245 4491 externa
1313 4433 1491 4488 omnia
1568 4431 1819 4486 tentatori
1886 4427 2210 4499 permiserit,
2260 4436 2318 4480 ut
2361 4425 2479 4481 Jobi
2531 4422 2866 4493 prudentiam
2915 4429 2969 4474 et
3030 4418 3192 4470 animi
3257 4410 3643 4469 moderationem

435 4529 760 4591 ostenderet,
788 4534 1021 4580 mentem
1059 4534 1258 4588 tamen,
1306 4536 1466 4588 quam
1536 4521 1588 4574 in
1626 4519 1796 4574 aciem
1826 4521 1890 4572 ad
1922 4514 2224 4570 bellandum
2261 4513 2528 4576 produxit,
2584 4519 2640 4566 et
2701 4525 2796 4580 per
2857 4523 3016 4578 quam
3060 4514 3140 4560 tot
3183 4513 3438 4572 tantaque
3472 4511 3643 4568 tropa:

438 4619 751 4691 reportavit,
785 4617 1046 4672 illibatam
1077 4626 1132 4670 et
1162 4615 1419 4668 intactam
1460 4611 1715 4667 servavit.

507 4710 782 4772 Vsus.18,
819 4709 904 4763 19.
949 4707 1129 4760 Adhuc
1153 4707 1251 4758 isto
1293 4705 1550 4775 loquente,
1597 4702 1734 4756 alius
1789 4701 1998 4754 nuntius
2033 4703 2076 4756 ι)

434 4807 592 4869 venit,
621 4802 794 4856 dicens
813 4799 984 4853 Jobo:
1021 4795 1066 4850 F
1070 4796 1176 4851 iliis
1204 4798 1331 4862 tuis,
1367 4805 1470 4850 etc.

506 4993 739 5062 Didymi.
778 4989 892 5044 Non
925 4989 1121 5043 frustra
1172 4986 1299 5041 illud
1343 4985 1580 5051 additur,
1611 4984 1739 5053 ﬁliis
1771 4993 1821 5038 et
1853 4984 1995 5054 ﬁlia-

438 5088 534 5141 bus
557 5086 661 5140 tuis
687 5084 954 5139 edentibus
1003 5098 1065 5134 ac
1121 5081 1430 5143 bibentibus,
1467 5093 1651 5132 verum
1705 5079 1772 5131 ad
1802 5093 2003 5148 augen-

439 5180 562 5231 dam
599 5175 897 5228 molestiam
927 5172 1168 5228 diabolns
1197 5172 1249 5226 id
1284 5171 1524 5233 molitur,
1556 5179 1614 5223 ut
1653 5185 1858 5232 rerum,
1882 5185 2000 5238 qua:

439 5275 738 5320 consecuta:
774 5272 918 5326 sunt,
951 5271 1105 5319 atrox
1139 5262 1376 5316 narratio
1413 5262 1650 5316 dolorem
1677 5261 1825 5331 justo
1848 5260 2006 5314 affer-

441 5363 526 5409 ret
581 5352 968 5407 incredibilem.
1031 5350 1088 5405 Si
1143 5351 1310 5415 enim,
1352 5350 1748 5405 dormientibus
1797 5350 2001 5415 liberis,

443 5447 545 5500 hoc
578 5443 870 5507 evenisset,
922 5443 1100 5504 ruina,
1133 5454 1253 5510 qute
1290 5441 1408 5494 sine
1459 5455 1618 5495 sensu
1673 5440 1791 5504 fuit,
1823 5441 2004 5494 minus

439 5535 558 5591 Jobi
589 5535 826 5588 animum
856 5533 1184 5587 cruciasset:
1217 5532 1432 5586 additur
1478 5547 1606 5585 vero
1632 5531 1782 5595 illud,
1804 5531 2000 5594 subito,

439 5637 494 5681 et
521 5625 799 5696 emphasin
823 5625 1000 5688 habet,
1025 5633 1080 5676 ut
1109 5622 1391 5691 signiﬁcet,
1426 5638 1536 5677 rem
1581 5624 1652 5677 ita
1689 5623 1998 5694 contigisse,

445 5726 505 5774 ut
525 5717 722 5773 nemini
745 5715 1001 5771 evadendi
1027 5713 1254 5770 facultas
1279 5713 1350 5767 sit
1373 5727 1650 5769 concessa.

2177 4691 2264 4743 Στ.
2303 4707 2356 4758 ιη
2379 4729 2393 4752 ,
2423 4687 2506 4741 ιϐ’.
2559 4689 2697 4758 Ἔτι.
2737 4687 2951 4758 τούτου
2976 4682 3340 4758 λῳίοῦζζος,
3367 4675 3644 4758 ἀέλσςᾶἶκ

2106 4763 2282 4831 γεῖος
2329 4750 2580 4827 ἔρχεται,
2628 4755 2820 4824 λέγων
2851 4753 2929 4818 τῷ
2975 4753 3120 4815 Ἰὼϐ,
3185 4750 3310 4805 Τῶν
3360 4750 3496 4802 υἱῶν
3523 4761 3644 4804 σου,

2105 4829 2158 4886 κ.
2188 4847 2238 4882 τ.
2269 4829 2319 4881 λ.

2175 4899 2448 4967 Διδύμου.
2473 4895 2548 4949 Οὐ
2583 4895 2757 4966 μάτην
2782 4892 3100 4964 πρόσκειται
3127 4889 3209 4950 τὸ,
3238 4888 3361 4943 Τῶν
3385 4888 3518 4943 υἱῶν
3541 4899 3642 4938 σευ

2106 4992 2202 5046 καί
2222 4990 2340 5044 τῶν
2360 4987 2694 5058 θυγατέρων
2720 4987 3042 5040 ἐσθιόντων
3074 4983 3172 5036 καί
3200 4984 3507 5048 πινόντων,
3529 4979 3642 5032 ὣλά

2109 5084 2244 5156 πρὸς
2278 5082 2524 5135 ἐπίτασιν
2569 5079 2772 5142 ἀνοίας,
2831 5078 2923 5130 καὶ
2952 5076 3109 5128 τοῦτο
3137 5074 3228 5127 τοῦ
3257 5074 3496 5127 διαϐόλου
3531 5088 3640 5140 πρα-

2108 5171 2537 5244 γματευομένου,
2583 5170 2669 5222 ἵνα
2717 5170 2752 5239 ἡ
2797 5167 2907 5221 τῶν
2955 5166 3339 5236 γεγενημένων
3383 5163 3644 5232 ἐπαγγελία

2103 5266 2295 5335 βαρεῖα
2323 5263 2606 5333 γενομένη,
2635 5261 2809 5332 λύπην
2840 5259 3278 5331 ὑπερϐάλλουσαν
3307 5257 3386 5329 τῷ
3405 5257 3530 5325 ἁγίῳ
3555 5255 3642 5321 ἐμ-

2104 5357 2323 5425 ποῖήσῃ.
2350 5352 2722 5423 Κοιμωμένων
2766 5352 2873 5422 γὰρ
2901 5351 3009 5403 τῶν
3047 5351 3260 5402 τέκνων
3293 5351 3341 5402 εί
3373 5347 3563 5415 συνέϐη,
3584 5345 3642 5394 τὸ

2101 5446 2199 5515 τῆς
2235 5442 2494 5506 πτώσεως
2543 5442 2934 5513 ἀνεπαίσθητον
2963 5441 3330 5512 λογιζόμενος,
3365 5440 3455 5509 οὐχ
3495 5438 3644 5494 οὔτως

2099 5536 2329 5605 ἡνιάτοο
2386 5533 2704 5602 πρόσκειται
2755 5533 2811 5586 δὲ
2863 5533 2943 5595 τὸ,
2990 5532 3304 5600 ἐξαίφνης,
3347 5527 3642 5600 ἐμφαπικίιν

2099 5626 2192 5680 τοῦ
2221 5626 2293 5695 μὴ
2316 5623 2574 5678 δύνασθαί
2598 5642 2716 5678 τινα
2743 5624 3042 5694 διαδρᾶναι,
3077 5623 3220 5676 οὕτω
3246 5623 3523 5694 συμϐάντος
3554 5617 3642 5669 :03

2104 5715 2445 5787 πράγματος.
