3738 6358
188 439 295 499 “9.9

1383 423 1798 480 FRAGMENTA
1841 423 1908 478 IN
1948 424 2085 479 JOB.

3219 417 3356 474 1150

239 550 364 606 ΚΕΦ.
384 546 448 605 Β¹,
470 558 550 598 στ.
579 539 652 605 ς’.
701 539 845 597 Eine
871 542 940 596 δὲ
976 545 1008 595 ὁ
1047 542 1262 609 Κύριος
1289 542 1368 608 τῷ
1399 543 1654 607 διαϐόλῳ
1673 557 1686 571 ⁶

1871 543 2012 599 CAP.
2045 541 2108 605 ll,
2132 555 2270 594 vers.
2307 539 2360 594 6.
2396 539 2539 593 Dixit
2589 549 2758 592 autem
2804 537 3056 591 Dominus
3109 533 3350 591 diabolo:

195 640 326 702 Ἰδοὺ,
368 631 718 700 παραδίδωμί
751 647 851 685 σοι
872 632 1058 685 αὐτόν
1080 649 1094 662 ο
1125 632 1316 698 μόνον
1339 631 1452 698 τὴν
1477 632 1688 701 ψυχὴν

183 731 330 791 οὺτοῦ
367 724 722 792 διαφύλαξον
767 726 816 788 (6
859 723 915 776 δὲ
970 721 1279 784 Θεοδοτὶων,
1330 721 1440 788 τῆς
1486 720 1688 790 ψυχῆς

183 819 328 881 αὑτοῦ
353 819 449 884 οὐκ
479 814 655 882 ἅψῃ)-

235 912 468 978 Διδύμου.
502 906 610 957 Καὶ
654 903 812 958 τοῦτο
833 905 969 976 πρὸς
999 904 1270 975 ἡμετέραν
1302 902 1586 970 ὠφέλειαν,
1607 903 1691 956 ἵνα

181 1002 413 1080 χαρακτὴρ
441 997 531 1051 καὶ
566 997 738 1079 ⁵’τύποις
779 996 1048 1068 ἀνδρείας,
1094 996 1342 1067 καθάπερ
1396 997 1453 1047 ὲν
1503 995 1693 1065 στηλο-

179 1095 362 1169 γριιφίᾳ,
385 1094 410 1144 6
444 1088 559 1141 Ἰὼϐ
583 1088 781 1152 τεθεὶς,
823 1088 1021 1150 σκοπὸς
1049 1087 1146 1156 τῆς
1175 1087 1428 1158 τοιαύτης
1469 1087 1688 1157 ἀρετῆς,

179 1186 359 1245 καὶτοῖς
383 1181 515 1242 τότε,
560 1179 654 1230 καὶ
704 1180 815 1240 τοῖς
846 1178 1343 1249 μεταγενεστέροις,
1400 1177 1632 1249 ὑπάρξῃ·
1664 1178 1692 1230 ὃ

178 1280 249 1331 καὶ
276 1276 487 1344 γέγονεν.
515 1270 690 1323 Αὐτοῦ
731 1271 837 1340 γὰρ
875 1270 1018 1322 ἔστιν
1063 1270 1291 1323 ἀκοῦσαι
1340 1271 1432 1324 τοῦ
1463 1270 1691 1343 ἀθλητοῦ

177 1369 249 1424 καὶ
286 1360 560 1432 ἁγωνιστοῦ
622 1361 899 1430 λέγοντος·
966 1359 1107 1416 Οἶδα
1148 1361 1283 1432 ἐγὼ,
1347 1363 1434 1416 ὅτι
1466 1364 1694 1428 δίκαιος

173 1455 552 1525 (impetrabunt.
579 1454 910 1523 Παραδιδοὺς
931 1453 986 1505 δὲ
1016 1457 1045 1506 6
1070 1454 1273 1524 Κύριός
1306 1471 1456 1524 φησι,
1493 1456 1694 1508 Μόνον

173 1543 459 1616 τὴνψυχὴν
505 1544 691 1599 αὐτοῦ
718 1543 1107 1612 διαφύλαξον.
1149 1545 1322 1614 Ὅπερ
1359 1544 1576 1615 νοηθείη
1611 1543 1697 1596 οῦ-

173 1657 274 1704 τωςο
297 1637 611 1709 Παρακοπὰς
663 1636 940 1699 πολλάκις,
971 1636 1064 1688 καὶ
1093 1635 1188 1687 τοῦ
1225 1635 1551 1705 ἡγεμονικοῦ
1583 1636 1696 1690 δια.

177 1731 375 1802 στροφὰς
411 1729 466 1783 ἔν
493 1746 638 1784 τισιν
673 1729 886 1800 δρῶμεν
914 1729 1222 1799 γινομένας,
1268 1728 1335 1780 δι’
1360 1728 1451 1792 οὒς
1483 1726 1588 1782 οἶδε
1611 1729 1696 1782 λό-

172 1840 275 1891 γους
299 1823 324 1873 6
351 1819 412 1873 τὰ
440 1819 658 1890 κρυπτὰ
685 1819 966 1888 γινώσκων
997 1821 1146 1884 Θεός.
1195 1821 1346 1873 Ἑπεὶ
1371 1817 1464 1875 οῦν
1486 1824 1565 1885 είς
1595 1837 1711 1874 πα·-

1797 631 1954 699 Ecce,
2001 636 2150 686 trado
2202 632 2294 684 tibi
2335 648 2450 685 eum
2485 647 2503 685 :
2539 630 2897 684 tantummodo
2956 629 3189 683 animum
3244 629 3356 700 ejus

1792 726 1994 780 custodi
2007 724 2378 814 .(Theodotion
2408 737 2553 787 vero,
2598 723 2827 776 animam
2857 721 2968 790 ejus
2991 737 3054 774 ne
3083 719 3355 792 tetigeris).

1875 903 2105 973 Didymi.
2135 901 2200 954 Et
2222 900 2324 954 hoc
2359 897 2576 967 quidem
2607 897 2672 949 ad
2702 905 2941 950 nostram
2971 893 3280 958 utilitatem,
3301 900 3361 946 ut

1799 996 1990 1059 Jobus,
2023 995 2307 1049 character
2332 1007 2396 1046 ac
2426 978 2594 1044 forma
2625 989 2974 1053 fortitudinis,
3017 997 3268 1057 tanquam
3303 986 3358 1038 in

1797 1088 2068 1150 columna,
2098 1085 2495 1152 relinqueretur
2523 1081 2842 1150 insculptas,
2866 1090 3114 1150 essetque
3141 1094 3243 1133 non
3273 1094 3361 1133 so-

1799 1180 1910 1233 lum
1941 1178 2084 1232 illius
2108 1177 2283 1230 aetatis
2321 1173 2648 1238 hominibus,
2678 1187 2869 1232 verum
2910 1173 3072 1226 etiam
3109 1171 3359 1240 posteris,

1799 1287 1906 1325 tam
1951 1269 2176 1334 insignis
2209 1267 2424 1321 virtutis
2471 1280 2696 1335 scopus;
2748 1264 2886 1333 quod
2921 1263 3160 1332 profecto
3189 1265 3362 1318 conti-

1799 1361 1914 1429 git:
1945 1360 2116 1428 ipsum
2151 1358 2293 1411 enim
2319 1357 2576 1411 athletam
2610 1365 2664 1409 et
2709 1353 2934 1424 pugilem
2968 1354 3230 1407 dicentem
3267 1368 3364 1405 au-

1800 1451 1912 1503 dire
1929 1450 2055 1503 licet
2079 1467 2092 1502 :
2113 1446 2246 1502 Novi
2262 1464 2353 1517 ego
2373 1448 2510 1515 quod
2529 1447 2702 1513 iustus
2728 1449 2980 1513 apparebo
3007 1445 3125 1515 (Job
3153 1443 3357 1508 xm,8).

1801 1542 2056 1596 Dominus
2086 1551 2262 1595 autem
2293 1539 2505 1593 diabolo
2561 1555 2682 1594 eum
2749 1539 2964 1592 tradens
3022 1539 3170 1598 dicit,
3221 1535 3362 1590 Tau-

1802 1637 2068 1686 tummodo
2117 1632 2347 1686 animam
2373 1630 2484 1699 ejus
2540 1630 2762 1684 custodi.
2799 1629 3034 1695 Quorum
3074 1629 3358 1684 verborum

1799 1739 1862 1777 ea
1896 1724 2110 1777 videtur
2131 1737 2249 1776 esse
2280 1723 2544 1776 sententia
2571 1740 2584 1774 :
2615 1721 2886 1788 Quosdam
2928 1730 3143 1789 propter
3170 1735 3362 1776 causas

1802 1814 2011 1868 abditas
2040 1823 2093 1866 et
2117 1822 2376 1877 secretas,
2409 1827 2542 1880 quas
2575 1813 2723 1866 solus
2762 1813 2908 1864 novit
2940 1813 3098 1877 Deus,
3131 1812 3180 1865 in
3217 1826 3366 1865 men-

170 1911 468 1986 ραφροσύνην
499 1911 595 1964 τὸν
637 1911 844 1965 δίκαιον
874 1913 1103 1980 ἀγαγεῖν
1159 1911 1418 1966 ἔσπευδεν
1451 1915 1479 1965 6
1520 1913 1699 1966 διάϐο-

1898 1903 2134 1958 furorem
2165 1905 2536 1973 insaniamque
2566 1917 2932 1974 saepenumero
2961 1903 3198 1958 incidere
3225 1904 3368 1956 vide-

171 2006 256 2068 λος,
281 2004 364 2057 καὶ
386 2002 637 2055 ἔκστασιν
676 2003 908 2074 φρενῶν,
943 2004 1028 2056 ἵνα
1061 2005 1156 2057 καὶ
1180 2005 1379 2058 ἄκοντα
1402 2005 1560 2058 αὑτὸν
1587 2009 1698 2069 τοῖς

167 2091 242 2159 τῆς
263 2088 590 2158 βλασφημίας
625 2089 888 2161 περιϐάλῃ
939 2095 1196 2162 ῥήμασιν,
1232 2093 1383 2156 Ἰδοὺ,
1407 2095 1560 2164 φησὶ.
1595 2111 1700 2146 πα-

171 2180 386 2251 ραδίδωμὶ
418 2197 496 2232 σοι
521 2180 583 2233 ὃν
611 2181 878 2252 ὲξῃτὴσω,
925 2183 1011 2234 ἵνα
1047 2187 1293 2246 κακεῖνος
1326 2184 1507 2237 πλεῖον
1547 2186 1693 2238 εὐδο-

165 2271 359 2341 κιμήσῃ,
387 2271 476 2323 καὶ
510 2271 578 2324 σὺ
603 2272 909 2342 αἰσχυνθείς
936 2273 1037 2345 [ἵσ.
1069 2275 1416 2347 αἰσχυνθῇς]’
1445 2275 1582 2347 πλὴν
1624 2277 1698 2347 μὴ

169 2361 303 2430 κάρον
331 2361 472 2431 αὐτῴ
491 2364 588 2414 καὶ
613 2363 947 2434 διαστροφὴν
974 2365 1192 2435 ὲργάσω
1222 2366 1316 2420 τοῦ
1349 2367 1700 2438 ἡγεμονικοῦ.

168 2453 304 2506 Τοῦτο
331 2454 431 2525 γὰρ
466 2455 571 2507 οὐκ
601 2456 814 2523 ἐφεῖταί
855 2473 957 2515 σοι,
1011 2458 1073 2509 ἵν’
1110 2458 1404 2528 ἐρρωμένῳ
1456 2459 1530 2530 τῷ
1559 2459 1704 2526 λογι-

168 2544 266 2612 σμῷ
308 2545 397 2616 τὴν
425 2547 481 2598 ὲν
511 2549 625 2608 τοῖς
680 2545 910 2599 πάθεσιν
941 2547 1242 2616 ἐνδείξηται
1272 2548 1542 2619 ἀνδρείαν,
1569 2548 1703 2601 ἀλλὰ

166 2634 348 2706 σαρκῶν
375 2636 571 2699 ἅπτου,
590 2636 683 2689 καὶ
704 2636 925 2700 ὀστέων,
950 2636 1026 2700 ὡς
1052 2636 1320 2708 ἐξῃτήσω.

165 2736 464 2790 conservata,
520 2726 785 2781 fortitudo
829 2728 986 2796 ejus,
1039 2731 1089 2782 in
1130 2729 1468 2796 perferendis
1524 2729 1698 2792 malis,
1771 2729 2101 2783 ostendenda
2149 2739 2263 2784 est-

162 2819 256 2887 cjus
280 2819 485 2888 tangito.

219 2915 294 2966 Στ.
323 2912 383 2964 θ’.
432 2913 664 2974 Χρόνου
691 2910 758 2964 δὲ
788 2914 1021 2966 πολλου
1061 2915 1512 2980 προοεδηκότος,
1538 2910 1708 2968 εἶπεν·

162 3003 294 3068 αὐτῷ
329 3001 537 3071 ἡτυνὴ
588 3000 809 3055 αὐτοῦ’
841 3001 1028 3071 Μέχρι
1086 3005 1248 3068 τίνος
1299 3004 1703 3074 καρτερήσεις,

161 3094 350 3162 λέγων·
394 3091 539 3146 Ἰδοὺ
586 3091 860 3160 ἀναμένω
887 3094 1107 3159 χρόνον
1129 3093 1218 3146 ἔτι
1261 3095 1495 3162 μικρὸν,
1520 3109 1705 3164 προσ-

160 3183 443 3251 δεχόμενος
464 3181 585 3250 τὴν
611 3181 830 3235 ἐλπίδα
863 3181 974 3250 τῆς
1001 3183 1299 3251 σωτηρίας
1310 3202 1461 3252 μου;

215 3270 470 3340 Διδύμου.
506 3271 805 3342 Ἀτονήσας
827 3271 890 3324 ὲκ
913 3271 1018 3326 τῶν
1044 3273 1307 3326 τοσούτων
1338 3274 1650 3345 προσϐολῶν
1677 3276 1704 3327 ὁ

160 3362 385 3426 διάϐολος,
416 3364 511 3416 καὶ
557 3364 662 3416 οὐκ
686 3363 823 3434 ἔχων
851 3365 879 3417 ὅ
905 3381 959 3417 τι
993 3366 1205 3436 ποιήσει
1246 3365 1448 3420 λοιπὸν.
1487 3367 1576 3418 ἐπὶ
1608 3366 1704 3437 τὴν

158 3455 237 3523 τῆς
257 3455 475 3526 ἀρχαίας
507 3454 802 3526 ἐπιϐουλῆς
836 3455 1054 3526 ἔρχεται
1082 3457 1321 3527 μνήμην,
1355 3457 1450 3510 καὶ
1479 3457 1573 3510 τοῦ
1608 3475 1705 3526 γυ-

162 3545 282 3597 ναίου
305 3545 536 3598 διάνοιαν
571 3545 872 3617 ὑποσύρας,
914 3545 983 3598 δι’
1018 3537 1230 3615 ἐκείνης
1275 3547 1520 3599 σαλεύειν
1553 3550 1702 3600 ἐπει-

159 3639 270 3705 ρᾶτο
291 3636 373 3689 τὸν
400 3637 648 3708 ἀθλητήν
666 3655 681 3669 ο
733 3638 827 3689 καὶ
879 3637 1060 3707 τρίτον
1123 3637 1271 3707 αὐτῷ
1296 3637 1486 3689 πλέκει
1513 3638 1705 3690 πάλαι-

159 3740 269 3792 σμα,
294 3725 386 3795 τὴν
409 3725 585 3795 αὐτῆς
633 3725 866 3794 ὁμιλίαν,
922 3725 1050 3788 ἴσως
1075 3725 1164 3778 διὰ
1191 3725 1393 3795 ταύτης
1434 3725 1523 3778 τὸν
1564 3724 1704 3790 Ἰὼϐ,

153 3812 215 3875 ὡς
247 3814 329 3867 καὶ
353 3814 439 3867 διὰ
466 3815 570 3885 τῆς
595 3813 738 3878 Εὔας
766 3814 856 3872 τὸν
890 3814 1079 3884 Ἀδὰμ,
1130 3815 1447 3885 ἀπατήσειε.
1498 3815 1704 3886 Χρόνου

158 3903 245 3974 γὰρ
263 3905 444 3959 πολλοῦ
499 3905 927 3977 προϐεϐηκότος,
959 3905 1033 3970 ὡς
1065 3906 1188 3959 οὐδὲ
1219 3905 1379 3969 αὐτὸς
1428 3905 1706 3974 δεδύνηται

157 3995 306 4046 σεῖσαι
352 3996 443 4048 τὸν
493 3996 602 4065 τῆς
627 3995 907 4060 εὐσεϐείας
935 3995 1162 4066 πύργον,
1194 3996 1262 4048 τὰ
1295 3996 1393 4067 τῆς
1419 3995 1706 4067 ὀλιγωρίας

159 4085 422 4156 προφέρειν
453 4085 639 4138 πείθει
659 4087 758 4156 τὴν
785 4090 1015 4154 γυναῖκα
1036 4089 1277 4158 ῥήματα.

211 4283 350 4336 ΚΕΨ.
399 4284 478 4347 1",
523 4301 611 4336 στ.
667 4291 734 4353 η’.
795 4284 964 4338 Αλλά
1016 4285 1411 4354 καταράσαιτο
1451 4288 1643 4356 αὐτὴν
1675 4292 1707 4342 ὁ

156 4372 537 4441 καταρώμενος
563 4373 682 4441 τὴν
714 4373 941 4442 ἡμέραν
971 4374 1211 4440 ἐκείνην
1233 4390 1247 4405 ’
1296 4378 1330 4426 ό
1371 4375 1614 4443 μέλλων
1641 4375 1707 4429 τὸ

153 4461 278 4530 μέγα
309 4463 492 4532 κῆτος
525 4463 952 4535 χειρώσασθαι.

209 4555 466 4626 Διδύμου.
502 4558 703 4621 Καλῶς
729 4558 787 4610 δὲ
818 4558 898 4621 τὸ,
952 4557 1004 4609 '0
1021 4561 1266 4626 μέλλων
1289 4556 1704 4626 χειρώσασθαι,

1804 2013 1942 2052 mus.
1979 1997 2241 2064 Quoniam
2287 1998 2450 2066 igitur
2496 1998 2562 2049 ad
2613 1989 2974 2066 insipientiam
3042 2007 3097 2048 et
3169 1996 3366 2049 mentis

1802 2091 2126 2145 emotionem
2162 2089 2406 2163 diabolus
2440 2089 2645 2157 justum
2680 2087 2953 2155 impellere
2985 2088 3276 2151 nitebatur,
3310 2098 3368 2141 ιιι

1803 2182 1888 2235 vel
1916 2181 2162 2245 invitum,
2190 2183 2350 2250 impia
2391 2193 2445 2234 et
2474 2180 2784 2251 blasphema
2826 2181 2983 2234 verba
3013 2180 3253 2249 proferre
3279 2194 3367 2232 co-

1806 2284 1973 2341 geret,
2010 2273 2236 2335 ldcirco,
2269 2273 2443 2343 inquit
2484 2273 2646 2337 Deus,
2690 2275 2842 2326 trado
2877 2273 2968 2325 tibi
3002 2287 3157 2340 quem
3204 2273 3367 2340 depo-

1801 2363 2043 2433 poscisti,
2097 2375 2154 2417 nt
2184 2373 2239 2418 et
2269 2364 2385 2433 ejus
2430 2365 2599 2434 magis
2634 2373 2826 2418 testata
2873 2365 2943 2417 sit
2977 2364 3166 2425 virtus.
3212 2374 3266 2416 et
3312 2373 3366 2414 tu

1808 2455 2015 2523 majore
2039 2457 2243 2525 pudore
2273 2455 2594 2524 perfundare
2631 2474 2645 2509 :
2690 2471 2875 2510 verum
2906 2470 3059 2522 cave,
3089 2471 3154 2509 ne
3187 2466 3366 2508 veter-

1801 2564 1927 2602 num
1958 2549 2202 2612 inducas,
2239 2559 2292 2601 et
2319 2549 2482 2601 animi
2516 2548 2875 2618 principatum
2913 2558 3222 2616 pervertas;
3281 2563 3359 2600 ne-

1797 2652 1904 2706 que
1930 2638 2072 2692 enim
2112 2638 2163 2691 id
2199 2637 2289 2690 tibi
2334 2637 2681 2706 permittitur,
2735 2637 2866 2703 quia.
2910 2638 3103 2692 mentis
3141 2637 3370 2690 sanitate

2337 2728 2452 2793 sed,
2493 2736 2553 2782 ut
2603 2728 2825 2798 petiisti,
2887 2743 3080 2784 carnes
3141 2745 3370 2801 ossaque

1883 2913 2042 2964 Vens.
2074 2910 2126 2963 9.
2174 2907 2418 2976 Tempore
2446 2919 2618 2961 autem
2652 2919 2815 2960 mu.to
2845 2919 3129 2974 transacta,
3162 2912 3292 2965 dixit
3323 2929 3371 2967 es

1803 3019 1937 3056 uxor
1962 3002 2120 3070 ejus:
2185 2998 2466 3064 Quousque
2505 3000 2783 3052 sustinebis
2824 3002 2999 3054 dicens
3031 3015 3050 3051 :
3092 3001 3223 3056 Ecce
3249 3019 3371 3069 per-

1802 3113 1986 3148 maneo
2015 3106 2212 3162 tempus
2251 3093 2422 3149 adhuc
2453 3109 2692 3160 parvum,
2721 3105 3025 3162 exspectans
3056 3112 3195 3164 spem
3223 3097 3372 3150 salu-

1801 3189 1866 3240 tis
1888 3203 2016 3241 mete
2029 3189 2054 3241 ?
2763 3189 2765 3192 ’

1877 3277 2111 3347 Didymi.
2149 3275 2250 3330 Tot
2279 3274 2678 3330 incursionibus
2710 3290 2788 3354 ac.
2809 3277 3000 3346 pugnis
3029 3275 3232 3332 fractus
3257 3278 3375 3332 dia-

1813 3370 1984 3433 bolus,
2011 3385 2129 3420 cum
2167 3368 2306 3436 quod
2345 3366 2573 3437 amplius
2601 3365 2824 3432 laceret,
2857 3368 3105 3433 nesciret,
3147 3369 3200 3423 in
3233 3372 3374 3424 anti-

1810 3477 1928 3530 qua:
1961 3461 2166 3515 fraudis
2210 3460 2526 3514 memoriam
2577 3460 2750 3524 redit,
2790 3468 2843 3513 et
2881 3460 3205 3516 mulierculae
3255 3463 3375 3516 ani-

1813 3567 1957 3606 mum
1989 3551 2212 3605 subdole
2253 3551 2318 3604 ad
2355 3565 2413 3605 se
2442 3549 2705 3616 alliciens,
2746 3549 2885 3603 illius
2913 3566 3074 3619 opera
3117 3552 3374 3608 athletam

1813 3640 2128 3693 subvertere
2152 3648 2410 3702 conatur;
2467 3645 2522 3692 et
2563 3639 2778 3692 tertium
2812 3649 2996 3692 contra
3035 3656 3156 3694 eum
3199 3653 3376 3697 certa-

1813 3745 1934 3783 men
1965 3729 2201 3790 molitur.
2232 3728 2553 3798 colloquium
2610 3729 2817 3785 scilicet
2873 3746 2992 3785 cum
3029 3731 3137 3797 illa,
3167 3733 3210 3786 si
3241 3733 3376 3788 forte

1814 3812 1914 3874 hac
1941 3821 2152 3875 ratione
2194 3818 2388 3875 Jobum
2441 3821 2683 3876 inescare
2711 3832 2929 3891 posset,
2977 3836 3131 3892 prout
3158 3827 3226 3879 ab
3263 3825 3373 3880 Eva

1812 3913 2050 3968 Adamus
2090 3913 2143 3966 in
2183 3911 2428 3967 fraudem
2475 3912 2686 3968 illectus
2733 3914 2854 3969 fuit.
2896 3913 3160 3983 Tempore
3197 3929 3374 3971 autem

1813 4004 1981 4058 multo
2013 4001 2228 4067 cmuxo,
2256 4018 2374 4056 cum
2405 4003 2618 4070 pietatis
2665 4005 2857 4058 turrim
2901 4015 3123 4074 quatere
3161 4022 3219 4061 se
3268 4023 3375 4061 non

1813 4109 1971 4162 posse
2008 4096 2247 4159 videret,
2301 4094 2514 4166 conjugi
2572 4096 2858 4165 persuadet
2924 4105 2981 4150 ut
3035 4098 3196 4154 verba
3242 4114 3377 4154 con-

1818 4196 2046 4255 temptus
2071 4186 2332 4253 proferat.
3083 4179 3087 4182 ’

1894 4296 2046 4351 CAP.
2082 4295 2173 4360 Ill,
2207 4309 2349 4350 vers.
2386 4295 2437 4349 8.
2477 4294 2580 4349 Sed
2621 4297 2894 4352 maledicas
2933 4299 2982 4351 ei
3003 4300 3092 4368 qui
3116 4301 3378 4358 maledicit

1812 4390 1951 4444 diem
1973 4389 2140 4453 illam,
2167 4389 2260 4449 aui
2284 4390 2432 4442 habet
2466 4404 2712 4457 magnum
2742 4401 2915 4443 cetum
2941 4392 3257 4458 opprimere.

1889 4568 2118 4638 Didymi.
2155 4567 2321 4624 Recte
2365 4577 2542 4621 autem
2584 4566 2784 4620 dictum
2819 4576 2923 4630 est,
2955 4566 3058 4632 Qui
3089 4570 3238 4622 habet
3282 4587 3370 4638 op-

158 4645 356 4717 εἴρηται,
381 4650 583 4721 δηλοῦν
619 4650 678 4703 τὸ
723 4651 862 4703 κατὰ
913 4651 1010 4721 τὴν
1058 4650 1470 4721 ὲνανθρώπησιν
1503 4654 1699 4721 μυστή-

1871 4662 2056 4723 λιιιιειε,
2099 4668 2156 4711 ιιι
2196 4656 2583 4711 lncarnatiouis
2627 4657 2934 4724 mysterium
2980 4657 3375 4721 inanil‘estaret,

158 4751 265 4804 ριον,
300 4739 371 4803 ὼς
409 4743 585 4812 μήπω
607 4741 726 4793 τότε
760 4741 999 4809 γεγονὸς,
1034 4739 1224 4810 μέλλον
1257 4741 1313 4792 δὲ
1334 4740 1600 4808 γενέσθαι.
1638 4741 1715 4797 Ού

1814 4749 1952 4816 quod
1986 4756 2094 4800 tum
2122 4762 2224 4799 non
2258 4745 2454 4806 fuerat,
2480 4744 2577 4798 sed
2610 4755 2791 4813 postea
2833 4745 3067 4798 luturum
3101 4757 3234 4799 erat.
3270 4746 3369 4801 Nc-

155 4828 242 4899 γὰρ
260 4831 462 4902 ἥρμοζε
491 4835 678 4903 γυμνῇ
700 4835 764 4902 τῇ
793 4831 1005 4900 θεότητι
1026 4832 1370 4902 καταργῆσαι
1392 4831 1488 4902 [ἴσ.
1517 4849 1699 4902 καταρ

1871 4854 1916 4892 te
1950 4839 2090 4892 enim
2141 4836 2250 4890 sola
2279 4835 2556 4890 divinitate
2607 4835 2894 4900 diabolum,
2928 4837 3015 4903 qui
3050 4837 3236 4892 mortis
3274 4837 3374 4891 im-

157 4919 381 4996 γηθῆναι]
435 4923 531 4976 τὸν
559 4925 765 4995 κράτος
818 4922 1008 4992 ἔχοντα
1053 4922 1146 4974 τοῦ
1176 4922 1404 4976 θανάτου
1445 4922 1711 4988 διάϐολον,

157 5012 268 5066 ἀλλὰ
294 5016 375 5068 διὰ
403 5017 502 5068 τοῦ
553 5005 688 5068 ναοῦ
723 5014 1017 5084 τοῦ.Λόγου
1051 5013 1148 5086 [ἴσ.
1176 5014 1270 5066 τοῦ
1301 5013 1472 5080 Λόγου
1503 5011 1712 5084 ἁνθρώ-
1748 5035 1752 5041 ·

158 5103 260 5176 που]
290 5107 664 5178 γεγενημένου
720 5109 784 5159 ἐκ
836 5105 1146 5178 σπέρματος
1211 5105 1302 5157 τοῦ
1344 5103 1712 5174 ἀπατηθέντος

159 5194 243 5247 ὑπὸ
283 5197 371 5250 τοῦ
405 5191 691 5250 διαϐόλου.
734 5197 1011 5267 Καύχημα
1039 5196 1148 5266 γὰρ
1173 5193 1240 5266 ἦν
1269 5195 1342 5265 τῷ
1380 5195 1620 5266 πονηρῷ,
1663 5198 1711 5248 εξ

158 5289 307 5360 γυμνῇ
331 5291 392 5359 τῇ
449 5289 676 5358 θεότητι
728 5288 1130 5358 χειρωσάμενος
1171 5287 1331 5338 αὑτὸν
1376 5287 1602 5355 ὑπῆρξε.
1635 5286 1714 5338 Τὰ

156 5375 352 5448 διάφορα
378 5379 433 5432 δὲ
462 5381 715 5450 ὀνόματα
769 5378 862 5431 τοῦ
895 5377 1173 5443 διαϐόλου,
1226 5377 1504 5448 ἐνεργείας
1550 5373 1712 5428 αὑτοῦ

157 5467 432 5542 διαφόρους,
457 5472 563 5524 οὐκ
594 5470 804 5536 οὐσίας,
827 5470 994 5540 δηλοῖ.
1023 5469 1278 5531 Διάϐολος
1311 5468 1417 5539 γὰρ
1447 5468 1536 5520 καὶ
1564 5470 1712 5520 ἀντι-

159 5561 396 5630 κείμενος,
431 5565 530 5617 καὶ
584 5563 846 5633 πονηρὸς,
877 5563 970 5616 καὶ
1021 5563 1177 5624 λέων,
1208 5563 1299 5614 καὶ
1348 5562 1582 5632 δράκων,
1617 5561 1709 5613 καὶ

158 5649 275 5715 δφις,
300 5655 388 5706 καὶ
416 5654 638 5726 θηρίον,
675 5657 765 5707 καὶ
810 5655 992 5724 κῆτος,
1030 5654 1119 5707 διὰ
1141 5655 1231 5707 τὸν
1255 5655 1452 5726 τρόπον
1473 5655 1708 5722 λέγεται,

159 5738 396 5816 διαφόρως
425 5745 723 5819 αὑτοῦτὴν
756 5746 952 5798 κακίαν
997 5745 1344 5817 ἐνεργοῦντος
1367 5764 1378 5776 ·
1407 5746 1540 5817 ὅπερ
1586 5748 1713 5800 ἁνα-

160 5837 413 5903 τρεπτικόι
440 5840 559 5890 ἐστι
591 5836 690 5889 τοῦ
715 5836 1048 5906 Μανιχαῖκοῦ
1077 5837 1361 5908 δόγματος.

335 5933 610 5994 Ριτιιοι..
657 5932 768 5992 Gn.
816 5933 1116 5993 XXXIX.

1809 4927 2016 4996 perium
2051 4923 2488 4993 habebatUlebr.
2520 4938 2582 4987 ιι,
2621 4922 2973 4991 H),.aboleri
3003 4924 3244 4989 decebat,
3281 4927 3372 4979 sed

1811 5033 1905 5088 per
1938 5016 2168 5070 Verbum
2198 5013 2398 5068 factum
2435 5013 2726 5077 hominem,
2758 5028 2826 5066 ex
2854 5016 3059 5068 semine
3084 5015 3197 5083 ejus
3211 5031 3370 5086 quem

1810 5108 2021 5175 decepit
2050 5104 2330 5170 diabolus;
2377 5105 2621 5170 improbo
2665 5103 2805 5156 enim
2837 5105 3061 5158 daemonii
3093 5105 3371 5175 gloriatio-

1811 5200 1894 5252 nis
1930 5195 2155 5251 materia
2197 5194 2404 5259 fuisset,
2439 5195 2479 5246 si
2507 5195 2615 5247 sola
2642 5195 2919 5251 divinitate
2941 5211 3062 5250 eum
3090 5197 3371 5265 subjugas-

1815 5299 1914 5344 set.
1950 5287 2140 5350 Porro,
2183 5285 2376 5351 diaboli
2421 5286 2642 5340 diversa-
2689 5286 3096 5355 appellationes,
3134 5288 3374 5342 diversas

1814 5380 1928 5448 ejus
1965 5377 2330 5449 operationes,
2371 5392 2474 5430 non
2516 5376 2643 5429 item
2688 5375 3035 5443 multiplicem
3064 5380 3373 5442 essentiam,

1814 5469 2108 5525 declarant.
2138 5467 2392 5520 Diabolus
2429 5467 2594 5531 enim,
2642 5467 3003 5531 adversarius,
3039 5469 3232 5533 malus,
3269 5469 3372 5530 leo.

1810 5561 1992 5623 draco,
2047 5574 2301 5627 serpens,
2361 5549 2531 5613 bellua
2595 5567 2649 5611 et
2692 5567 2866 5623 cetus,
2925 5569 3142 5629 propter
3177 5560 3375 5629 ingenii

1810 5667 2014 5718 mores,
2049 5650 2368 5719 appellatur,
2398 5649 2649 5718 quoniam
2681 5649 2965 5718 multiplici
3001 5650 3230 5705 artiﬁcio
3264 5665 3378 5704 mae

1811 5747 1983 5800 litiam
2016 5759 2169 5800 suam
2221 5755 2512 5812 Operatnr:
2547 5743 2688 5814 quod
2737 5741 3156 5815 Wui’chzeorum
3187 5742 3376 5811 dogma

1815 5835 2049 5891 funditus
2083 5835 2292 5899 evertit.

2992 5927 3069 5985 36
