3750 6310
376 378 506 437 H51

1659 376 1846 431 IDYMI
1884 374 2355 430 ALEXANDRINI

3489 370 3601 425 “Si

464 493 619 552 CAP.
668 492 757 556 IV,
796 507 938 548 vers.
967 493 1018 547 2.
1056 492 1200 547 Num
1224 507 1359 559 accite
1391 490 1480 543 tibi
1508 506 1676 545 sermo
1702 491 1947 545 esthabi-

2120 490 2279 543 ΚΕΦ.
2308 490 2381 552 A',
2421 504 2504 540 στ.
2550 486 2614 556 β’.
2668 485 2765 555 Μὴ
2812 485 3110 551 πολλάκις
3170 502 3270 538 σοι
3300 483 3602 553 lemma:

371 599 452 641 tu:
477 588 531 640 in
560 585 837 640 molestia?
867 584 1069 652 pondus
1094 592 1267 637 autem
1298 584 1567 635 verborum
1594 591 1803 636 tuorum
1824 582 1942 651 quis

370 678 686 733 sustinebit?

446 771 681 839 Didymi.
720 766 816 823 Vel
847 767 999 829 illud,
1044 764 1193 833 Swpe
1228 765 1321 816 tibi
1354 779 1521 817 sermo
1553 761 1762 816 nabitus
1791 772 1864 816 est
1891 762 1945 814 in

376 861 658 916 molestia?
725 858 1029 930 signiﬁcat,
1098 864 1151 911 te
1178 855 1373 924 sacpius
1430 868 1733 909 sermonem
1803 854 1945 923 apud

380 953 645 1020 quosdam
676 948 950 1011 habuisse,
980 946 1069 1015 qui
1099 945 1310 1000 casibus
1338 944 1663 1014 urgebantur
1685 944 1944 1007 adversis,

379 1042 679 1109 iisdemque
710 1039 763 1093 in
810 1037 997 1091 labore
1036 1034 1458 1089 consolationem
1506 1034 1844 1095 adhibuisse,
1895 1034 1947 1087 id

377 1140 484 1195 est,
518 1131 569 1183 in
595 1126 987 1183 calamitatibus
1009 1135 1062 1179 et
1093 1125 1349 1178 arrumnis
1375 1141 1387 1177 :
1413 1139 1554 1178 nunc
1588 1134 1763 1177 autem
1786 1124 1945 1176 verba

381 1233 469 1275 tua
501 1226 839 1287 contemptus
867 1216 1043 1287 plena,
1080 1232 1237 1271 nemo
1274 1232 1430 1286 atque
1465 1217 1644 1271 animo
1673 1217 1813 1271 ferre
1854 1232 1947 1285 po-

377 1323 513 1378 test;
557 1321 611 1367 et
643 1311 905 1366 sermonis
952 1309 1026 1362 tui
1069 1318 1214 1362 tanta
1265 1309 1528 1378 asperitas
1556 1319 1657 1373 est,
1702 1320 1760 1362 ut
1801 1326 1943 1372 erunt,

379 1404 468 1473 qui
505 1404 734 1457 libenter
758 1402 964 1463 sileret,
996 1401 1060 1452 ad
1094 1397 1442 1453 refellendum
1477 1400 1694 1454 excitet.

453 1493 612 1549 Vens.
648 1492 737 1548 10.
801 1490 977 1544 Robur
1012 1491 1197 1557 leonis,
1245 1499 1293 1542 et
1334 1505 1433 1543 vox
1473 1490 1673 1553 leazme,
1720 1500 1766 1543 et
1817 1506 1948 1559 gau-

378 1587 521 1639 dium
553 1585 840 1637 draconum
864 1584 1175 1636 exstinctum
1200 1591 1297 1636 est.
1328 1582 1661 1651 Myrmicoleo
1684 1583 1857 1646 periit,
1888 1599 1947 1635 eo

377 1676 513 1745 quod
570 1690 670 1727 non
723 1674 929 1725 haberet
979 1688 1198 1725 escam:
1241 1683 1284 1723 et
1317 1671 1474 1723 catuli
1526 1671 1731 1723 leonum
1792 1672 1948 1723 divisi

377 1776 496 1817 sunt
528 1764 591 1815 ab
623 1764 857 1815 invicem.

2045 580 2114 634 ἐν
2143 581 2342 646 κόπου
2380 580 2561 648 ἰσχὺν
2588 578 2657 630 δὲ
2685 577 2969 647 ῥημάτων
2987 594 3102 631 σου
3129 578 3221 643 τίς
3238 578 3513 640 ὑποίσει;

2114 753 2387 823 Διδύμου.
2417 755 2487 806 Ἢ
2516 754 2595 815 τὸ,
2627 752 2928 819 Πολλάκις
2957 769 3055 806 σοι
3079 752 3411 819 λελάληται
3438 752 3505 804 ἐν
3532 756 3609 806 zc'»

2048 858 2171 911 πῳ;
2194 844 2361 906 δηλοῖ,
2396 844 2479 896 ὅτι
2510 844 2607 897 καὶ
2628 844 2788 907 αὐτὸς
2817 849 2880 897 σὺ
2912 842 3169 907 πολλάκις
3201 846 3422 915 ἐχρήσω
3452 846 3607 913 λόγοις

2047 939 2182 1009 πρός
2206 954 2354 1000 τινας
2378 936 2867 1007 περιπεπτωκότας
2897 935 3181 1007 θλιϐεροῖς,
3217 939 3311 990 καὶ
3341 938 3607 1008 παράκλη-

2051 1047 2134 1083 σιν
2168 1031 2350 1092 αὐτοῖς
2379 1029 2731 1100 προσήγαγες
2769 1030 2826 1080 ὲν
2861 1028 3035 1099 κόπῳ,
3091 1029 3370 1082 τουτέστιν
3415 1033 3473 1083 ὲν
3511 1036 3609 1095 ταῖς

2051 1122 2356 1192 συμφοραῖς
2402 1120 2496 1173 καὶ
2527 1122 2647 1183 ταῖς
2685 1119 2928 1189 Cliti/EGV
2967 1119 3062 1173 νῦν
3094 1120 3150 1173 δὲ
3180 1120 3248 1174 τὰ
3308 1122 3374 1174 σὰ
3406 1124 3607 1193 ῥήματα

2048 1213 2337 1284 ὀλιγωρίας
2364 1212 2769 1284 πεπληρωμένα
2816 1212 2991 1275 οὐδεὶς
3030 1210 3140 1275 οἷός
3170 1214 3232 1265 τέ
3260 1216 3374 1267 ἐστι
3423 1217 3607 1285 φέρειν,

2049 1300 2183 1353 ἀλλά
2225 1300 2286 1352 τὸ
2325 1301 2500 1371 τραχύ
2555 1317 2647 1352 σου
2685 1300 2794 1352 τῶν
2822 1300 2995 1368 λόγων
3028 1303 3121 1354 καὶ
3150 1303 3239 1356 τὸν
3260 1304 3401 1371 ἄγαν
3430 1306 3611 1375 ἠσυχὰ-

2051 1393 2162 1455 ζειν
2184 1391 2503 1461 βουλόμενον
2530 1392 2824 1462 διανίστησι
2849 1394 2985 1463 πρὸς
3008 1394 3333 1461 ἀντιλογίαν.

2121 1481 2211 1534 Στ.
2248 1485 2297 1534 t'.
2332 1478 2553 1544 Σθένος
2577 1479 2825 1546 λέοντος
2843 1521 2855 1541 ,
2884 1482 3053 1549 φωνή
3080 1483 3149 1535 δὲ
3175 1486 3448 1553 λεαίνης,
3483 1505 3606 1555 rav-

2044 1572 2225 1639 ρίαμα
2296 1570 2364 1623 δὲ
2424 1571 2771 1639 δρακόντων
2833 1575 3114 1643 ἐσϐέσθη.
3182 1581 3609 1647 Μιιρμηκολέων

2050 1661 2233 1713 ὤλετο
2264 1659 2423 1728 παρὰ
2447 1661 2511 1714 τὸ
2530 1660 2615 1729 μὴ
2641 1661 2803 1730 ἔχειν
2823 1662 3019 1730 βοράν
3035 1682 3048 1694 ο
3080 1667 3339 1734 σκύμνοι
3371 1666 3441 1718 δὲ
3459 1670 3608 1721 λεένο

2051 1770 2167 1805 των
2198 1752 2412 1805 ἔλιπον
2442 1752 2775 1819 ἀλλήλους.

450 1855 683 1922 Didymi.
740 1853 972 1906 Naturas
1019 1853 1183 1905 sumit
1230 1852 1533 1915 brutorum,
1584 1866 1703 1919 quae
1761 1861 1944 1905 nostro

2115 1844 2388 1913 Διδύμου.
2435 1845 2715 1914 Λαμϐάνει
2771 1846 2935 1915 φύσιν
2979 1848 3191 1915 ἀλόγων
3236 1848 3297 1900 οὐ
3358 1850 3495 1902 πάνυ
3540 1865 3607 1903 τοι

378 1947 560 2015 generi
592 1961 695 1999 non
735 1956 938 1998 tantum
985 1943 1191 1997 inutilia
1240 1944 1523 2007 exsistunt,
1560 1960 1744 1997 verum
1784 1945 1945 1997 etiam

380 2037 551 2091 eidem
599 2036 858 2090 insidiosa
900 2044 1052 2098 sunt;
1099 2035 1397 2103 probatque
1449 2032 1758 2103 Eliphazus,
1795 2036 1946 2102 quid-

380 2125 507 2194 quid
543 2124 784 2193 iniquum
820 2132 901 2177 est
938 2132 991 2175 et
1035 2137 1311 2193 arrogans,
1355 2122 1505 2192 perdi
1550 2138 1580 2175 a
1631 2123 1758 2176 Deo.
1814 2123 1944 2176 Nam

383 2231 502 2269 cum
537 2214 648 2268 Deo
676 2214 850 2268 visum
882 2214 1070 2277 fuerit,
1100 2213 1296 2282 inquit,
1329 2214 1683 2269 intolerabilis
1713 2216 1947 2268 concidit

380 2306 499 2371 leo;
543 2315 594 2360 ct
630 2306 811 2360 leaenae
841 2320 940 2359 vox
982 2305 1282 2359 truculenta
1313 2305 1696 2375 exstinguitur,
1735 2321 1838 2374 qua
1862 2306 1944 2358 in-

383 2400 653 2452 ﬁrmiores
720 2397 926 2452 belluas
989 2398 1259 2463 territat;
1342 2397 1606 2452 dracones
1678 2397 1945 2451 humiliati

379 2497 544 2552 sunt;
598 2487 944 2557 myrmicoleo
990 2487 1169 2555 periit,
1224 2488 1342 2541 cibo
1383 2488 1481 2556 ipsi
1527 2488 1746 2542 minime
1791 2488 1948 2541 mini-

379 2589 580 2645 strato;
612 2588 657 2633 et
698 2579 858 2632 catuli
896 2577 1101 2631 leonum
1135 2580 1287 2632 divisi
1330 2588 1447 2632 sunt
1481 2583 1544 2631 ab
1576 2580 1816 2641 invicem,
1844 2579 1947 2633 hoc

378 2681 481 2734 est,
510 2670 720 2739 generis
745 2669 827 2723 sui
862 2668 1207 2723 successione
1236 2683 1339 2722 non
1367 2679 1750 2738 propagentur.

450 2760 531 2813 Ad
569 2759 847 2814 historiam
886 2759 1027 2827 quod
1059 2758 1269 2822 attinet,
1325 2766 1603 2827 postquam
1650 2760 1786 2813 dixit
1834 2759 1945 2813 Eli-

382 2852 584 2920 pbazus
618 2850 800 2918 (vers.
843 2846 907 2913 8',
947 2848 1038 2917 9),
1089 2863 1183 2903 eos
1222 2848 1313 2916 qui
1391 2850 1657 2904 seminant
1691 2850 1945 2915 absurda,

384 2950 649 3010 praecepto
675 2940 884 2993 Domini
908 2940 1192 3009 perituros,
1224 2940 1521 3010 subiungit,
1562 2942 1701 2996 idem
1728 2942 1865 2996 leoni
1894 2951 1948 2996 et

383 3035 603 3089 draconi
633 3043 948 3088 eventurum
999 3047 1141 3098 esse,
1183 3048 1302 3087 cum
1354 3036 1495 3089 Deus
1546 3036 1794 3089 voluerit.
1847 3035 1947 3103 Qui

383 3126 544 3195 igitur
574 3126 626 3179 in
657 3125 816 3178 mutis
845 3132 1026 3177 tuetur
1057 3124 1324 3190 ordinem,
1373 3126 1540 3179 multo
1585 3126 1759 3195 magis
1804 3127 1947 3180 hunc

384 3216 525 3269 inter
552 3213 793 3267 homines
817 3212 1176 3266 conservabit.

457 3328 621 3382 Vens.
650 3326 736 3381 i7.
775 3324 914 3390 Quid
952 3327 1087 3380 enim
1109 3329 1134 3381 ?
1178 3329 1412 3396 nunquid
1456 3329 1607 3380 homo
1634 3344 1809 3381 coram
1843 3330 1949 3382 Do-

385 3421 525 3473 mino
578 3417 801 3471 mundus
856 3416 1000 3471 erit?
1043 3416 1118 3472 vel
1139 3418 1202 3472 de
1227 3418 1468 3483 operibus
1491 3419 1599 3474 suis
1627 3420 1948 3489 irreprelten-

384 3510 552 3564 sibilis
581 3510 658 3563 vir
680 3509 705 3560 .9

454 3602 686 3671 Didymi.
726 3599 803 3657 Ne
835 3602 1056 3666 dixeris,
1108 3603 1223 3657 haec
1260 3612 1310 3657 te
1358 3602 1487 3656 nulli
1528 3613 1751 3673 peccato
1779 3606 1947 3659 obno-

382 3694 528 3745 xium
572 3695 713 3761 pati;
744 3708 862 3746 cum
908 3693 1236 3762 impossibile
1276 3693 1370 3759 sit,
1403 3695 1635 3749 hominis
1675 3698 1839 3749 vitam
1881 3698 1949 3750 ad

382 3786 675 3852 perlectam
718 3784 849 3853 legis
891 3799 1131 3838 normam
1164 3784 1399 3854 exigere.
1442 3784 1527 3839 Fit
1555 3787 1696 3840 enim
1726 3802 1823 3853 per
1853 3804 1949 3840 na-

387 3890 517 3930 tura:
546 3876 934 3937 inlirmitatem,
964 3884 1021 3929 ut
1051 3884 1241 3945 sponte
1277 3876 1566 3942 interdum,
1608 3891 1751 3946 saepe
1783 3878 1945 3931 etiam

382 3968 571 4030 invite,
622 3968 674 4020 in
718 3973 935 4035 peccata
984 3965 1304 4020 incidamus.
1355 3964 1505 4029 Quod
1555 3965 1771 4034 quidem
1825 3980 1945 4020 cum

382 4057 659 4126 probabile
692 4058 783 4121 sit,
813 4056 859 4110 si
883 4055 1123 4127 adhibito
1145 4055 1349 4125 judicio
1375 4056 1733 4122 examinetur,
1764 4070 1948 4125 repre-

386 4148 701 4202 hensionem
745 4146 1155 4215 complectitur:
1184 4147 1228 4200 si
1270 4146 1412 4200 enim
1444 4155 1663 4215 propter
1700 4158 1944 4215 peccata,

383 4241 477 4310 qui
504 4241 554 4294 in
586 4238 833 4293 miserias
860 4247 914 4292 et
938 4252 1206 4292 terumnas
1239 4238 1447 4301 incidit,
1477 4237 1749 4308 allligilur,
1790 4254 1949 4293 nemo

386 4341 567 4384 autem
589 4338 672 4384 est
697 4344 726 4382 a
756 4328 875 4383 labe
901 4328 1128 4397 integer,
1157 4328 1395 4397 profecto
1418 4330 1485 4383 ab
1509 4331 1764 4385 aerumnis
1790 4345 1947 4385 nemo

384 4423 522 4477 liber
551 4422 674 4477 erit.

460 4533 622 4590 Vens.
654 4534 709 4589 8.
742 4532 1021 4586 Dominum
1050 4542 1223 4586 autem
1258 4550 1431 4587 rerum
1456 4534 1685 4587 omnium
1713 4534 1944 4586 domina-

387 4635 553 4682 torem
612 4624 883 4691 invocabo,
933 4627 1023 4694 qui
1070 4625 1195 4693 facit
1247 4642 1437 4694 magna
1471 4666 1486 4690 ,
1534 4634 1582 4677 et
1621 4625 1948 4693 investigabi-

388 4720 492 4784 lia,
543 4717 869 4787 gloriosaque
907 4724 958 4770 et
996 4715 1297 4784 magni/ica,
1346 4731 1567 4783 quarunt
1609 4730 1708 4768 non
1746 4728 1818 4768 est
1860 4733 1955 4767 nu-

389 4826 582 4863 merus.

458 4902 692 4972 Didymi.
733 4901 1019 4967 Postquam
1069 4898 1312 4952 homines
1350 4897 1661 4966 insipientes
1687 4899 1956 4952 crimina-

388 5001 474 5045 tus
514 4992 725 5055 fuisset,
755 5003 917 5059 atque
960 5004 1046 5056 ea,
1088 5004 1207 5056 quae
1242 4990 1307 5043 de
1349 4988 1451 5042 illis
1476 4989 1655 5043 dicere
1699 4990 1952 5057 habebat,

387 5084 743 5149 exposuisset,
772 5096 914 5135 nunc
946 5095 1013 5135 ex
1043 5080 1124 5134 eis
1158 5095 1276 5147 qua:
1304 5080 1577 5148 proponit,
1610 5080 1956 5148 providentiae

388 5178 658 5223 auctorem
688 5179 741 5223 et
787 5168 1032 5237 opiﬁcem
1087 5166 1253 5222 Deum
1300 5170 1610 5223 conlitelur.
1660 5166 1780 5222 Non
1826 5182 1954 5221 vero

398 5259 753 5327 improbabile
781 5268 882 5325 est,
914 5258 1175 5326 ejusmodi
1216 5258 1532 5327 Eliphazum
1569 5274 1752 5313 secum
1786 5260 1953 5312 ratio-

388 5351 691 5404 cinationes
744 5349 1012 5413 habuisse,
1075 5349 1167 5416 qui
1213 5364 1393 5402 rerum
1446 5350 1801 5402 humanarum
1862 5363 1955 5402 sa-

389 5442 589 5513 pientia
632 5440 996 5496 antecelleret.
1032 5441 1105 5493 De
1129 5440 1485 5495 invisibilibus
1514 5450 1694 5494 autem
1747 5449 1801 5494 et
1825 5440 1952 5494 visi-

392 5535 587 5591 bilibus
627 5535 885 5603 disputat,
913 5532 981 5587 de
1010 5533 1234 5586 minime
1274 5531 1699 5602 vestigabilibus,
1744 5533 1953 5602 magnis

388 5640 445 5684 et
485 5628 753 5698 gloriosis,
792 5626 973 5695 pluvia
1003 5634 1058 5679 et
1091 5639 1252 5693 aqua,
1300 5624 1459 5679 verba
1508 5623 1744 5691 faciens;
1788 5639 1951 5693 quam

389 5720 604 5789 quidem
632 5719 675 5772 si
706 5734 735 5771 a
765 5707 941 5786 pluvia
959 5714 1330 5779 Uiscriminat,
1372 5731 1488 5769 eam
1526 5731 1718 5785 aquam
1753 5715 1951 5769 intelli-

388 5810 489 5878 git,
517 5822 634 5877 quae
665 5822 696 5861 e
720 5806 977 5870 fontibus,
1011 5820 1041 5859 e
1073 5805 1419 5867 torrentibus,
1451 5817 1505 5858 et
1527 5806 1679 5860 venis
1694 5806 1944 5860 scaturit.

2053 1940 2330 2010 χρησίμην
2371 1938 2449 2008 τῷ
2492 1938 2639 2005 γένει
2680 1938 2757 2009 τῷ
2790 1938 3065 2009 ἡμετέρῳ,
3101 1940 3237 1993 ἀλλά
3268 1940 3364 1992 καὶ
3405 1942 3605 1993 Est-.5601;-

2053 2029 2162 2091 λον,
2196 2031 2288 2082 καὶ
2316 2027 2732 2093 κατασκευάζει,
2759 2031 2839 2082 ὅτι
2872 2032 2979 2084 πᾶν
3003 2031 3064 2083 τὸ
3087 2032 3269 2084 ἄδικον
3302 2034 3395 2085 καλ¹
3424 2035 3605 2103 ὑπερή-

2055 2137 2219 2189 φανον
2259 2120 2550 2173 ἀπόλλυσιν
2580 2121 2610 2173 ὁ
2641 2121 2791 2183 Θεός.
2840 2121 3160 2175 ’Λπόλλυται
3194 2122 3347 2191 γοῦν,
3385 2128 3604 2195 φησὶν,ὀ

2053 2212 2420 2275 ἀνυπόστατος
2450 2211 2615 2273 λέων,
2644 2212 2770 2264 ὅταν
2799 2211 3053 2281 βούληται
3081 2213 3234 2275 Θεός’
3266 2215 3538 2268 σϐέννυται
3559 2217 3605 2268 δὲ

2053 2303 2112 2354 τὸ
2139 2304 2326 2374 ἄγριον
2353 2303 2571 2373 φθέγμα
2599 2302 2697 2371 τῆς
2726 2302 2963 2373 λεαίνης,
2996 2305 3063 2356 δι’
3089 2299 3149 2357 οὗ
3184 2306 3492 2376 ὲκδειματοῖ
3515 2308 3605 2359 τῶν

2054 2393 2257 2464 Θηρίων
2286 2394 2355 2446 τὰ
2381 2393 2771 2462 ἀσθενέστερα·
2811 2394 2903 2445 καὶ
2933 2394 2980 2446 οἱ
3012 2393 3303 2464 δράκοντες
3338 2398 3605 2449 ἐταπεινώ-

2055 2482 2227 2552 θησαν
2248 2500 2260 2513 ο
2290 2482 2503 2547 ἐξέλιπε
2527 2483 2583 2535 δὲ
2613 2485 2641 2537 ό
2675 2484 3090 2555 μυρμηκολέων,
3126 2486 3200 2555 μὴ
3231 2488 3605 2558 χορηγηθείσης

2054 2574 2202 2643 αὐτῷ
2243 2575 2451 2646 τροφῆς
2470 2590 2484 2604 ·
2521 2576 2621 2629 καὶ
2644 2578 2697 2628 οὶ
2715 2578 2973 2644 σκύμνοι
2992 2575 3111 2630 τῶν
3132 2580 3399 2632 λεόντων
3417 2580 3607 2633 ἔλιπον

2053 2666 2171 2718 ἀλλ
2180 2665 2493 2732 ήλους,οὑκ
2516 2668 2593 2730 είς
2609 2667 2853 2738 διαδοχὰς
2871 2672 3089 2739 παραπέ
3096 2688 3351 2741 μπονται.

2126 2758 2283 2809 Κατὰ
2313 2758 2495 2828 μέντοι
2527 2759 2623 2829 τὴν
2656 2760 2899 2831 ἱστορίαν
2920 2801 2935 2825 ,
2973 2762 3158 2832 ἐπειδὴ
3195 2759 3350 2816 εἶπεν
3390 2764 3602 2832 Ἑλιφάξ,

2053 2845 2134 2897 ὅτι
2166 2846 2214 2898 oi
2255 2846 2567 2918 σπείροντες
2595 2850 2663 2902 τὰ
2691 2849 2885 2915 ἄτοπα,
2918 2852 3026 2904 ἀπὸ
3068 2855 3488 2924 προστάγματος
3512 2857 3605 2907 Κν-

2059 2938 2172 3007 ρίου
2213 2939 2561 3005 ἀπολοῦνται,
2594 2943 2903 3012 ἐπήγαγεν,
2937 2946 3019 2997 ὅτι
3067 2947 3161 2997 καὶ
3194 2945 3331 2998 λέων
3377 2948 3467 2999 καὶ
3497 2946 3605 3016 δρα·

2056 3042 2166 3078 κων
2199 3026 2260 3078 τὸ
2304 3028 2436 3080 αὐτὸ
2468 3029 2747 3094 πείσεται,
2782 3030 2916 3084 Θεοῦ
2950 3031 3299 3102 βουλομένου.
3357 3035 3413 3086 Ὁ
3452 3036 3605 3086 τοίνυν

2056 3116 2148 3168 καὶ
2190 3118 2247 3169 ὲν
2277 3121 2389 3182 τοῖς
2430 3119 2645 3188 ἀλόγοις
2674 3121 2772 3193 τὴν
2814 3123 3066 3189 εὐταξίαν
3108 3123 3404 3195 διατηρῶν,
3452 3125 3605 3195 πολλῷ

1977 3212 2017 3270 C
2053 3206 2252 3274 μᾶλλον
2280 3210 2364 3261 ἐπ’
2392 3209 2713 3281 ἀνθρώπων.

2126 3344 2215 3397 Στ.
2243 3344 2325 3407 ιζ’.
2366 3347 2427 3399 Tl
2449 3344 2595 3415 reip;
2619 3346 2705 3416 μὴ
2733 3349 2985 3416 καθαρός
3014 3348 3183 3403 ἔσται
3204 3350 3431 3418 βροτὸς
3456 3352 3603 3403 ἐγαν-

2054 3436 2183 3492 τίον
2207 3437 2314 3492 τοῦ
2340 3439 2559 3508 Κυρίου
2579 3456 2597 3504 ;
2618 3440 2678 3509 ἣ,
2708 3440 2826 3496 ἀπὸ
2854 3438 2971 3496 τῶν
2998 3441 3188 3513 ἔργων
3210 3444 3422 3513 αὑτοῦ,
3449 3445 3602 3515 ἄμεμ-

2056 3544 2201 3594 πτος
2225 3528 2378 3597 ἀνήρ
2396 3546 2415 3596 ;

2126 3618 2400 3688 Διδύμου.
2441 3623 2554 3676 Οὐκ
2602 3622 2698 3687 ἂν,
2732 3625 2885 3695 φησὶ,
2919 3627 3074 3681 τοῦτο
3103 3628 3300 3692 εἴποις,
3332 3630 3407 3694 ὡς
3446 3632 3598 3703 ἀμαρο

2054 3726 2119 3779 τη
2129 3710 2312 3779 μάτων
2340 3712 2496 3774 ἐκτὸς
2521 3712 2614 3777 ὢν,
2644 3715 2816 3768 ταῦτα
2841 3716 3113 3791 πέπονθας
3136 3737 3147 3749 '
3179 3721 3301 3773 ἐπεὶ
3325 3722 3455 3791 μηδὲ
3480 3724 3599 3774 ἔστιν

2055 3798 2338 3869 ἀνθρώπου
2374 3800 2531 3869 φύσιν
2569 3804 2703 3875 πρὸς
2735 3806 2832 3876 τὴν
2872 3784 2978 3860 τῶν
3008 3809 3187 3879 νόμων
3216 3784 3496 3882 ἀκρίϐειαν
3522 3829 3597 3864 πο-

2054 3887 2377 3943 λιτεύεσθαι.
2418 3892 2572 3944 Ἔστι
2604 3892 2712 3964 γὰρ
2734 3894 2821 3946 ὅτε
2861 3896 2959 3964 μὲν
2985 3897 3079 3950 καὶ
3110 3900 3397 3963 ἑκουσίοις,
3426 3900 3594 3953 πολλὰ·

2055 3997 2141 4041 κις
2170 3979 2226 4031 δὲ
2265 3981 2357 4033 καὶ
2391 3982 2664 4046 ἀκουσίοις
2693 3984 3115 4057 περιπίπτομεν,
3150 3988 3239 4042 διά
3276 3991 3375 4059 τὴν
3398 3992 3488 4060 τῆς
3513 3991 3595 4059 φύ-

2059 4086 2192 4132 σεως
2236 4072 2536 4126 ἀσθένειαν.
2574 4072 2742 4126 Τοῦτο
2776 4074 2959 4144 μέντοι
2992 4078 3216 4131 πιθανὸν
3264 4080 3526 4152 ὑπάρχον,
3555 4082 3593 4132 ει

2056 4160 2195 4212 κατά
2217 4162 2312 4231 τὴν
2339 4162 2544 4217 ἔννοιαν
2561 4164 2884 4231 ἐξετάζοιτο,
2906 4168 3014 4238 ἔχει
3042 4169 3131 4221 τὸν
3160 4170 3396 4240 ἔλεγχον.
3426 4173 3483 4224 ΕΞ
3503 4172 3591 4240 γὰρ

2055 4249 2122 4301 δι’
2148 4250 2422 4322 ἁμαρτίας
2455 4255 2483 4305 ό
2518 4256 2862 4325 περιπίπτων
2888 4258 3129 4329 ἀνιαροῖς
3160 4260 3418 4325 θλίϐεται,
3446 4263 3591 4325 οὐδεξ

2054 4340 2110 4393 δὲ
2138 4342 2392 4415 καθαρὸς,
2423 4346 2597 4410 οὐδεὶς
2622 4348 2779 4412 ἐκτὸς
2807 4351 3043 4422 ἀνιαρῶν
3075 4352 3367 4423 ὑπάρξειεν
3392 4356 3470 4409 ἄν.

2125 4536 2214 4589 Στ.
2249 4535 2316 4605 η’.
2356 4539 2572 4605 Κύριον
2618 4539 2686 4592 δὲ
2730 4540 2838 4594 τὸν
2876 4541 3116 4596 πάντων
3153 4547 3461 4614 Δεσπότην
3485 4546 3587 4598 ἐπι-

2052 4626 2402 4695 καλέσωμαι,
2430 4630 2535 4681 τὸν
2556 4631 2844 4685 ποιοῦντα
2876 4634 3129 4702 μεγάλα,
3159 4638 3257 4689 καὶ
3285 4638 3588 4705 ἀνεξιχνία-

2051 4728 2186 4777 στα,
2202 4717 2421 4782 ἑνδοξά
2438 4736 2500 4772 τε
2520 4721 2619 4773 καὶ
2640 4721 2894 4787 ἐξαίσια,
2918 4718 3004 4776 ὧν
3028 4728 3138 4779 οὐκ
3162 4727 3320 4781 ἔστιν
3355 4731 3585 4799 ἀριθμός.

2122 4891 2397 4961 Διδύμου.
2438 4896 2829 4968 Αίτιασάμενος
2861 4902 2988 4964 τοὺς
3026 4901 3289 4973 ἄφρονας,
3326 4906 3418 4958 καὶ⁵
3447 4904 3587 4957 εἰπὼν

2051 4980 2087 5035 ἃ
2119 4979 2238 5036 εἷπε
2268 4985 2393 5054 περὶ
2432 4988 2637 5054 αὐτῶν,
2670 4990 2764 5043 νῦν
2798 4995 3102 5063 προνοητὴν
3124 4996 3379 5065 ὁμολογεί
3412 4997 3585 5063 19.161;-

2058 5075 2312 5144 μιουργὸν
2335 5077 2423 5131 τὸν
2447 5077 2596 5143 Θεὸν,
2625 5079 2711 5133 διὰ
2738 5081 2845 5135 τῶν
2872 5084 3212 5140 ἐκτιθέντων.
3251 5089 3365 5141 Οὐκ
3392 5089 3584 5148 auaui;

2053 5163 2109 5216 δὲ
2148 5165 2309 5219 αὑτὸν
2356 5167 2557 5231 ταύτας
2587 5169 2730 5240 ἔχειν
2768 5172 2868 5236 τὰς
2906 5174 3218 5246 διαλήψεις,
3261 5179 3426 5249 ἄνδρα
3456 5179 3582 5246 Μὶν

2053 5254 2179 5307 ὅντα
2204 5256 2274 5308 τὰ
2298 5258 2628 5329 ἀνθρώπινα.
2670 5264 2821 5333 Ἔχει
2860 5264 2917 5317 δὲ
2950 5266 3043 5319 καὶ
3071 5268 3200 5337 περὶ
3232 5269 3469 5340 ἀοράτων
3511 5269 3584 5321 iui

2052 5346 2261 5417 ὁρατῶν
2285 5348 2554 5419 διάληψιν,
2580 5354 2707 5422 περὶ
2734 5354 3153 5425 ἀνεξιχνιάστων
3181 5357 3376 5427 λέγων,
3404 5359 3487 5412 καὶ
3508 5375 3580 5427 μευ

2043 5437 2251 5505 γάλων,
2280 5440 2373 5493 καὶ
2396 5441 2640 5508 ἐνδόξων,
2672 5446 2827 5498 ὑετοῦ
2850 5464 2908 5499 τε
2934 5449 3025 5500 καὶ
3062 5448 3254 5511 ὓδατος
3272 5466 3288 5482 ο
3309 5452 3438 5521 ὅπερ
3465 5449 3579 5514 ὕδωρ

2049 5530 2099 5581 εἰ
2140 5530 2435 5584 διαστέλλοι
2463 5531 2556 5585 τοῦ
2598 5535 2776 5596 ὑετοῦ,
2805 5537 2866 5589 τὸ
2912 5539 2975 5589 ἐκ
3015 5538 3229 5608 πηγῶν,
3264 5541 3355 5592 καὶ
3382 5540 3577 5609 χειμάρο

2051 5623 2178 5692 ρων,
2201 5622 2294 5675 καὶ
2316 5622 2525 5692 φλεϐῶν
2542 5625 2625 5695 εἴη
2644 5624 2707 5678 ἂν
2724 5626 2913 5695 λέγων.
2930 5628 3067 5697 Φησὶ
3078 5630 3277 5693 τοίνυν,
3295 5631 3371 5682 ὅτι
3401 5627 3576 5694 ἐγὼοῦ

2047 5714 2287 5778 δοξάζων
2328 5715 2447 5767 οὐδὲ
2486 5717 2699 5787 φρονῶ,
2741 5718 2816 5781 ὡς
2861 5720 2911 5771 oi
2950 5719 3198 5785 ἀσεϐεῖς,
3242 5720 3433 5787 ἀλλάγε
3472 5717 3561 5786 πρὸ

2047 5822 2191 5859 νοιαν
2230 5807 2626 5877 ἐπιστάμενος,
2686 5809 2777 5863 καὶ
2822 5810 2978 5874 εἰδὼς
3020 5811 3111 5865 τὸν
3162 5811 3293 5865 Θεὸν
3337 5812 3573 5877 Δεσπότηι
