3774 6310
147 369 283 435 H33

1429 370 1853 441 FRAGMENTA
1889 386 1954 441 IN
1992 385 2138 444 tos.

3287 402 3425 458 ΗΜ

145 491 380 553 πάντων,
428 490 530 544 καὶ
584 494 809 566 καιρῶν,
850 497 943 550 καὶ
988 495 1188 558 τόπων,
1230 497 1324 550 καὶ
1372 498 1712 568 πραγμάτων

1891 501 1984 556 icit
2036 503 2380 575 igiturzEgo
2433 505 2484 558 in
2533 506 2719 561 eadem
2764 507 3020 587 opinione
3053 521 3108 565 et
3151 519 3420 577 sententia

144 581 517 654 ἐπικαλοῦμαι
567 586 762 651 αὑτὸν,
816 587 1049 658 πρέπειν
1099 587 1256 641 τοῦτο
1307 589 1640 659 ἡγούμενος,
1679 591 1740 655 ὃς

144 675 277 727 κατὰ
321 679 560 747 καιροὺς
600 679 888 749 θαυμαστὰ
929 678 1253 751 ἐργάζεται,
1295 681 1388 733 καὶ
1426 681 1740 752 ἐκπλήξεως

144 766 282 830 ἄξια,
313 768 455 837 πρὸς
476 767 756 838 ὠφέλειαν
787 771 1110 843 ἀνθρώπων,
1162 765 1237 824 ὧν
1296 772 1358 825 τὸ
1387 766 1589 843 πλῆθος
1621 769 1742 827 οὑδὲ

143 860 277 926 λόγῳ
311 859 622 929 καταλέξαι
655 854 766 914 οἷόν
801 864 880 918 τε.
931 864 1096 932 Λέγει
1136 863 1193 917 δὲ
1226 864 1325 935 τὴν
1357 864 1478 916 καθ’
1507 866 1742 934 ἑκάστην

152 949 326 1016 γενεὰν
357 951 629 1023 ποικίλην
652 955 951 1025 γενομένην
981 956 1254 1026 πρόνοιαν,
1284 956 1476 1020 κοινῶς
1507 975 1566 1009 τε
1601 958 1736 1029 πρὸς

143 1040 408 1105 ἅπαντας,
441 1043 545 1096 καὶ
581 1045 683 1116 ἰδίᾳ
707 1046 841 1116 πρὸς
867 1047 1118 1100 ἕκαστον.
1158 1049 1243 1110 Ὡς
1268 1047 1376 1118 γὰρ
1408 1047 1515 1100 τῶν
1536 1038 1742 1120 ἀνθρώ-

142 1147 254 1182 πων
283 1132 385 1186 οὑκ
421 1133 584 1188 ἔστιν
625 1137 856 1206 ἀριθμὸν
901 1138 1104 1208 εὑρεῖν,
1145 1136 1317 1201 οὑτως
1348 1138 1470 1191 οὑδὲ
1508 1139 1609 1208 τῆς
1642 1139 1735 1192 τοῦ

143 1222 272 1275 Θεοῦ
300 1226 604 1292 ἐφικέσθαι
634 1230 911 1300 προνοίας.

1844 609 1963 648 cum
1993 593 2174 663 impiis
2201 611 2306 650 non
2330 613 2470 662 sum,
2498 603 2592 655 sed
2619 615 2740 653 cum
2775 601 2941 655 sciam
2971 618 3093 658 esse
3131 607 3424 674 providen-

1847 682 2000 749 tiam,
2032 696 2086 740 et
2123 685 2290 740 Deum
2338 673 2623 744 Dominum
2655 691 2893 744 omnium
2928 692 3249 764 intelligam,
3283 707 3422 750 tem,

1843 790 2060 845 porum,
2111 777 2346 834 locortim
2376 789 2429 832 et
2459 796 2657 846 rerum,
2705 783 2852 836 illum
2891 783 3084 839 invoco
3113 786 3206 855 (ita
3232 788 3424 842 decere

1843 868 2212 938 existimans),
2242 870 2332 940 qui
2389 872 2549 927 statis
2608 875 2966 943 temporibus,
3029 880 3095 931 ad
3146 880 3423 934 hominum

1846 957 2134 1012 utilitatem
2168 974 2256 1014 res
2288 961 2562 1017 mirandas
2616 973 2670 1018 et
2749 976 2966 1033 stupore
3017 969 3208 1038 dignas
3268 969 3420 1039 facit,

1851 1065 2074 1111 quarum
2122 1051 2522 1112 multitudinem
2569 1072 2724 1108 netm)
2760 1059 3005 1111 oratione
3038 1061 3286 1129 persequi
3320 1077 3421 1131 po-

1847 1151 1949 1194 test
1976 1159 1989 1205 ;
2021 1129 2149 1194 dicit
2174 1151 2377 1207 autem,
2409 1145 2553 1198 omni
2582 1161 2715 1209 :cvn,
2755 1145 2865 1201 tum
2901 1165 3027 1218 erga
3061 1166 3248 1205 omnes
3274 1166 3422 1206 com-

1848 1232 2099 1295 muniter,
2134 1241 2243 1285 tum
2280 1233 2529 1300 privatim
2561 1252 2685 1306 erga
2716 1239 2981 1309 singulos,
3014 1241 3200 1296 varias
3226 1242 3422 1300 divina:

145 1320 499 1387 providentia:
541 1323 778 1376 rationes
835 1323 1128 1377 exstitisse.
1198 1321 1265 1376 Ut
1333 1323 1476 1376 enim
1549 1323 1822 1376 hominum
1864 1337 2117 1376 numerus
2160 1323 2385 1378 inveniri
2435 1342 2540 1379 non
2584 1339 2779 1394 potest,
2828 1332 2900 1383 ita
2950 1332 3300 1399 previdentim
3341 1333 3423 1388 di-

146 1425 277 1464 vina:
306 1415 586 1466 rationem
615 1415 1070 1480 comprehendere
1101 1415 1428 1482 impossibile
1451 1423 1552 1467 est.

206 1529 297 1582 Στ.
330 1534 422 1582 ια’.
462 1528 584 1581 Τὸν
624 1526 913 1581 ,ποιοῦντα
942 1524 1260 1594 ταπεινοὺς
1288 1532 1374 1595 εἰς
1403 1529 1591 1598 ὕψος,
1634 1528 1732 1580 καὶ

146 1623 543 1685 ἀπολωλότας
572 1619 972 1691 ἑξεγεῲοντίῑ.

252 1712 491 1781 ιδύμου.
525 1711 860 1765 Μεταὸαίνει
897 1710 988 1763 καὶ
1015 1711 1105 1763 ἐπὶ
1139 1711 1234 1780 τὴν
1265 1711 1383 1763 κατ’
1407 1708 1728 1781 ἀνθρώπους

1912 1521 2075 1576 Vens.
2103 1523 2186 1576 Η.
2225 1521 2327 1588 Qui
2355 1522 2488 1595 facit
2521 1522 2741 1578 humiles
2763 1527 2813 1578 in
2835 1526 3189 1596 altitudinem,
3228 1539 3278 1586 et
3298 1548 3419 1588 sus-'-

1842 1614 1965 1665 Citat
1992 1619 2076 1665 eos
2113 1614 2197 1682 qui
2237 1614 2525 1682 perierant.

1918 1702 2144 1771 Didymi.
2181 1703 2401 1758 Transit
2428 1704 2494 1758 ad
2526 1720 2645 1759 eam
2678 1709 3068 1775 providentiam
3093 1718 3212 1780 qua}
3243 1715 3408 1770 homi—

148 1806 421 1875 πρόνοιαν,
464 1806 568 1858 καὶ
605 1803 766 1858 τοῦτο
804 1799 859 1858 δὲ
892 1802 1232 1872 διακείμενος
1268 1803 1396 1873 περὶ
1425 1800 1516 1853 τοῦ
1560 1799 1695 1852 Θεοῦ

1886 1810 1937 1847 es
1974 1792 2216 1861 respicit,
2246 1803 2409 1862 atque
2455 1795 2520 1849 de
2558 1797 2667 1849 Deo
2705 1798 2783 1850 sic
2822 1796 3048 1854 aﬂecttts
3073 1841 3087 1866 ,
3115 1803 3414 1879 existimat,

147 1900 220 1951 ὅτι
252 1898 414 1960 αὑτὸς
447 1897 509 1963 ἐξ
546 1891 717 1965 ὕψους
747 1895 1009 1958 ταπεινοῖ,
1050 1895 1114 1948 ὲκ
1145 1895 1390 1966 πενήτων
1423 1892 1727 1956 πλουσίους,

148 1989 202 2054 ἐξ
244 1988 505 2058 ὑπηκόων
563 1986 863 2058 ἄρχοντας,
918 1989 983 2039 ἐκ
1032 1985 1331 2039 νοσούντων
1390 1985 1730 2053 ὑγιαίνοντας

147 2080 629 2152 ἀπεργαζόμενος.

211 2173 299 2224 Στ.
350 2172 439 2234 ιζ’.
479 2165 792 2238 Μακάριος
825 2169 894 2224 δὲ
931 2169 1240 2239 ἄνθρωπος
1281 2170 1354 2224 ὃν
1398 2169 1655 2240 ἤλεγξεν
1696 2171 1728 2223 ό

150 2266 370 2332 Κύριος*
400 2263 750 2332 νουθέτημα
771 2263 839 2316 δὲ
865 2262 1350 2332 Παντοκρὰτορος
1374 2262 1458 2330 μὴ
1485 2261 1732 2316 ἀπαναί-

152 2377 272 2412 rov.
306 2357 498 2423 Αὐτὸς
535 2356 650 2426 γὰρ
672 2356 881 2425 ἀλγεῖν·
909 2357 1096 2420 ποιεῖ,
1129 2356 1226 2409 καὶ
1257 2355 1444 2409 πάλιν
1457 2356 1727 2409 ἀποκιιο-

151 2450 418 2516 ίστησινο
469 2450 716 2513 ἔπαισε,
762 2450 857 2502 καὶ
905 2452 964 2501 αὶ
1003 2450 1200 2519 χεῖρες
1233 2447 1418 2501 αὑτοῦ
1455 2446 1722 2501 ἱάσαντο.

215 2543 488 2611 Διδύμου.
547 2541 794 2611 Ἐλέγχει
835 2541 986 2605 Θεὸς,
1039 2543 1135 2594 καὶ
1185 2541 1282 2610 τὴν
1319 2540 1417 2610 τῆς
1467 2539 1728 2609 μάστιγος

155 2631 337 2699 ἐπάγει
365 2631 690 2694 νουθεσίαν,
722 2633 818 2700 οὑχ
862 2631 950 2684 ἵνα
992 2630 1254 2703 ἀπολέσῃ,
1290 2628 1403 2681 ἀλλ’
1449 2629 1534 2680 ἵνα
1577 2627 1724 2698 σώσῃ

154 2722 236 2772 τὴν
266 2723 663 2793 παιδευόμενον
689 2739 704 2752 ο
752 2723 845 2776 καὶ
879 2723 942 2775 σὺ
982 2722 1162 2775 τοίνυν
1211 2722 1286 2791 μὴ
1332 2719 1598 2788 καθυφεὶς
1630 2717 1724 2772 τοῦ

156 2815 489 2885 φρονήματος
507 2854 522 2879 ,
555 2815 673 2884 μετ’
703 2812 1049 2884 εὐχαριστίας
1077 2812 1232 2882 δέχου
1256 2813 1344 2865 τὸν
1378 2812 1617 2882 ἔλεγχον.

219 2991 303 3046 Στ.
336 2999 423 3064 ιη’.
462 2991 713 3058 Ἑξάκις
736 2991 804 3054 ἐξ
830 2989 1110 3060 ἀναγκῶν
1138 3005 1211 3044 σε
1232 2989 1540 3053 ἐξελεῖται,
1569 2990 1638 3042 ἐν
1658 2988 1725 3041 δὲ

156 3081 228 3147 τῷ
261 3085 484 3154 ἑϐδόμῳ
520 3086 598 3139 οὺ
632 3083 716 3154 μὴ
750 3083 976 3152 (ignita!
1005 3099 1120 3137 σου
1161 3083 1365 3135 κακόν.

1804 1903 1809 1907 -
1838 1901 1958 1938 eum
1993 1901 2057 1938 ex
2083 1886 2230 1940 edito
2259 1885 2380 1940 loco
2409 1888 2717 1953 humiliare,
2754 1899 2819 1944 ex
2856 1896 3142 1962 egentibus
3181 1897 3418 1966 locuples

1838 1987 1940 2043 tes,
1979 1994 2042 2030 ex
2076 1980 2306 2033 subditis
2338 1980 2631 2049 principes,
2668 1999 2733 2036 ex
2770 1982 3184 2041 valetudinariis
3226 1986 3417 2043 τοιοηά

1839 2078 1920 2122 tes
1957 2069 2181 2123 reddere
2206 2070 2400 2123 solere.

1907 2157 2069 2212 Vsus.
2104 2158 2192 2214 17.
2232 2157 2428 2213 Beatus
2471 2172 2645 2215 autem
2691 2167 2845 2216 homo
2885 2181 3036 2234 quem
3085 2179 3260 2238 arguit
3302 2171 3413 2224 Do-

1836 2249 2048 2311 minus;
2107 2251 2441 2306 monilionem
2498 2269 2615 2306 vero
2672 2254 3053 2325 Omnipotentis
3099 2277 3160 2314 ne
3201 2279 3412 2325 renuas.

1837 2339 1958 2407 Ipse
2017 2343 2152 2394 enim
2207 2344 2381 2396 dolere
2432 2345 2603 2413 facit,
2650 2358 2697 2399 et
2745 2364 2926 2402 rursus
2978 2353 3248 2420 restituit;
3291 2373 3412 2425 per.

1835 2433 2024 2494 cussit,
2066 2445 2112 2485 et
2158 2450 2343 2487 manus
2391 2437 2504 2505 ejus
2549 2452 2888 2493 sanaverunt.

1906 2522 2139 2592 Didymi.
2166 2524 2533 2591 Reprehendit
2563 2527 2726 2594 Deus,
2763 2541 2818 2584 et
2850 2531 3140 2604 ﬂagrorum
3173 2539 3411 2609 castiga.

1835 2618 2036 2672 tionem
2071 2620 2239 2686 addit,
2277 2636 2381 2672 non
2415 2631 2470 2673 ut
2495 2625 2747 2689 perimat,
2781 2627 2875 2679 sed
2912 2639 3107 2684 uteum
3162 2634 3253 2701 qtti
3285 2650 3413 2689 cor.
3441 2616 3452 2622 δ

1838 2711 2062 2780 rigitur,
2098 2720 2276 2766 servet
2306 2731 2318 2766 :
2362 2721 2415 2765 tu
2441 2714 2604 2782 igitur
2660 2717 2900 2771 animum
2934 2722 3157 2778 minime
3182 2725 3414 2796 despon-

1835 2797 1985 2861 dens,
2033 2815 2157 2853 cum
2204 2802 2501 2869 gratiarum
2549 2805 2766 2861 actione
2815 2807 3241 2877 increpationem
3295 2831 3414 2870 am.

1834 2889 2091 2957 plectere.

1908 2980 2074 3036 Vsus.
2127 2983 2214 3036 18.
2276 2981 2455 3038 Sexies
2503 2987 2566 3039 de
2619 2990 3014 3046 necessitatibus
3060 3001 3108 3048 te
3148 3007 3317 3065 eruet,
3360 3009 3411 3056 et

1837 3073 1892 3126 in
1934 3075 2152 3142 septimo
2200 3091 2302 3128 non
2347 3087 2518 3147 tanget
2561 3089 2608 3132 te
2646 3080 2864 3134 malum.

221 3171 488 3241 Διδύμου.
533 3172 694 3226 Κατὰ
723 3172 781 3224 δέ
817 3189 970 3234 τινας
1021 3170 1410 3224 ὑποϐάλλουσιν
1440 3171 1487 3222 οἱ
1526 3170 1715 3239 στίχοι,

1907 3168 2139 3236 Didymi.
2214 3168 2373 3224 Juxta
2457 3182 2634 3226 autem
2699 3179 3052 3243 quorumdam
3105 3181 3410 3250 opinionem

157 3260 232 3313 ὅτι
263 3265 338 3324 είς
372 3265 496 3316 ὅσον
524 3281 614 3327 τις
643 3264 746 3317 ὑπὸ
775 3262 866 3315 τὸν
909 3263 965 3313 ἐν
993 3261 1050 3326 ἓξ
1084 3261 1315 3331 ἡμέραις
1359 3261 1722 3330 γεγενημένον

159 3351 376 3423 ὑπάρχει
421 3354 662 3425 κόσμον,
699 3353 798 3417 τὰς
839 3354 897 3406 ὲν
923 3351 1074 3422 αὑτῷ
1104 3351 1363 3422 ὑπομένει
1409 3351 1596 3415 ἀνίας,
1630 3351 1724 3403 καὶ¹

161 3439 375 3510 θλίψεις·
418 3445 526 3498 κᾶν
577 3445 731 3513 ἆγιός
776 3461 861 3508 τις
907 3444 1159 3514 ὑπάρχῃ,
1208 3444 1316 3513 ἔχει
1367 3444 1466 3513 τὴν
1512 3445 1576 3496 ἐκ
1627 3442 1722 3499 τοῦ

165 3530 396 3602 σώματος
428 3537 530 3608 τῆς
567 3536 756 3607 χρείας
804 3535 1081 3604 ἀνάγκηνο
1120 3535 1363 3605 ὑπερϐὰς
1406 3535 1463 3587 δὲ
1498 3535 1589 3592 τὸν
1631 3535 1723 3587 κό-

162 3641 302 3693 σμον,
332 3631 424 3682 καὶ
453 3633 512 3682 ὲν
545 3632 610 3700 τῇ
642 3629 970 3700 ἐϐδοματικῇ
1001 3628 1304 3681 ἀναπαύσει
1334 3627 1721 3698 γεγενημένος,

164 3714 251 3766 οὐκ
277 3718 595 3790 αἰσθήσεται
621 3717 942 3782 κακώσεως
973 3720 1094 3772 ἐπεὶ
1119 3719 1212 3772 καὶ
1237 3718 1330 3772 τοῦ
1350 3718 1722 3790 ἀφιλάργυρον

163 3803 354 3876 ἔχοντος
397 3811 488 3864 τὸν
515 3811 717 3884 τρόπον
761 3813 857 3882 οὑχ
903 3810 1131 3864 ἅπτεται
1166 3809 1358 3880 ζημία.
1401 3810 1459 3864 '0
1496 3810 1552 3870 δὲ
1597 3809 1722 3874 νοῦς

167 3899 381 3965 τοιοῦτος
400 3919 415 3932 ο
463 3905 556 3957 Ἐν
587 3902 663 3973 τῷ
697 3904 790 3957 νῦν
819 3904 976 3958 αίώνι
1017 3905 1283 3975 γυμνάσει
1318 3923 1400 3968 σε,
1435 3906 1531 3958 καὶ
1560 3907 1616 3959 ὲν
1644 3905 1720 3976 τῷ

169 3990 392 4057 μέλλοντί
427 4015 485 4050 σε
537 3997 769 4064 δοξάσει.
813 3997 927 4050 Οὑκ
969 3997 1183 4067 ἀνάγκη
1227 3997 1282 4052 δὲ
1314 4001 1435 4062 ταῖς
1468 3998 1721 4070 θεωρίαις

166 4081 250 4145 τὰς
276 4085 510 4159 ἱστορίας
546 4088 886 4159 ἐξομαλίζειν
917 4087 1062 4159 ἑξῆς.

230 4344 310 4398 Στ.
337 4355 446 4412 κς’.
486 4349 746 4415 Ἐλεύσῃ
771 4346 841 4411 δὲ
863 4348 931 4401 ἐν
949 4346 1134 4416 τάφῳ,
1157 4347 1359 4416 ὥσπερ
1392 4349 1560 4414 σῖτος
1583 4347 1715 4416 ὤρι-

165 4449 280 4500 μος,
302 4439 444 4492 κατὰ
474 4439 686 4507 καιρὸν
721 4436 1082 4507 θεριζόμενος
1101 4455 1114 4469 ·
1151 4440 1189 4507 ἢ
1225 4439 1426 4509 ὥσπερ
1452 4440 1715 4509 θημωνία

169 4523 378 4593 ἅλωνος
400 4532 529 4586 καθ’
554 4531 713 4600 (Ian
737 4530 1230 4601 συγκομισθεῖσα.

229 4617 490 4689 Διδύμου.
522 4620 692 4675 Τοῦτο
728 4621 836 4693 γὰρ
861 4620 1010 4691 δηλοί
1035 4621 1074 4688 ἡ
1101 4619 1572 4691 συγ-κομιζομένη
1615 4624 1718 4688 θη-

167 4709 352 4775 μωνία,
386 4711 479 4784 τὴν
529 4699 830 4786 πλήρωσιν,
882 4713 976 4765 καὶ
1013 4712 1290 4767 τελείωσιν
1314 4756 1328 4778 ,
1365 4715 1457 4769 καὶ
1500 4715 1582 4768 ὅτι
1630 4717 1717 4771 ἐπ’

171 4794 416 4866 ἀσφαλοῦς
441 4803 627 4858 λοιπὸν
651 4801 729 4868 τῷ
762 4802 874 4856 ὄντι
900 4804 1047 4858 ἐστὶν
1075 4805 1103 4857 ὁ
1140 4803 1364 4868 τέλειος.

231 4974 373 5032 ΚΕΦ.
409 4983 500 5049 ς’,
537 4998 620 5034 στ.
653 4979 716 5034 ε’.
759 4981 818 5034 Τί
851 4979 997 5051 reip;
1041 4981 1128 5050 μὴ
1165 4981 1450 5050 διακενῆς
1500 4986 1710 5054 κεκρᾶσ-

175 5061 312 5125 ξεται
343 5071 475 5140 ὄνος
499 5074 702 5143 ἄγριος
722 5114 737 5138 ,
775 5073 912 5126 ἀλλ’
947 5073 985 5141 ἢ
1030 5075 1101 5127 τὰ
1129 5074 1270 5129 σῖτα
1311 5075 1531 5145 (imor;
1560 5083 1612 5132 εὶ
1648 5080 1717 5132 δὲ

175 5157 256 5208 καὶ
273 5161 431 5228 ῥήξει
459 5164 670 5236 φωνὴν
693 5163 869 5229 βοῦς,
903 5165 1003 5220 ἐπὶ
1027 5164 1260 5236 φάτνης
1280 5171 1438 5238 ἔχων
1462 5170 1534 5224 τὰ
1557 5169 1716 5240 βρώ-

172 5264 304 5310 ματα
322 5270 337 5316 ;

233 5340 483 5412 Διδύμου.
520 5347 612 5418 Μὴ
653 5348 762 5418 γὰρ
809 5347 1051 5418 ματαίως
1095 5349 1278 5422 φωνὴν
1330 5351 1552 5423 ἀφίησιν
1593 5353 1712 5416 ὄνος

175 5425 358 5499 ἄγριος.
384 5439 490 5492 ἀλλ’
531 5441 844 5511 ἐνδεόμενος
871 5443 1077 5512 τροφῆς
1098 5457 1110 5469 °
1143 5443 1256 5496 ἀλλ’
1294 5444 1412 5497 οὑδὲ
1449 5445 1574 5515 βοῦς
1610 5465 1714 5518 μυ-

178 5521 332 5614 κᾶται,
362 5531 445 5585 ἐπὶ
473 5533 679 5602 φάτνης
728 5533 1032 5605 βρωμάτων
1071 5537 1365 5607 κειμένων*
1401 5540 1540 5594 ὥστε
1577 5545 1713 5614 μηδὲ

179 5607 260 5704 ξμὲ
282 5617 444 5685 αἰτιῶ,
468 5629 513 5678 εἰ
533 5626 742 5697 κράζω,
767 5627 908 5681 κατά
934 5627 1034 5698 τὴν
1069 5629 1168 5700 σὴν
1195 5630 1462 5704 ὑπόληψιν
1484 5675 1498 5699 ,
1531 5607 1615 5690 διά
1642 5607 1710 5692 τὰ

181 5698 367 5776 ἀνιαρὰ,
397 5716 489 5786 τῆς
524 5718 736 5786 φύσεως
763 5717 1021 5783 ἀσθενοῦς
1045 5721 1415 5795 ὑπαρχούσης.
1444 5727 1625 5782 Ταῦτα
1654 5730 1711 5784 δέ

182 5805 319 5864 φησιν
344 5805 371 5856 ό
391 5809 616 5879 δίκαιος,
647 5813 729 5866 ὅτι
772 5813 859 5878 Ὠς
883 5814 944 5866 οὑ
979 5814 1155 5887 μάτην
1181 5819 1478 5890 άνακράζει
1500 5823 1639 5892 ὄνος,
1673 5823 1706 5897 ἢ

1837 3275 2021 3316 versus
2055 3262 2106 3315 hi
2154 3263 2421 3326 innuunt,
2467 3266 2608 3331 quod
2661 3268 2896 3334 quandiu
2941 3271 3063 3338 quis
3106 3273 3156 3326 in
3208 3280 3408 3332 mundo

1833 3357 1999 3425 degit,
2035 3359 2124 3426 qui
2158 3373 2252 3411 sex
2282 3360 2490 3413 dierum
2521 3362 2698 3428 spatio
2737 3373 2952 3418 creatus
2978 3366 3097 3426 fuit.
3135 3369 3412 3425 calamita.

1834 3457 1916 3502 tes
1958 3448 2332 3504 etlmolestias
2390 3465 2509 3518 qua:
2555 3456 2605 3504 in
2655 3467 2720 3507 eo
2767 3464 2913 3518 sunt,
2970 3459 3240 3525 patiatur;
3284 3462 3410 3517 licet

1831 3538 1974 3591 enim
2013 3539 2135 3607 quis
2176 3550 2396 3595 sanctus
2436 3542 2528 3606 sit,
2558 3544 2801 3612 corporis
2843 3556 3020 3600 tamen
3059 3553 3408 3607 necessitati-

1835 3627 1937 3683 bus
1967 3629 2236 3684 obnoxius
2263 3640 2346 3685 est
2372 3649 2384 3684 :
2416 3633 2671 3686 mundum
2704 3645 2882 3688 autem
2918 3653 3322 3708 supergressus,
3352 3655 3408 3703 et

1832 3723 2205 3777 hehdomatica
2265 3725 2456 3792 requie
2530 3724 2752 3792 fruens,
2809 3729 2896 3784 ab,
2937 3731 3081 3785 omni
3141 3735 3404 3793 malorum

1831 3829 1990 3868 sensu
2043 3829 2242 3868 vacuus
2296 3815 2436 3881 erit;
2495 3819 2932 3886 quandoquidem
2983 3823 3077 3891 qui
3129 3841 3326 3882 avarus
3351 3839 3409 3884 et

1831 3905 2073 3975 pecunia:
2105 3907 2336 3976 cupidus
2362 3924 2470 3961 non
2496 3918 2600 3972 est,
2640 3909 2708 3963 ah
2727 3911 2873 3964 onmi
2891 3909 3104 3979 jactura
3135 3915 3406 3975 indemnis

1827 3999 2062 4054 exsistit.
2096 4001 2304 4055 Sensus
2337 4011 2515 4053 autem
2550 4000 2855 4069 huiusmodi
2896 4017 2976 4059 est
3008 4024 3021 4064 :
3054 4006 3109 4061 lu
3152 4016 3404 4078 praesenti

1827 4090 2024 4143 sacculo
2047 4092 2322 4146 exercehit
2377 4102 2449 4156 te,
2481 4101 2536 4144 et
2575 4093 2627 4146 in
2675 4092 2858 4148 futuro
2905 4096 3244 4164 gloriticabit.
3287 4100 3402 4158 Non

1828 4196 2050 4236 necesse
2096 4193 2273 4237 autem
2309 4194 2390 4237 est
2424 4184 2699 4253 deinreps,
2723 4195 2780 4237 ut
2806 4201 2984 4240 rerum
3018 4200 3290 4258 gestarum
3317 4195 3403 4249 hi-

1824 4269 2008 4323 Storize
2041 4285 2427 4340 usquequaque
2455 4272 2679 4326 theoriaa
2706 4274 3078 4343 adsequentur.

1897 4360 2063 4417 Vens.
2090 4362 2179 4416 ‘26.
2219 4361 2286 4416 Et
2332 4362 2498 4416 venies
2546 4363 2600 4416 in
2648 4364 2945 4424 sepulcrum
2992 4379 3242 4440 tanquam
3285 4375 3402 4441 (ru.

1822 4466 2050 4508 mentum
2099 4467 2404 4519 maturant,
2451 4455 2589 4524 quod
2641 4457 2694 4508 in
2747 4467 2974 4527 tempore
3027 4477 3400 4533 messuerunt;

1748 4559 1792 4613 ι)
1823 4546 1899 4600 vel
1935 4547 2069 4600 sicut
2104 4564 2312 4602 acervus
2353 4566 2488 4604 area:
2524 4552 2578 4604 in
2617 4560 2845 4618 tempore
2882 4567 3261 4644 τοηιρονιιιιιιε.χ

1894 4639 2129 4709 Didymi.
2197 4641 2312 4694 Hoc
2364 4644 2509 4695 enim
2553 4643 2822 4712 signiﬁcat
2864 4659 3217 4714 comportatur
3255 4639 3400 4706 acer.

1821 4746 1946 4793 vus,
2005 4733 2565 4796 consummationem,
2615 4718 2846 4801 scilicet,
2894 4747 2950 4792 et
2987 4737 3396 4811 perfectionem,

1819 4821 2047 4889 etquod
2091 4822 2173 4877 vir
2209 4821 2483 4890 perfectus
2538 4835 2593 4875 et
2635 4827 2914 4882 absolutus
2954 4840 3141 4896 postea
3183 4831 3236 4886 in
3284 4844 3398 4890 tuto

1820 4925 2082 4968 versetur.

1887 5001 2038 5058 CAP.
2075 5003 2162 5070 Vl,
2199 5019 2343 5060 vers.
2393 5006 2446 5061 ὃ.
2477 5006 2624 5073 Quid
2663 5009 2848 5062 enim?
2907 5012 3143 5081 nunquid
3195 5012 3393 5083 frustm

1819 5095 2063 5148 clamabit
2105 5113 2325 5167 onager,
2365 5100 2469 5153 nisi
2520 5116 2664 5155 escas
2710 5103 3024 5172 requirens?
3061 5109 3297 5177 nunquid
3345 5121 3391 5161 et

1818 5198 2048 5257 erumpet
2127 5205 2300 5244 vocem
2373 5191 2463 5245 bos
2490 5231 2506 5258 ,
2590 5209 2708 5246 cum
2790 5196 2976 5251 habeat
3044 5199 3099 5252 in
3171 5200 3391 5269 prmsepi

1817 5280 1956 5332 cibos
1978 5279 2005 5334 .9

1889 5368 2122 5440 Didymi.
2163 5369 2318 5426 Haud
2362 5381 2564 5429 temere
2629 5377 2814 5433 asinus
2893 5379 3144 5436 silvester
3199 5397 3388 5436 vocem

1815 5461 1950 5527 edit,
1986 5462 2078 5517 sed
2106 5465 2229 5518 cum
2260 5465 2381 5520 cibo
2424 5465 2660 5537 indiget;
2703 5485 2876 5538 neque
2919 5473 3117 5540 pabulo
3162 5473 3209 5528 Ζ-
3253 5489 3388 5542 prae.-

1814 5554 1927 5623 sepi
1984 5556 2278 5624 proposito,
2305 5557 2403 5613 hos
2449 5560 2620 5628 mugit
2655 5578 2670 5615 :
2704 5575 2877 5632 quare
2914 5564 2983 5627 si.
3031 5564 3185 5632 juxta
3239 5567 3387 5621 tuam

1813 5644 2145 5712 Opinionem,
2173 5657 2393 5716 propter
2416 5651 2596 5717 gravia
2622 5660 2679 5707 et
2702 5652 2923 5706 molesta
2951 5653 3234 5716 vociferer,
3263 5660 3385 5708 euut

1815 5744 2010 5788 natura
2064 5735 2355 5792 imbecillis
2405 5739 2497 5806 sit,
2539 5742 2643 5794 noli
2679 5757 2764 5796 me
2797 5744 3121 5812 vituperare.
3149 5746 3262 5800 Hoc
3291 5747 3388 5798 ad;

1815 5837 1921 5882 tem
1945 5827 2119 5898 justus
2148 5829 2278 5886 dicit
2321 5829 2801 5904 (Quemadmodum
2823 5852 2927 5891 non
2959 5838 3155 5894 frustra
3184 5837 3387 5897 vocit‘eﬁ
