3774 6326
369 382 508 438 “35

366 596 438 650 ita
475 610 574 650 nec
607 609 708 667 ego
743 598 926 652 animo
972 601 1310 655 conciderent
1339 643 1352 662 ,
1385 598 1486 654 nisi
1530 601 1596 654 ad
1627 585 1942 655 extremita-

365 694 471 740 tem
532 688 798 744 malorum
844 691 1256 760 pervenissent),
1305 703 1367 746 ut
1405 691 1718 760 Eliphaznm
1754 707 1817 747 eo
1848 695 1944 747 ad-

363 770 548 836 ducat,
580 788 648 828 ne
676 775 878 830 homini
927 777 984 831 in
1025 779 1206 832 doiore
1253 780 1549 834 constituto
1576 781 1709 835 vitio
1743 790 1938 847 vertat,

361 863 407 919 si
439 864 578 920 forte
599 866 956 922 vociferetur.
995 867 1146 922 Licet
1171 869 1310 922 enim
1343 869 1519 938 justus
1553 869 1767 925 fortiter
1803 869 1943 924 ferat

362 957 587 1012 adversa
631 972 753 1026 qum
799 969 1069 1027 premunt,
1104 975 1324 1015 sensum
1358 972 1536 1016 tamen
1572 977 1786 1016 omnem
1837 965 1940 1017 bu-

361 1047 639 1102 manitatis
689 1062 886 1103 exuere
918 1064 1038 1103 eum
1089 1066 1193 1104 non
1230 1061 1460 1120 oportet.
1495 1051 1676 1107 Virtus
1705 1052 1844 1106 enim
1876 1069 1939 1108 ea

364 1148 471 1203 est,
497 1140 541 1192 si
582 1140 725 1208 quis,
753 1153 932 1194 rerum
961 1141 1279 1196 acerbarum
1303 1157 1462 1198 sensu
1494 1152 1765 1212 percepto,
1799 1143 1940 1196 dolo-

357 1243 449 1283 res
482 1231 575 1285 Dei
607 1245 771 1285 causa
802 1242 1133 1287 contenmat.

430 1364 592 1418 Vens.
623 1365 677 1419 6.
719 1365 972 1434 Nunquid
1001 1376 1161 1434 potest
1206 1367 1318 1420 sine
1355 1367 1464 1420 sale
1482 1366 1568 1421 edi
1614 1367 1810 1434 panis?
1847 1376 1936 1420 aut

355 1465 429 1509 est
457 1472 615 1524 sapor
640 1458 694 1510 in
721 1457 1042 1512 sermonibus
1075 1459 1266 1510 vanis?

430 1547 667 1619 Didymi.
714 1549 796 1602 Ad
841 1563 1059 1603 sensum
1113 1558 1334 1615 autem,
1389 1549 1578 1605 Omms
1617 1565 1797 1605 sermo
1841 1549 1933 1619 qui

355 1641 568 1696 actione
619 1656 739 1695 cum
789 1641 988 1695 virtute
1039 1642 1322 1710 conjuncta
1365 1643 1624 1712 privatur,
1671 1643 1846 1696 inanis
1880 1651 1938 1695 et

354 1748 525 1788 vanus
563 1742 667 1787 est.
704 1731 816 1788 Hoc
854 1747 921 1786 ex
969 1731 1057 1786 illo
1089 1732 1464 1797 conﬁrmatur,
1519 1732 1644 1788 Non
1687 1736 1842 1797 ent'm_
1879 1735 1932 1786 in

353 1841 610 1888 sermone,
636 1827 726 1878 sed
752 1825 806 1878 in
829 1825 1013 1879 virtute
1034 1835 1108 1878 est
1137 1840 1350 1894 regnum
1381 1825 1473 1879 Dei
1496 1824 1542 1896 (Ι
1569 1824 1692 1878 Cor.
1717 1841 1794 1888 tv,
1816 1825 1928 1895 20),

352 1932 462 1972 non
493 1918 547 1972 in
580 1917 748 1972 irritis
793 1917 1272 1986 pollicitationibus
1297 1958 1312 1984 ,
1363 1919 1455 1972 sed
1491 1918 1544 1972 in
1589 1916 1789 1972 ellicaci
1819 1934 1932 1972 ser-

355 2025 533 2076 mone,
571 2009 720 2065 salus
755 2020 938 2065 nostra
962 2010 1236 2066 consistit.

424 2142 590 2200 Vens.
645 2144 739 2200 {5.
807 2143 1103 2214 Propinqui
1145 2145 1246 2199 mei
1289 2159 1393 2199 non
1439 2154 1772 2215 respexerunt
1812 2161 1932 2210 me;

355 2246 609 2304 tanquam
651 2248 855 2290 torrens
885 2235 1156 2304 deﬁciens,
1197 2246 1284 2288 aut
1331 2237 1464 2288 sicut
1507 2237 1718 2303 ﬂuctus,
1767 2246 1934 2288 trans-

351 2329 522 2383 ierunt
558 2343 660 2381 me.
1839 2310 1846 2318 ’

425 2420 661 2490 Didymi.
715 2418 781 2473 Et
819 2433 952 2473 sane
990 2418 1080 2488 qni
1111 2419 1362 2473 videntur
1391 2418 1572 2484 amici,
1599 2417 1774 2472 dubiis
1804 2430 1932 2470 vero

308 2571 323 2585 ,
354 2511 686 2583 temporibus
733 2512 1086 2576 instantibus,
1124 2511 1419 2565 amicitiam
1454 2508 1664 2563 mentiti
1696 2523 1838 2569 esse.
1879 2518 1933 2561 et

351 2606 533 2675 specie
578 2613 786 2660 tantum
834 2615 1064 2660 externa
1096 2612 1400 2659 ostentasse
1433 2601 1927 2671 deprehenduntur,

349 2707 569 2770 propter
609 2697 1014 2758 instabilitatem
1046 2705 1100 2752 et
1139 2695 1441 2766 perﬁdiam,
1478 2704 1690 2747 torrens
1727 2702 1784 2746 et
1829 2689 1932 2744 ﬂu-

348 2801 470 2847 ctns
513 2790 766 2862 appellari
813 2798 1057 2860 possunt.
1104 2786 1566 2854 Quemadmodum
1620 2783 1762 2838 enim
1818 2792 1930 2836 tor-

349 2899 500 2950 rens,
559 2881 819 2953 perennis
851 2889 906 2936 et
937 2894 1153 2948 semper
1202 2878 1433 2933 labentis
1487 2875 1632 2930 ﬂuvii
1692 2874 1926 2944 speciem

350 2974 580 3044 praebet,
610 2983 666 3026 et
694 2971 892 3026 [luctus
917 2971 970 3024 in
1002 2970 1232 3026 sublime
1262 2968 1526 3030 elevatus,
1551 2968 1806 3036 Opinione
1836 2967 1930 3019 im-

349 3065 645 3134 peritorum
701 3077 978 3132 nunquam
1017 3062 1386 3130 deprimetur;
1430 3059 1647 3128 squalor
1673 3067 1849 3112 autem
1877 3067 1930 3112 et

349 3156 571 3210 siccitas
604 3163 929 3218 torrentem,
966 3161 1022 3207 et
1055 3151 1416 3221 tranquillitas
1452 3150 1695 3213 ﬂuctum,
1727 3160 1929 3216 tempo-

1601 388 1831 442 DIDYMI
1873 387 2344 448 ALEXANDRINI

367 513 521 558 ratur
555 503 766 569 asinus,
798 512 890 557 aut
915 504 1031 570 bos,
1068 506 1163 560 sed
1189 521 1309 560 cum
1339 507 1652 562 atimcntnm
1683 508 1913 562 defuerit

2057 510 2210 581 βοῦς,
2250 515 2363 567 ἀλλ’
2413 516 2541 569 ὅταν
2587 519 2842 593 ἐπιλείπῃ
2870 521 2939 574 τὰ
2971 521 3270 593 βρώματα·
3300 524 3475 588 οὕτως
3509 527 3625 578 οὐδὲ

3495 410 3628 462 1136

2050 603 2160 670 ἐγὼ
2190 603 2434 676 ἠθύμουν
2454 647 2468 672 ,
2503 608 2551 660 εί
2596 609 2668 680 μὴ
2701 610 2835 681 πρὸς
2869 610 3094 682 ἔσχατον
3118 615 3410 684 ἐληλάκειν
3435 617 3624 683 κακοῦ,

2049 692 2200 762 ἄγων
2229 695 2319 749 τὸν
2355 697 2578 767 Ἑλιφὰζ
2601 701 2738 770 πρὸς
2768 701 2828 755 τὸ
2861 704 2935 775 μὴ
2973 705 3289 774 μέμφεσθαι
3320 708 3413 760 τὸν
3437 709 3626 760 ὀδυνώ-

2051 801 2230 854 μενον,
2271 788 2319 840 εί
2362 779 2575 860 κράζει.
2619 792 2690 844 Οὑ
2743 792 2850 865 γὰρ
2885 795 3207 868 ἀναίσθητον
3241 794 3382 850 εἶναι
3427 799 3505 852 δεῖ
3536 800 3625 852 τὸν

2047 874 2277 938 δίκαιον,
2307 878 2411 933 κᾶν
2450 881 2733 952 καρτερῶς
2763 883 2903 955 φέρῃ
2930 884 2999 938 τὰ
3029 885 3306 940 θλίϐοντα.
3335 887 3485 957 Αὕτη
3518 888 3623 958 γὰρ

2047 965 2212 1038 ἀρετή
2246 969 2413 1029 ἐστιν,
2441 970 2568 1023 ὅταν
2613 972 2866 1043 αἴσθησιν
2899 974 3007 1027 τῶν
3035 977 3314 1030 ἐπιπόνων
3339 978 3624 1049 δεχόμενός

2046 1073 2149 1124 τις,
2193 1059 2505 1135 ὑπερφρονῇ
2533 1063 2640 1116 τῶν
2667 1063 2978 1136 ἀλγηδόνων
3011 1066 3098 1120 διὰ
3127 1066 3219 1121 τὸν
3243 1068 3399 1122 Θεόν.

2115 1371 2204 1422 Στ,
2235 1376 2307 1434 ς’.
2338 1372 2408 1423 El
2434 1369 2814 1438 ,ϐρωθήσεται
2851 1373 3028 1442 ἄρτος
3069 1375 3216 1430 ἄνευ
3246 1380 3443 1444 ἁλός;
3475 1383 3524 1432 ει
3557 1379 3622 1433 δὲ

2043 1461 2136 1514 καὶ
2172 1460 2303 1513 ἐστι
2345 1460 2531 1529 γεῦμα
2561 1462 2630 1514 ὲν
2649 1462 2880 1531 ῥήμασι
2915 1466 3148 1532 κενοῖς;

2111 1551 2384 1620 Διδύμου.
2419 1551 2560 1622 Πρὸς
2592 1552 2648 1606 δὲ
2681 1552 2937 1618 διάνοιαν,
2962 1556 3143 1620 "Arta;
3172 1559 3331 1628 λόγος
3355 1561 3511 1623 κενὸς
3531 1564 3622 1615 καὶ

2046 1644 2272 1714 μάταιός
2339 1646 2522 1707 ἐστιν,
2593 1647 2954 1717 ἐστερημένος
3021 1650 3274 1722 πράξεως
3339 1655 3614 1724 ἐναρέτου.

2043 1735 2242 1789 Τούτου
2287 1735 2690 1806 παραστατικὸν
2723 1738 2823 1801 τὸ,
2863 1741 2945 1793 Οὐ
2989 1742 3096 1810 γὰρ
3135 1743 3191 1795 ἐ)
3245 1746 3411 1814 λόγῳ
3452 1746 3622 1799 ἐστὶν

2039 1828 2076 1895 ἡ
2105 1829 2395 1892 ,βασιλεία
2427 1827 2533 1882 τοῦ
2572 1829 2750 1893 Θεοῦ,
2791 1831 2930 1884 ἀλλ’
2974 1833 3044 1886 ἐν
3092 1833 3342 1904 δυνάμει
3365 1877 3380 1898 ,
3419 1839 3517 1890 οὑκ
3562 1839 3618 1890 ἐν

2040 1919 2223 1980 κεναῖς
2249 1917 2623 1987 ὑποσχέσεσιν,
2655 1919 2769 1971 ἀλλ’
2795 1921 2852 1973 ἐν
2881 1919 3023 1993 λόγῳ
3049 1924 3267 1996 ἐνεργεῖ
3295 1926 3367 1978 τὰ
3398 1928 3493 1998 τῆς
3515 1945 3618 1981 σω-

2039 2008 2230 2078 τηρίας
2261 2007 2514 2078 ὑπάρχει.

2110 2139 2200 2191 Στ.
2256 2145 2336 2192 ιε’.
2386 2141 2468 2192 Οὐ
2512 2139 2835 2208 προσεῖδόν
2870 2157 2946 2210 με
2993 2144 3046 2195 ol
3092 2142 3412 2212 ἐγγύτατοί
3467 2163 3611 2214 μου*

2037 2229 2239 2300 ὥσπερ
2263 2229 2616 2300 χειμάρῤους
2643 2233 2960 2299 ἐκλείπων,
2985 2235 3024 2302 ἣ
3048 2233 3250 2303 ὥσπερ
3273 2236 3456 2306 κῦμα,
3474 2255 3613 2305 παρ-

2039 2323 2233 2393 ῆλθόν
2255 2342 2350 2393 με.

2107 2415 2385 2485 Διδύμου.
2417 2418 2526 2471 Καὶ
2557 2418 2605 2469 οἱ
2634 2415 2917 2480 δοκοῦντες
2948 2417 3003 2470 δὲ
3031 2417 3172 2486 φίλοι
3206 2415 3372 2481 εἶναι,
3399 2420 3611 2472 ἐνστάν-

2036 2523 2128 2570 τος
2173 2507 2229 2559 δέ
2269 2506 2518 2578 θλιϐεροῦ
2566 2505 2761 2578 καιροῦ
2803 2506 3167 2578 ἐλεγχόμενοι,
3207 2508 3292 2560 ὅτι
3327 2510 3607 2578 ψεύδονται

2038 2601 2136 2670 τὴν
2171 2599 2374 2668 φιλίαν,
2413 2601 2507 2654 καὶ
2546 2599 2991 2669 σχηματίζονται,
3023 2600 3180 2668 λόγον
3207 2618 3268 2653 τε
3310 2602 3376 2654 ἂν
3410 2601 3505 2672 [ῖς.
3531 2602 3611 2654 λέ-

2035 2691 2202 2758 γοιντ⁹
2253 2689 2359 2761 ἂν]
2401 2691 2700 2762 χείμαρρος
2758 2690 2851 2743 καὶ
2893 2691 3078 2760 κῦμα,
3125 2691 3213 2744 διὰ
3255 2692 3318 2744 τὸ
3362 2694 3611 2748 ὰϐἑεαιον

2037 2782 2131 2836 καὶ¹
2163 2782 2406 2836 ἄπιστον.
2455 2783 2541 2844 Ὠς
2580 2783 2688 2851 γὰρ
2726 2784 2755 2835 ό
2787 2782 3084 2854 χείμαρρος
3120 2784 3344 2855 δόκησιν
3390 2787 3609 2857 παρέχει

2037 2871 2351 2940 αὐθιγενοῦς
2381 2873 2474 2924 καὶ
2507 2873 2734 2924 ἀεννάου
2767 2871 3031 2943 ποταμοῦ,
3074 2873 3249 2926 καὶτὸ
3277 2873 3432 2944 κῦμα
3458 2891 3611 2944 κορυ-

2038 2961 2304 3032 φοὺμενον
2332 2964 2444 3024 τοῖς
2485 2961 2732 3031 ἀπείροις
2762 2961 2909 3014 δοκεῖ
2950 2961 3022 3033 μὴ
3068 2963 3132 3017 ἄν
3173 2979 3305 3016 ποτε
3349 2981 3608 3017 ταπεινωο

2039 3051 2196 3123 θῆναι
2223 3052 2240 3122 (
2265 3052 2457 3122 ’ήλεγξε
2491 3051 2602 3124 [ῖσ.
2652 3052 2884 3125 ἐλέγχει]
2911 3055 2966 3107 δὲ
3025 3055 3121 3108 καὶ
3155 3054 3244 3110 τὸν
3279 3058 3609 3127 χειμάρρουν

2037 3147 2372 3217 πρόσκαιρον
2399 3145 2526 3198 ὄντα
2556 3147 2584 3198 ό
2612 3145 2819 3216 αὑχμὺς
2841 3186 2855 3209 ,
2886 3145 2980 3198 καὶ
3000 3146 3068 3198 τὸ
3094 3146 3244 3216 κῦμα
3271 3150 3307 3216 ἡ
3339 3149 3605 3220 νηνεμία)·

348 3245 556 3300 rarium
591 3258 713 3298 esse
745 3247 925 3312 arguit
953 3261 966 3297 :
1015 3243 1086 3296 ita
1118 3253 1172 3297 et
1211 3242 1473 3308 temporis
1499 3241 1757 3311 procella,
1791 3241 1919 3293 mul-

2057 3237 2294 3305 tﬁ'cmxat
2319 3239 2444 3299 τοὺς
2477 3237 2936 3308 ὑποκρινομένους
2965 3236 3032 3289 τὰ
3057 3238 3154 3308 τῆς
3184 3238 3396 3306 φιλίας,
3426 3239 3608 3308 καιροῦ

347 3348 466 3392 tum
507 3352 601 3391 eos
625 3351 654 3390 a
682 3336 826 3391 veris
855 3336 1048 3391 amicis
1081 3335 1283 3390 distare
1319 3334 1580 3397 ostendit,
1611 3332 1702 3401 qui
1737 3333 1929 3386 amici-

347 3431 483 3487 tiam
527 3429 666 3484 falso
713 3429 992 3484 simulant.
1024 3426 1165 3482 Justi
1197 3427 1363 3492 enim,
1399 3424 1636 3495 regulam
1677 3423 1930 3477 amicitite

351 3523 576 3578 minime
619 3530 1014 3592 pervertentes,
1073 3529 1414 3575 conStantem
1472 3517 1637 3572 animi
1684 3527 1925 3571 tenorem

347 3613 404 3668 in
430 3623 660 3682 utraque
692 3611 930 3675 fortuna,
984 3623 1243 3680 prospera
1289 3617 1344 3664 et
1388 3609 1637 3670 adversa,
1678 3622 1802 3675 erga
1833 3615 1930 3660 eos

349 3719 486 3775 quos
505 3704 756 3774 diligunt,
780 3701 1050 3757 custodire
1072 3701 1468 3757 observantur:
1498 3713 1675 3768 neque
1704 3699 1926 3762 mirum,

349 3811 476 3852 cum
526 3797 594 3850 ad
638 3795 887 3851 inimicos
942 3795 1104 3849 etiam
1158 3792 1479 3847 charitatem
1520 3793 1834 3854 extendant,
1874 3801 1929 3844 et

351 3888 580 3960 paciﬁce
623 3903 683 3944 se
726 3895 915 3958 gerant
947 3902 1077 3955 erga
1113 3901 1204 3941 eos
1231 3887 1320 3954 qui
1355 3899 1540 3955 pacem
1572 3893 1926 3939 aversantur:

355 3979 589 4049 improbi
624 3987 828 4044 autem,
859 3978 1045 4047 quales
1079 3978 1207 4041 sint,
1239 3977 1308 4030 ad
1339 3985 1552 4045 tempus
1574 3977 1792 4045 quidem
1833 3990 1925 4031 ce-

346 4069 481 4135 lant,
528 4071 581 4122 in
606 4068 904 4122 amicorum
941 4082 1070 4122 vero
1101 4068 1262 4122 rebus
1291 4066 1732 4133 adversis,exnta
1757 4065 1925 4127 larva,

347 4162 530 4231 palam
575 4161 1071 4231 deprehenduntur.
1118 4159 1229 4214 Hoc
1276 4161 1439 4228 igitur
1483 4160 1548 4212 ad
1595 4159 1926 4228 exploratio-

352 4267 477 4306 nem
504 4249 622 4306 Jobi
656 4260 784 4303 tunc
805 4258 1081 4314 evenerat,
1111 4250 1183 4302 ita
1209 4258 1529 4319 suggerente
1552 4249 1688 4303 forte
1710 4265 1800 4314 eo,
1837 4249 1925 4316 qui

350 4340 504 4395 illum
551 4338 616 4392 ad
655 4338 978 4408 supplicium
1021 4336 1432 4407 depoposcerat,
1480 4347 1536 4391 et
1583 4337 1773 4392 amicis
1807 4353 1929 4406 per-

361 4430 653 4495 suadente,
701 4437 761 4482 ut
799 4438 1019 4498 propter
1061 4442 1329 4482 aarumnas
1379 4426 1526 4481 illum
1572 4427 1925 4495 despicerent.

350 4521 662 4577 Amicorum
706 4526 886 4574 autem
935 4518 1182 4573 absentia
1237 4521 1290 4572 in
1334 4518 1501 4572 rebus
1549 4518 1778 4582 acerbis,
1823 4532 1926 4570 non

347 4627 541 4685 parum
593 4610 860 4666 molestiae
911 4609 1086 4665 aﬂ'ert.
1134 4609 1289 4665 llanc
1335 4609 1679 4664 alllictionem
1706 4621 1928 4664 sanctus

348 4706 521 4764 David
571 4719 696 4761 cum
739 4713 1021 4776 pateretur
1049 4742 1065 4769 ,
1111 4703 1349 4758 cecinit:
1399 4700 1810 4756 Considerabam
1858 4703 1926 4753 ad

348 4801 615 4869 dextram,
657 4807 705 4853 et
750 4795 1010 4865 videbant,
1047 4797 1172 4866 quia
1221 4811 1324 4849 non
1347 4805 1478 4859 erat,
1525 4794 1614 4863 qui
1656 4809 1929 4863 cognosce-

355 4904 433 4948 ret
477 4909 558 4947 me
603 4890 781 4962 (Psal.
819 4905 966 4955 CXLI,
1021 4888 1118 4960 5);
1171 4897 1225 4943 et
1271 4903 1460 4942 rursus
1507 4887 1717 4954 lugens,
1753 4886 1924 4939 dixit:

356 4985 620 5040 Oblivioni
661 4984 818 5038 datus
857 5000 997 5051 sum,
1022 4983 1157 5036 sicut
1186 4991 1427 5034 mortuus
1470 4997 1502 5033 a
1541 4981 1734 5041 corde;
1759 4978 1927 5046 [actus

352 5090 468 5128 sum
498 5083 747 5144 tanquam
771 5091 860 5129 eas
881 5075 1140 5129 oera'itum
1163 5070 1336 5126 (Psal.
1359 5087 1489 5138 xxx,
1523 5071 1632 5141 15).

429 5227 592 5283 Vens.
635 5227 723 5282 18.
766 5226 871 5294 Qui
935 5231 1243 5281 verebantur
1286 5242 1396 5291 me,
1460 5241 1596 5278 nunc
1660 5235 1927 5279 trruerunt

352 5336 508 5389 super
533 5336 631 5374 me.

431 5410 664 5481 Didymi.
699 5407 952 5464 Fortasse
993 5410 1154 5465 tacite
1188 5409 1390 5463 amicos
1436 5409 1685 5479 objurgat
1713 5425 1730 5464 :
1757 5407 1926 5462 Malo-

357 5518 498 5570 rum,
542 5500 738 5572 inquit,
779 5516 899 5570 qua:
935 5502 1190 5570 impetum
1223 5502 1275 5554 in
1324 5515 1411 5554 tne
1448 5499 1673 5565 faciunt,
1709 5515 1926 5554 causam

359 5593 697 5663 ignorantes,
745 5591 878 5647 mihi
932 5593 1241 5657 iusultatis,
1290 5607 1461 5660 eaque
1505 5592 1650 5660 loqui
1698 5593 1925 5658 audetis,

356 5701 478 5755 qua:
504 5688 674 5754 prius,
707 5700 793 5740 me
823 5686 1063 5752 reveriti,
1090 5685 1312 5738 minime
1328 5683 1604 5738 dixeratis.
1630 5681 1928 5741 Verisimile

357 5786 538 5830 autem
568 5787 672 5843 est,
717 5777 852 5834 alios
883 5778 1011 5834 item
1051 5776 1265 5846 multos,
1317 5785 1532 5845 propter
1565 5775 1926 5835 calamitatem

355 5867 455 5936 ipsi
480 5867 778 5925 insultasse.

2035 3331 2168 3402 ζάλη
2189 3331 2425 3384 δείκνυσι
2451 3331 2583 3384 πολύ
2601 3348 2652 3384 τι
2667 3331 2800 3403 πρὸς
2814 3331 2940 3393 τοὺς
2955 3331 3238 3402 ἀληθινοὺς
3263 3332 3455 3400 φίλους
3474 3336 3609 3386 ἀντι-

2035 3423 2340 3495 κειμένους.
2406 3425 2468 3475 Οἱ
2514 3424 2611 3493 μὲν
2660 3423 2768 3494 γὰρ
2817 3422 3049 3488 δίκαιοι,
3081 3424 3147 3494 ἣν
3189 3424 3377 3494 ἔχουσι
3411 3426 3607 3495 3561:6-

2035 3533 2176 3588 τητα
2226 3517 2363 3588 πρὸς
2407 3517 2532 3580 τοὺς
2581 3517 3013 3587 ἀγαπωμένους,
3062 3519 3270 3590 ταύτην
3339 3521 3605 3588 φαίνονται

2035 3611 2092 3664 ἐν
2121 3609 2324 3672 ἀνέσει,
2349 3611 2441 3662 καὶ
2467 3612 2524 3663 ἐν
2563 3611 2883 3681 περιστάσει
2907 3610 3219 3683 τηροῦντες,
3240 3613 3336 3664 τὸν
3367 3615 3493 3684 ὅρον
3522 3616 3606 3682 τῆς

2037 3702 2216 3772 φιλίας
2248 3703 2321 3774 μὴ
2349 3703 2767 3772 διαστρέφοντες
2789 3723 2801 3733 ·
2835 3703 2929 3756 καὶ
2959 3705 3020 3756 οὑ
3055 3703 3260 3774 θαῦμα,
3292 3704 3502 3772 ὃπουγε
3529 3706 3605 3756 καὶ

2036 3795 2171 3866 πρὸς
2193 3796 2320 3858 τοὺς
2345 3795 2572 3865 ἐχθροὺς
2601 3795 2700 3867 τὴν
2725 3795 2944 3866 ἀγάπην
2972 3796 3290 3858 ἐκτείνουσι,
3327 3797 3472 3866 μετὰ
3512 3796 3603 3848 τῶν

2038 3883 2338 3955 μισούντων
2364 3884 2462 3953 τὴν
2492 3884 2714 3954 εἰρήνην
2744 3885 3010 3955 είρηνικοὶ
3037 3885 3221 3947 ὄντεςο
3249 3887 3296 3937 οἱ
3330 3885 3392 3937 δὲ
3423 3884 3602 3954 φαῦλοι

2038 3977 2199 4050 μέχρι
2228 3977 2326 4047 μέν
2362 3993 2506 4039 τινος
2543 3975 2878 4046 κρύπτουσιν
2908 3977 3044 4048 ὅπερ
3088 3977 3217 4038 εἰσὶ,
3247 3977 3535 4047 φωρῶνται
3555 3977 3604 4028 δὲ

2035 4070 2092 4120 ἐν
2126 4070 2239 4130 τοῖς
2281 4070 2721 4139 περιστατικοῖς,
2760 4067 2822 4121 τὸ
2867 4071 3205 4139 προσωπεῖον
3251 4067 3358 4138 τῆς
3397 4068 3604 4137 ἀγάπης

2035 4161 2456 4231 ἀποδυσάμενοι.
2492 4158 2664 4211 Τοῦτο
2697 4160 2877 4213 τοίνυν
2909 4161 3002 4212 καὶ
3030 4160 3106 4230 τῷ
3155 4159 3274 4213 ’1ὼὸ
3305 4160 3446 4230 πρὸς
3469 4160 3600 4211 60x:-

2039 4254 2236 4323 μασίαν
2262 4253 2382 4306 τότε
2423 4253 2732 4306 συνέϐαινεν
2750 4271 2762 4284 ο
2793 4253 2921 4316 ἴσως
2954 4255 3011 4306 δὲ
3036 4254 3128 4306 καὶ
3153 4253 3314 4306 τοῦτο
3351 4254 3447 4306 τοῦ
3472 4254 3600 4316 ἐξαι-

2033 4345 2339 4415 τησαμένου
2373 4344 2796 4407 ὑποϐάλλοντος,
2823 4345 3099 4407 πείθοντός
3135 4362 3193 4397 τε
3238 4345 3334 4398 καὶ
3369 4347 3495 4408 τοὺς

2034 4433 2179 4499 λους,
2205 4434 2292 4487 διὰ
2313 4434 2373 4487 τὸ
2411 4433 2582 4498 πάθος
2617 4438 2981 4505 καταφρονεῖν
3009 4435 3193 4488 αὑτοῦ.
3223 4436 3297 4488 Οὑ
3345 4437 3536 4507 μικρὸν
3554 4435 3597 4487 δὲ

2036 4527 2160 4598 ἀνιᾷ
2206 4529 2262 4579 ἐν
2309 4530 2420 4591 τοῖς
2451 4527 2719 4599 θλιϐεροῖς
2761 4529 2996 4582 ἀπουσία
3033 4528 3142 4582 τῶν
3174 4528 3366 4596 φῦων.
3401 4529 3598 4597 Ταύτην

2035 4620 2318 4690 ὑπομένων
2340 4620 2437 4691 τὴν
2467 4619 2644 4689 θλίψιν
2674 4620 2770 4674 καὶ
2811 4620 2974 4673 Δαὸὶδ
2997 4624 3024 4673 ὁ
3063 4621 3216 4688 ἅγιος
3259 4619 3456 4689 ἔψαλλε
3499 4621 3594 4693 [ἴα.

2035 4712 2221 4784 ἔψαλε]
2244 4730 2255 4742 ·
2289 4715 2630 4767 Κατενόουν
2658 4716 2746 4779 εἱς
2785 4714 2857 4767 τὰ
2889 4713 3076 4778 δεξιὰ,
3125 4714 3224 4766 καὶ
3254 4713 3595 4774 ἐπέϐλεπεν,

2036 4804 2134 4857 καὶ
2164 4807 2274 4858 οὐκ
2308 4802 2386 4873 ἦν
2414 4810 2445 4860 ό
2473 4805 2882 4875 ἐπιγινώσκων
2897 4823 2994 4878 με.
3020 4806 3128 4859 Καὶ
3151 4805 3316 4858 πάλιν
3345 4806 3594 4875 ἀποδυρό-

2040 4910 2218 4962 μενος,
2247 4892 2428 4962 ἕλεγε’
2474 4894 2860 4962 Ἐπελήσθην
2894 4893 3032 4946 ὡσεὶ
3065 4893 3276 4959 νεκρὸς
3322 4891 3442 4946 ἀπὸ
3477 4907 3590 4957 καρ-

2035 4983 2188 5049 δίας,
2213 4985 2508 5053 ἐγενήθην
2536 4985 2678 5039 ὼσεὶ
2705 4985 2926 5050 σκεῦος
2955 4984 3294 5048 ἀπολωλός.

2105 5207 2198 5259 Στ.
2235 5213 2323 5278 ιη’.
2361 5207 2588 5273 Οἵτινές
2632 5224 2708 5276 με
2741 5204 3164 5260 διευλαόοὗντο
3186 5241 3202 5267 ,
3240 5202 3359 5255 νῦν
3400 5203 3586 5255 ἐπιπε-

2035 5299 2306 5353 πτώκασί
2328 5318 2452 5368 μοι.

2104 5393 2548 5464 Διδύμου.’1σως
2572 5394 2672 5464 μέν
2695 5390 2786 5448 οὖν
2806 5395 2992 5466 ἡρέμα
3019 5396 3143 5458 τοὺς
3169 5395 3358 5463 φίλους
3383 5394 3585 5461 ἐλέγχεις

2034 5488 2116 5540 ὅτι
2158 5487 2500 5556 Ἀγνοοῦντες
2555 5487 2652 5558 τὴν
2694 5485 2871 5540 αἰτίαν
2918 5488 3026 5541 τῶν
3074 5487 3400 5556 ἐπαγωγῶν,
3443 5489 3563 5554 ἐπεμ

2036 5577 2250 5632 ϐαίνετέ
2277 5595 2387 5648 μοι,
2431 5577 2735 5648 τολμῶντες
2758 5577 2980 5632 τοιαῦτα
3013 5579 3212 5646 λέγειν,
3246 5579 3281 5631 ἂ
3321 5579 3395 5650 μὴ
3417 5577 3562 5646 etM—.3

2039 5687 2128 5742 ρον
2157 5671 2432 5742 εἰρήκατε,
2466 5671 2554 5724 διὰ
2607 5670 2704 5742 τὴν
2732 5671 2868 5741 πρός
2906 5688 2973 5740 με
3019 5671 3323 5724 εὐλάϐειαν.
3359 5670 3508 5728 Εἰκὸς
3541 5666 3577 5718 δί

2034 5763 2117 5816 ὅτι
2168 5763 2262 5816 καὶ
2315 5762 2498 5816 πολλοὶ
2522 5761 2628 5816 τῶν
2658 5761 2832 5816 ἄλλων
2879 5762 2966 5815 διὰ
2992 5764 3089 5834 τὴν
3154 5763 3431 5833 συμφορὰν
3460 5755 3578 5824 αὑτᾷ

1941 5905 1959 5918 _
2035 5855 2328 5927 ἐνήλλοντο.
