3774 6312
109 257 247 313 1137
1422 255 1842 313 FRAGMENTA
1880 256 1946 309 IN
1982 256 2117 314 JOB.
3251 263 3388 319 H38

172 378 267 431 Στ.
300 385 415 432 καν.
464 379 657 435 Ἀτὰο
683 378 751 432 δὲ
798 378 897 433 καί
948 378 1117 449 ὑμεῖς
1156 378 1403 446 ἐπέϐητέ
1466 396 1569 447 μοι
1619 378 1662 431 d1

1898 379 2055 436 Vens.
2094 380 2182 436 21.
2226 378 2382 434 Nunc
2419 388 2595 435 autem
2631 386 2681 436 et
2703 396 2789 437 vos
2814 382 3173 438 insurrexistis
3212 385 3267 437 in
3305 401 3388 442 me

103 469 484 536 aknpdrwc.

1822 474 1932 527 sine
1956 472 2333 527 misericordia.

175 557 468 627 Διδύμου.
518 560 643 613 Καὶ
669 560 795 624 τοὺς
826 562 911 613 ἐπ’
947 577 1098 632 αιτιᾳ
1123 560 1297 631 ψεκτῇ
1329 559 1665 631 περιπεσόντι

1898 565 2130 635 Didymi.
2163 564 2263 631 Qui
2302 565 2555 619 admonet
2591 565 2752 619 etiam
2782 578 2895 628 eos,
2933 564 3022 633 qui
3055 564 3125 618 ob
3170 579 3388 618 causam

110 652 468 721 σκυθρωποῖς
499 653 783 708 νουθετῶν
829 671 935 717 τις,
981 655 1083 707 οὐκ
1113 654 1347 724 ἐλέγχει,
1377 653 1517 707 κατὰ
1565 654 1600 706 λι

1902 671 2060 726 quam
2092 670 2212 725 qua:
2242 653 2716 724 reprehensionem
2758 664 3012 721 meretur,
3048 655 3099 708 in
3131 670 3217 709 res
3240 670 3392 709 acer-

110 743 204 815 [ἷσ.
229 743 427 816 λόγου]
460 745 826 815 κινούμενος·
851 745 912 798 οὐ
940 745 1098 798 τοῦτο
1113 745 1223 817 γὰρ
1248 745 1555 815 πρόκειται·
1585 747 1600 798 c‘

1901 762 1924 802 s
1970 746 2309 810 inciderunt,
2359 760 2467 801 non
2512 745 2790 801 iracundia
2848 756 3149 801 commotus
3204 755 3391 801 contra

114 837 310 905 μᾶλλον
365 839 455 899 εἰς
512 836 777 909 ἀνδρείαν
823 838 1257 909 προτρέψασθαι,
1308 836 1402 890 τοῦ
1461 854 1604 906 γεννι

1900 839 2091 893 tionem
2123 838 2333 908 arguit:
2374 837 2475 892 hoc
2501 838 2645 892 enim
2683 838 2729 892 ei
2762 837 3091 907 propositum
3131 852 3235 891 non
3261 848 3345 891 est
3373 854 3390 892 :

111 930 375 997 ἐνεγκεῖν.
411 928 495 980 Τὸ
532 928 649 1001 γὰρ
677 930 876 999 λέγειν,
911 931 1063 982 Διατί
1094 930 1202 1000 γὰρ
1241 931 1515 1001 ἥμαρτες
1557 929 1601 1000 βε

1901 932 1921 985 1
1969 931 2145 999 potius
2174 939 2234 983 ut
2270 930 2336 983 ad
2364 929 2755 992 fortitudinem,
2805 938 2858 983 et
2905 944 3164 997 generoso
3211 930 3391 983 animo

111 1036 193 1071 ναι
217 1018 339 1071 ἐστὶ
379 1018 682 1090 μᾶλλον,ἢ
711 1019 889 1073 πόνων
920 1019 1197 1087 κουφίσαι.
1232 1020 1342 1073 Καὶ
1374 1018 1578 1090 γὰρτῷ

1900 1022 2134 1081 rendam.
2166 1020 2429 1074 hortetur.
2462 1018 2652 1074 Dicere
2679 1019 2842 1084 enim,
2876 1019 3233 1084 Quamobrem
3264 1032 3390 1086 pec-

114 1108 511 1178 ἁνελεημόνως
567 1110 881 1181 ἐπέστησαν
929 1109 1096 1181 αὐτῷ,
1128 1112 1193 1163 ἐκ
1222 1110 1316 1164 τοῦ
1347 1110 1604 1180 πεπλανῆι

1903 1111 1961 1167 sti
1985 1111 2008 1164 ’ἰ
2035 1125 2305 1165 aerumnas
2333 1111 2510 1179 potius
2544 1120 2724 1179 auget,
2751 1124 2909 1179 quam
2933 1110 3091 1164 levat.
3119 1109 3185 1163 Et
3207 1124 3393 1165 revera

116 1200 240 1268 περὶ
268 1200 372 1271 τὴν
401 1200 605 1254 αἰτίαν
629 1201 727 1271 τῆς
753 1200 1069 1270 ἐπαγωγῆς,
1105 1202 1200 1255 καὶ
1227 1202 1308 1255 ὅτι
1351 1201 1439 1254 τὸν
1463 1201 1538 1272 μὴ
1590 1202 1606 1254 t‘

1906 1202 2045 1258 idem
2082 1202 2198 1257 sine
2236 1202 2601 1258 misericordia
2628 1204 2675 1258 ei
2716 1203 3046 1269 restiterunt,
3086 1203 3228 1272 quod
3260 1218 3390 1257 cau-

117 1293 367 1364 κείμενον
398 1293 647 1365 ἐλέγχῳ,
681 1293 924 1363 ἐλέγχειν
954 1294 1269 1365 ἐπειρῶντο.

1903 1310 1943 1347 rn
1977 1294 2093 1363 ejus
2133 1295 2453 1350 calamitatis
2484 1298 2811 1364 ignorarent,
2852 1303 2903 1349 et
2934 1296 3074 1364 quod
3103 1296 3393 1365 reprehen-

1829 1386 1966 1441 sioni
1996 1386 2217 1442 minime
2239 1388 2529 1443 obnoxium
2558 1387 2952 1456 reprehendere
2977 1397 3322 1444 conarentur.

183 1467 273 1519 Στ.
297 1468 620 1522 κα’.Ὧστε
641 1468 873 1535 ἰδόντες
888 1469 953 1523 τὸ
974 1470 1120 1538 ἐμόν
1136 1470 1385 1539 τραῦμα,
1404 1471 1673 1540 φοϐήθηι

1904 1474 2066 1532 Vens.
2106 1478 2196 1531 21.
2238 1477 2425 1547 Itaque
2472 1478 2699 1531 videntes
2738 1478 2923 1532 vulnus
2971 1494 3163 1541 meum,
3200 1480 3393 1533 timete.

186 1554 477 1625 Διδύμου.
502 1557 1009 1628 Κηδεμονικώτατα
1035 1559 1090 1611 δὲ
1107 1560 1135 1611 6
1157 1558 1307 1628 ἅγιος
1333 1560 1426 1614 καὶ
1452 1561 1585 1632 πρὸς
1598 1562 1676 1614 τοί

1906 1562 2137 1636 Didymi.
2178 1564 2410 1621 Sanctus
2452 1581 2579 1621 vero
2610 1582 2677 1621 ex
2708 1568 2819 1622 suis
2868 1567 3026 1622 rebus
3072 1568 3190 1623 illos
3228 1570 3396 1623 corri-

125 1648 195 1718 μὴ
236 1647 420 1720 ὀρθῶς
441 1648 837 1719 διακειμένους
872 1650 1007 1721 πρὸς
1026 1650 1185 1703 αὑτὸν
1209 1652 1595 1722 προσφέρεται,

1906 1669 1999 1719 ns,
2055 1664 2111 1710 et
2153 1654 2222 1709 ab
2266 1655 2502 1724 ipsorum
2557 1656 2807 1723 opinione
2856 1655 3245 1710 adhortationis
3286 1670 3396 1711 suae

126 1738 228 1792 τῶν
257 1739 382 1792 καθ’
423 1739 631 1792 ἑαυτὸν
670 1738 953 1803 κάκείνους
977 1739 1374 1811 διορθούμενος,
1411 1741 1505 1794 καὶ
1542 1742 1606 1795 ἐκ

1905 1745 2114 1801 ortlium
2142 1760 2384 1811 sumens,
2414 1762 2534 1801 cum
2566 1762 2772 1803 summa
2795 1762 2919 1801 cura
2948 1762 3011 1801 ac
3034 1748 3395 1803 sollicitudine

128 1830 299 1884 αὐτῶν
331 1830 658 1902 διαλήψεως
687 1832 974 1902 δεχόμενος
1000 1832 1099 1902 τὴν
1132 1832 1305 1904 ἀρχὴν
1332 1834 1430 1905 τῆς
1467 1852 1617 1905 παρα

1906 1853 1957 1905 ga
2010 1853 2104 1894 eos
2164 1853 2223 1893 se
2272 1838 2431 1908 gerit,
2476 1838 2568 1906 qui
2616 1852 2779 1906 prave
2827 1853 2952 1907 erga
3002 1840 3176 1909 ipsum
3219 1838 3396 1894 alfecti

133 1939 280 1987 σεως.
310 1924 378 1977 Εἰ
404 1924 522 1997 γὰρ
562 1926 675 1988 πᾶς
722 1925 751 1976 6
795 1923 1124 1994 ἁμαρτάνων
1176 1924 1520 1996 σκυθρωποῖς
1572 1944 1623 1979 πε

1911 1940 2008 1984 mt.
2049 1930 2103 1985 Si
2147 1930 2291 1984 enim
2326 1930 2415 1995 qui
2463 1940 2651 1998 peccat
2690 1930 2741 1984 in
2786 1946 3054 1986 aerumnas
3098 1932 3304 1996 incidit,
3344 1940 3401 1988 et

132 2015 333 2080 πίπτει,
373 2017 474 2069 καὶ⁵
498 2018 529 2069 6
568 2015 883 2087 περιπεσὼν
917 2016 975 2081 ἐξ
1004 2014 1283 2085 ἁμαρτιῶν
1318 2016 1460 2070 τοῦτ’
1505 2017 1622 2073 ἕπαι

1910 2017 1922 2070 i
1954 2016 2006 2070 in
2034 2033 2126 2072 eas
2156 2018 2334 2087 lapsus
2363 2028 2468 2083 est,
2504 2035 2571 2073 ex
2599 2020 2835 2087 peccatis
2864 2020 2966 2075 hoc
2993 2021 3212 2089 patitur,
3239 2036 3397 2075 nemo

130 2106 296 2170 οὐδεὶς
343 2107 403 2159 δὲ
460 2107 713 2178 καθαρὸς
746 2107 852 2163 ἀπὸ
886 2107 1079 2179 ῥύπου,
1126 2110 1219 2162 καὶ
1244 2108 1400 2178 ὑμεῖς
1430 2110 1620 2181 φοϐήθι

1909 2118 2010 2160 tem
2064 2110 2292 2163 mundus
2323 2124 2350 2161 a
2386 2110 2543 2163 sorde
2576 2120 2675 2170 est.
2711 2127 2805 2166 vos
2837 2111 3021 2175 etiam,
3072 2112 3239 2166 nostri
3284 2113 3398 2164 vul-

134 2201 192 2251 ὲκ
215 2199 309 2252 τοῦ
332 2202 621 2272 ἡμετέρου
645 2201 959 2273 τραύματος
986 2200 1099 2274 [γρ.
1131 2202 1479 2273 πράγματος]
1508 2203 1599 2256 τὸν

1597 2222 1599 2240 ι
1629 2203 1724 2271 φό-
1832 2200 1981 2255 neris
2005 2206 2213 2255 terrore
2241 2202 2436 2265 edocti,
2474 2211 2713 2257 metuere
2745 2203 2842 2272 ipsi
2877 2204 3087 2258 discite.

134 2288 219 2343 ὖον
250 2291 564 2362 δεχόμενοι.
1793 2293 1806 2299 ”

202 2383 289 2434 Στ.
326 2384 429 2436 κδ’.
465 2383 764 2448 Διδάξατέ
787 2401 884 2453 με,
913 2385 1027 2455 ἐγὼ
1048 2385 1118 2439 δὲ
1142 2387 1448 2456 κωφεύσω·
1476 2387 1532 2439 εἴ
1552 2404 1603 2439 τι
1620 2403 1692 2439 πε

1907 2374 2069 2431 Vens.
2111 2377 2202 2431 24.
2243 2378 2433 2434 Doccte
2458 2396 2558 2445 me,
2595 2390 2641 2432 et
2669 2396 2761 2449 ego
2789 2381 3137 2436 obmutescam
3161 2399 3180 2437 :
3201 2385 3247 2437 si
3272 2382 3397 2452 quia

138 2469 461 2540 πλάνημαι,
488 2470 770 2541 φράσατέ
785 2490 907 2541 μοι.

894 2513 907 2527 .
1833 2470 2001 2524 erravi
2017 2508 2032 2534 ,
2060 2470 2215 2523 dicite
2239 2470 2384 2526 mihi.

207 2561 488 2631 Διδύμου.
520 2563 638 2616 Καὶ
672 2561 828 2615 τοῦτο
848 2563 903 2615 δὲ
935 2563 1073 2633 μετὰ
1113 2563 1370 2633 πλείστης
1394 2564 1525 2631 ὅσης
1555 2562 1697 2632 πραό

1912 2561 2142 2629 Didymi.
2184 2562 2250 2615 Et
2273 2576 2404 2617 sane
2430 2578 2550 2617 cum
2589 2578 2779 2633 magna
2805 2564 2970 2619 animi
3002 2565 3221 2620 lenitate
3244 2566 3402 2621 docet

140 2671 291 2723 τητος
338 2656 367 2707 6
398 2656 567 2722 ἅγιος
614 2655 856 2709 παιδεύει
903 2656 1123 2720 αὐτοὺς,
1180 2655 1297 2718 πῶς
1323 2656 1616 2726 χρήσονται

1909 2666 1927 2706 s
1964 2652 2047 2706 vir
2091 2663 2342 2716 sanctus,
2390 2668 2491 2723 qua
2533 2654 2743 2710 ratione
2778 2656 2973 2725 alloqui
3029 2672 3120 2712 eos
3154 2658 3399 2723 debeant,

146 2762 254 2812 γοις
283 2746 418 2816 πρὸς
452 2749 590 2811 τοὺς
639 2748 695 2801 ἐν
733 2748 1072 2819 περιστάσει·
1108 2749 1243 2817 φησι
1285 2749 1413 2818 γάρ·
1446 2748 1636 2812 Διδάξε

1911 2744 1923 2797 i
1972 2742 2369 2800 difﬁcultatibus
2422 2756 2477 2800 et
2537 2747 2779 2801 adversis
2835 2749 2997 2803 rebus
3050 2760 3399 2818 premuntur;

143 2854 231 2906 με,
262 2839 534 2901 τουτέστι,
578 2839 859 2892 Διδάσκειν
891 2839 1157 2908 ὀφείλετε,
1181 2841 1281 2894 ούκ
1296 2840 1538 2911 ἐλέγχειν
1570 2841 1633 2893 ἀκ

1911 2844 2023 2887 ιεειε
2060 2836 2202 2890 enim
2237 2849 2338 2901 me,
2376 2834 2571 2904 inquit,
2600 2835 2651 2890 id
2682 2844 2787 2898 est,
2818 2835 3023 2891 Docere
3058 2851 3143 2890 me
3173 2836 3401 2900 debetis,

154 2944 268 2999 ρως·
301 2931 349 2982 εἰ
386 2931 462 3000 μὴ
496 2931 598 2983 καὶ
632 2931 785 2983 τοῦτο
816 2932 948 3003 πρὸς
985 2932 1266 2986 παίδευσιν
1301 2934 1382 2986 δεῖ
1410 2935 1601 2996 ποιεῖν,
1634 2952 1644 2985 :

1914 2944 1941 2981 n
1972 2935 2148 2982 antem
2176 2927 2550 2997 intempestive
2575 2929 2991 2997 reprehendere;
3021 2928 3125 2982 nisi
3155 2927 3317 2983 etiam
3349 2936 3404 2983 et

150 3023 204 3073 τὸ
232 3022 323 3091 lic.
350 3023 521 3092 κατὰι
552 3022 843 3092 λεγόμενον
866 3024 972 3076 ὑπὸ
1000 3024 1235 3077 Παύλου·
1268 3026 1584 3095 Ἔλεγξον,
1610 3026 1639 3079 ἐ

1915 3018 1964 3071 Id
2017 3020 2082 3073 ad
2140 3019 2500 3073 eruditionem
2564 3019 2869 3075 faciendum
2921 3020 3011 3085 sit,
3067 3020 3220 3089 juxta
3277 3019 3405 3074 illud

154 3078 416 3183 τίιῖησον,
445 3078 884 3186 παρακάλεσον
913 3116 975 3168 ἐν
1010 3116 1180 3185 πάσῃ
1222 3078 1594 3187 μακροθύμίᾷ
1627 3136 1644 3170 2

1916 3108 1983 3162 nli
2020 3129 2035 3165 :
2067 3112 2259 3180 Argue,
2296 3111 2535 3180 objurga,
2567 3111 2799 3175 hortare,
2833 3128 2950 3165 cum
2987 3078 3128 3166 omni
3166 3112 3406 3177 longani-

156 3205 381 3276 διδαχῇ.

1832 3206 2011 3256 mitate
2032 3211 2078 3256 et
2108 3202 2346 3255 doctrina
2380 3199 2441 3270 (I
2483 3201 2615 3255 Tim.
2650 3218 2722 3269 tv,
2758 3201 2846 3270 Ξ).

218 3299 305 3353 Στ.
328 3300 423 3355 κε’.
452 3304 541 3356 Οῠ
573 3300 682 3371 γὰρ
707 3300 842 3369 παρ’
877 3299 1042 3370 ὑμῶν
1058 3302 1240 3370 ἰσχὺν
1261 3303 1553 3371 αἰτοῦμαι,
1585 3302 1708 3356 οὐδε

1914 3293 2070 3347 Vens.
2109 3293 2200 3347 ‘25.
2247 3289 2371 3346 Non
2420 3294 2554 3346 enim
2601 3311 2631 3346 a
2677 3292 2817 3347 vobis
2865 3291 3225 3360 fortitudinem
3266 3301 3404 3359 peto,

159 3386 392 3459 ἔλεγχος
423 3391 599 3462 ὑμῶν
622 3392 858 3460 ῥήμασί
882 3408 960 3461 με
986 3394 1225 3445 παύσει·
1267 3392 1408 3446 οὐδὲ
1434 3394 1543 3462 γὰρ
1564 3397 1649 3462 ὑμ‹

1925 3400 1994 3438 lue
2031 3385 2283 3451 correptio
2311 3392 2479 3436 vestra
2503 3384 2666 3437 verbis
2700 3402 2779 3437 me
2804 3386 3037 3447 sedabit;
3080 3400 3238 3452 neque
3268 3387 3415 3438 enim.

163 3480 372 3550 φθέγμα
388 3484 667 3553 ῥήματος
697 3482 1004 3551 ἀνέξομαι.
1030 3483 1205 3549 Πλὴν·
1236 3482 1326 3537 ὅτι
1367 3485 1458 3536 ἐπ’
1491 3486 1653 3553 ὀρφαλ

1920 3476 2177 3527 cntionem
2215 3476 2468 3527 sermonis
2507 3476 2659 3527 vestri
2710 3474 2991 3527 sustinebo.
3041 3472 3406 3527 Verumtamen

162 3570 513 3641 ἑπιπίπτετε,
572 3574 907 3629 ἑνάλλεσθε
931 3575 1000 3628 δὲ
1027 3576 1127 3628 ἐπὶ
1168 3577 1322 3640 φίλῳ
1339 3576 1525 3645 ὑμῶν.

1919 3582 1989 3618 rer
2031 3566 2286 3632 pupillum
2316 3567 2543 3630 irruitis,
2594 3575 2640 3618 et
2685 3566 2948 3619 insultatis
2990 3580 3142 3632 super
3180 3565 3409 3616 amicum

1836 3665 2081 3709 vestrum.

232 3754 495 3825 Διδύμου.
550 3754 824 3826 Ἀνδρείας
853 3754 910 3807 δὲ
931 3744 1024 3806 καλ.
1054 3752 1232 3807 τοῦτο.
1267 3752 1457 3807 Πολλοὶ
1477 3752 1584 3823 γὰρ
1606 3753 1722 3805 πολ-

1916 3746 2145 3816 Didymi.
2166 3746 2281 3802 Hoc
2302 3747 2465 3801 etiam
2489 3745 2814 3799 fortitudinis
2842 3745 3096 3800 indicium
3129 3754 3231 3802 est.
3260 3744 3406 3798 Multi

168 3843 308 3909 λάκις
337 3847 445 3901 τῶν
481 3850 543 3901 ὲν
577 3847 951 3919 περιστάσεσι,
987 3845 1256 3914 φορτικῶν
1302 3845 1589 3908 ἀκούοντες
1640 3846 1658 3897 λ

1921 3841 1983 3893 im
2016 3853 2384 3909 saepenumero
2416 3839 2466 3891 in
2499 3837 2893 3892 calamitatibus
2924 3837 3225 3902 constituti,
3258 3837 3411 3890 audi.

172 3954 288 4004 των,
340 3941 771 4013 ἀποκάμνουσιν·
824 3939 936 3994 ἀλλ’
986 3942 1015 3992 6
1059 3938 1231 4006 ἅγιος,
1282 3936 1405 3989 οὕτε
1459 3936 1596 4000 ὅλως
1640 3954 1662 3989 τ

1938 3930 2278 3986 sermonibus
2304 3929 2567 3994 molestis,
2608 3927 2863 3983 fatiscunt
2910 3939 2963 3982 et
3004 3930 3360 3984 succumbunt
3393 3946 3405 3981 :

175 4027 372 4099 ἔλεγχον
405 4034 497 4089 τὸν
532 4034 639 4087 ὑπὸ
688 4033 876 4102 φίλων,
910 4031 1034 4084 οὔτε
1074 4031 1198 4093 τοὺς
1229 4029 1419 4097 λόγους
1457 4029 1591 4098 πρὸς
1626 4027 1665 4079 ό]

1921 4033 2064 4077 ictus
2098 4031 2273 4077 autem
2299 4020 2487 4084 Jobus,
2517 4036 2688 4089 neque
2715 4021 3184 4090 reprehensionem
3212 4021 3411 4074 amico-

176 4120 359 4189 γωρὶαν
388 4124 627 4188 ἐδέξατο,
667 4122 740 4193 μὴ
768 4120 1197 4190 καταδεχόμενος
1225 4119 1363 4172 αὐτὰ
1389 4119 1488 4189 τὴν
1536 4119 1666 4189 ἀρχὶ

1922 4131 1985 4178 m,
2039 4129 2213 4184 neque
2257 4130 2533 4169 sermones
2576 4114 2787 4168 illorum
2837 4128 3057 4182 prorsus
3106 4111 3412 4182 neglexerat

176 4208 242 4271 ὼς
266 4211 533 4284 δυνάμενα
575 4214 735 4266 αὑτὸν
765 4215 939 4266 σεῖσαι
991 4211 1126 4265 ἀλλὰ
1156 4211 1215 4263 τὸ
1260 4211 1452 4278 ἄλογον
1489 4211 1587 4281 τῆς
1613 4227 1666 4263 κς

1922 4222 2004 4257 nm
2030 4221 2095 4258 ne
2122 4206 2173 4258 in
2205 4206 2358 4258 initio
2386 4204 2627 4273 quidem,
2665 4205 2727 4257 ad
2772 4204 3009 4258 animum
3055 4201 3170 4269 ejus
3198 4201 3412 4257 convel-

182 4299 351 4356 ἑαυτοῦ
379 4303 740 4376 ὲπιπλήξεως,
777 4306 870 4358 καὶ
907 4305 967 4356 τὸ
1011 4308 1236 4375 μάταιον
1263 4303 1356 4356 τοῦ
1384 4302 1605 4373 ἐλέγχου
1634 4301 1672 4354 δε

1923 4298 2061 4350 idum
2114 4298 2246 4352 satis
2284 4297 2456 4352 valida
2484 4312 2547 4352 ea
2578 4295 2983 4365 arbitraretur),
3019 4295 3114 4350 sed
3140 4294 3413 4363 vitupera-

183 4392 315 4457 κνὺς,
344 4400 527 4468 φησιν,
575 4400 657 4451 ὅτι
697 4399 779 4451 Οὐ
826 4397 1045 4450 παύσει
1077 4414 1153 4466 με
1181 4399 1214 4449 ό
1268 4394 1520 4464 ἔλεγχος
1548 4393 1673 4463 ὐμῶ

1930 4389 2011 4443 nis
2062 4390 2470 4453 absurditatem,
2526 4400 2579 4443 et
2626 4388 3061 4457 reprehensionis
3115 4388 3420 4441 vanitatem

187 4482 333 4549 Λόγος
360 4488 466 4559 γὰρ
493 4489 663 4557 χωρὶς
696 4487 872 4559 ἔργων
912 4486 1352 4559 προσφερόμενος
1400 4484 1497 4556 [ἴσ.
1531 4502 1674 4556 προφ

1932 4480 2152 4543 endens,
2201 4479 2352 4545 dicit,
2402 4478 2671 4547 Correptio
2708 4488 2875 4532 vestra
2917 4494 3019 4531 non
3061 4494 3141 4532 me
3190 4476 3414 4533 sedabit.

188 4572 436 4649 ρόμενοςΓ
461 4580 715 4644 ἀϐέϐαιός
767 4582 883 4632 ἐστι
922 4581 1016 4633 καὶ
1066 4579 1310 4643 ἄπιστος·
1354 4580 1528 4643 ἄλλως
1556 4580 1613 4633 δὲ
1642 4597 1675 4633 κ

1922 4587 2037 4625 rtno
2074 4572 2217 4626 enim
2271 4570 2389 4624 sine
2444 4584 2608 4638 opere
2656 4569 2913 4638 prolatus,
2967 4568 3277 4622 inconstans
3310 4574 3412 4633 est,

193 4662 257 4732 μὴ
278 4666 477 4737 ἀληθῶς
509 4670 733 4742 προῖὼν,
790 4671 871 4724 ἔτι
913 4671 973 4723 τὸ
1017 4671 1240 4733 ἀσθενὲς
1277 4670 1408 4741 ἔχει·
1437 4670 1576 4723 ὥστε
1643 4688 1683 4723 κε

1923 4678 1945 4716 c
1980 4662 2135 4715 ﬁdem
2181 4670 2451 4726 meretur;
2485 4670 2768 4730 praeterea,
2799 4659 2843 4713 si
2875 4659 2926 4711 in
2962 4670 3245 4727 progressu
3270 4657 3413 4711 veri-

191 4755 328 4825 ὺμεῖς
372 4763 843 4834 τοιούτῳ¹ὲλέγχῳ
900 4761 1204 4834 χρῴμενοι,
1254 4765 1316 4815 οὐ
1374 4763 1574 4815 παύετε
1638 4762 1681 4833 [ί

1927 4772 1957 4810 e
1984 4756 2241 4819 caruerit,
2284 4754 2461 4807 adhuc
2508 4752 2818 4805 inﬁrmitate
2846 4750 3055 4803 laborat
3086 4767 3098 4802 :
3125 4763 3292 4817 quare
3323 4763 3417 4803 vos

192 4851 424 4928 παύσετε]
471 4831 677 4927 cii—130?}
721 4831 1078 4923 itemstv,666é
1109 4854 1243 4924 πρὸς
1276 4855 1401 4917 τοὺς
1431 4854 1559 4923 παρ’
1587 4831 1682 4923 Citii

1924 4845 2151 4914 iusmodi
2185 4842 2599 4912 reprehensione
2649 4840 2753 4903 usi,
2784 4838 3074 4908 quominus
3096 4851 3219 4891 vera
3241 4837 3414 4891 dicam

194 4938 359 5011 λάγους
381 4952 640 5023 εὑρήσετε
682 4946 1033 5021 ἡσυχάζοντα.

1924 4953 2062 4993 :non
2122 4934 2497 5006 prohibebitis,
2550 4946 2720 5001 neque
2762 4930 2922 4985 verba
2967 4938 3147 4985 vestra
3200 4930 3414 4986 silentio

1847 5040 2257 5098 praetereuntem
2289 5028 2589 5081 invenietis.

258 5141 338 5196 Στ.
380 5148 476 5202 κθ’.
512 5148 809 5203 Καθίσατε
842 5146 941 5214 δὴ,
969 5146 1065 5198 καὶ
1107 5144 1192 5213 μὴ
1224 5144 1316 5210 εἴη
1352 5143 1579 5205 ἄδικον,
1642 5143 1739 5196 καὶ

1930 5140 2087 5194 Vens.
2128 5140 2216 5195 29.
2258 5136 2458 5197 Sedete,
2492 5138 2718 5198 obsecro,
2758 5144 2804 5189 et
2841 5135 3027 5188 nonsit
3064 5135 3341 5204 injustam,
3371 5143 3420 5188 ct

200 5229 359 5285 πάλιν
401 5239 475 5304 τῷ
526 5239 731 5304 δικαίῳ
766 5236 1156 5304 συνέρχεσθε.
1194 5237 1275 5287 Οὐ
1303 5232 1413 5301 γάρ
1447 5235 1618 5285 ἐστιν
1674 5234 1690 5285 ἐ

1934 5249 2032 5284 'sus
2059 5236 2207 5301 justo
2246 5230 2494 5283 adestote.
2539 5227 2659 5281 Non
2694 5238 2767 5281 est
2812 5229 2949 5281 enim
2988 5228 3041 5281 in
3088 5228 3266 5295 lingua
3309 5245 3423 5282 mea

202 5321 418 5397 γλώσσῃ
435 5349 552 5400 μου
572 5330 801 5394 ἄδικον,
820 5328 857 5397 ἣ
879 5332 910 5381 ὀ
926 5326 1153 5396 λάρυγξ
1181 5343 1300 5394 μου
1324 5325 1458 5395 οὐχὶ
1487 5326 1692 5378 σύνεσι

1931 5324 2118 5387 quitus,
2158 5332 2246 5375 aut
2299 5321 2478 5388 fauces
2524 5334 2651 5372 mea:
2694 5334 2862 5373 nonne
2904 5318 3222 5373 intellectum
3256 5317 3421 5369 medi-

202 5420 395 5489 μελετᾷ
413 5440 429 5487 ;

1851 5414 2072 5466 tantur?

267 5509 517 5581 Διδύιιου.
562 5512 956 5585 Ἐπιτρεπτικὰ
984 5512 1041 5565 δὲ
1095 5511 1266 5564 ταῦτα
1315 5513 1408 5564 καὶ
1449 5510 1744 5576 ἁνεξίκακα

1932 5506 2160 5576 Didymi.
2226 5505 2349 5559 llaec
2405 5504 2566 5558 verba
2623 5502 2840 5556 illorum
2886 5500 3111 5555 arbitrio
3163 5496 3422 5566 judicium

212 5594 295 5667 [ἴα.
326 5606 653 5681 ἁλεξίκακα].
673 5607 994 5661 παιδεύοντα
1028 5606 1212 5675 σχολῇ,
1244 5607 1336 5660 καὶ
1368 5608 1628 5675 προσοχῇ,
1655 5622 1702 5657 κε

1934 5599 2011 5651 nul
2051 5599 2392 5665 permittunt.
2428 5605 2482 5649 et
2514 5593 2649 5647 mala
2676 5592 3025 5654 amoliuntur,
3059 5590 3183 5642 dum
3230 5589 3282 5640 in
3310 5603 3424 5641 ser-

216 5685 424 5753 δξετάπει
450 5679 795 5773 φθέγγεσθαι·
832 5701 859 5753 ὃ
890 5698 1140 5770 δηλοῦται
1167 5700 1253 5751 διὰ
1281 5698 1397 5761 τοῦ,
1430 5700 1706 5752 Καθίσατε

1932 5693 2111 5747 )nibns
2166 5690 2376 5751 otium,
2438 5686 2794 5742 attentionem
2858 5693 2910 5739 et
2967 5679 3422 5736 examinationem
