3750 6312
339 240 477 303 “59

1598 252 1829 308 ulDYMl
1868 253 2327 312 ALEXANDRINI

3452 270 3582 325 illo

336 364 695 421 adhibendam
722 377 841 420 esse
869 364 1096 431 docent;
1132 366 1274 435 quod
1309 382 1373 422 ex
1400 383 1530 424 voce
1565 370 1677 435 illa,
1706 370 1891 425 Sedete

2021 374 2188 428 Τοῦτο
2233 376 2325 429 καὶ
2375 376 2608 447 ἀλλαχοῦ
2656 377 2892 449 εἴρηται,
2954 379 3105 449 Πρὶν
3137 382 3454 452 ἐξετάσῃᾳ,
3496 386 3577 454 μὴ

337 455 682 509 manifestum
747 465 851 510 est.
928 456 1040 511 [loc
1103 460 1266 512 etiam
1328 460 1457 514 alibi
1510 462 1711 517 dictum
1773 472 1907 517 est:

340 545 654 615 Priusquam
679 548 1086 612 examinavert's,
1113 565 1176 603 ne
1200 550 1455 617 vituperes
1487 550 1689 620 (Eccli.
1727 571 1803 619 ιι,
1833 554 1907 624 7).

337 636 586 706 Magnum
647 639 810 693 etiam
869 651 954 694 est
1006 642 1135 695 illud
1194 643 1334 710 quod
1371 645 1621 707 attexuit,
1680 646 1801 699 Non
1842 649 1911 699 sit

336 727 621 796 injustam;
668 730 719 782 in
760 744 1008 785 sermone
1045 734 1187 786 enim
1239 734 1457 787 minime
1504 735 1610 788 labi
1658 738 1909 804 exiguum

337 834 444 877 non
479 830 580 875 est.
613 819 869 876 Hortalus
897 832 1073 877 autem
1115 841 1207 879 eos
1236 835 1292 879 ut
1332 842 1455 879 cum
1481 828 1591 882 otio
1612 841 1665 881 et
1689 830 1908 898 diligen-

336 912 411 964 tia
437 912 675 967 examini
696 914 816 982 ejus
846 924 1123 977 vacarent,
1159 919 1300 984 quod
1353 932 1448 984 per
1481 918 1564 971 illa
1596 918 1781 981 verba,
1818 919 1910 974 Se-

336 1006 713 1067 dete.obsecro,
737 1015 785 1059 et
811 1022 910 1059 non
935 1008 1001 1059 sit
1022 1008 1296 1075 injustam,
1322 1020 1694 1077 expresserat,
1724 1027 1907 1065 vocem

336 1096 533 1151 deinde
576 1096 822 1150 libertate
864 1097 1077 1164 plenam
1125 1099 1350 1165 profert,
1396 1102 1581 1153 dicens
1614 1120 1626 1155 ι
1663 1101 1787 1154 Non
1834 1113 1914 1155 est

335 1188 473 1239 enim
515 1188 570 1239 in
613 1187 791 1255 lingua
830 1205 940 1241 mea
993 1189 1263 1256 iniquitas,
1320 1191 1481 1245 tacite
1516 1192 1654 1250 illos.
1694 1203 1911 1262 propter

336 1278 639 1345 opinionem
666 1294 827 1345 quant
856 1281 923 1332 de
949 1294 1012 1335 eo
1036 1280 1305 1341 fovebant,
1329 1282 1714 1348 condemnatis,
1767 1286 1907 1353 quod

334 1373 539 1428 scilicet
568 1383 785 1441 propter
839 1383 1056 1439 peccata
1085 1374 1207 1426 talia
1235 1384 1534 1441 pateretur:
1560 1391 1623 1429 ac
1652 1386 1907 1443 praeterea

338 1464 710 1530 subindicans,
744 1481 864 1519 cum
896 1465 1117 1518 homine
1148 1466 1298 1518 fatuo
1333 1468 1602 1534 negotium
1637 1468 1765 1535 ipsis
1802 1484 1905 1520 non

333 1573 472 1622 esse,
512 1568 568 1612 ut
600 1558 718 1613 illos
758 1558 858 1612 hac
896 1559 1103 1612 ratione
1146 1560 1211 1612 ad
1254 1560 1743 1614 considerationem
1789 1563 1906 1627 ejus

335 1650 627 1713 excitaret,
663 1660 717 1705 et
747 1662 804 1704 ut
843 1666 905 1705 ea
943 1651 1237 1717 prudenter
1282 1664 1336 1706 et
1372 1654 1647 1723 sapienter
1685 1667 1903 1710 uteren-

336 1750 439 1805 tur,
473 1752 834 1809 permoveret.

407 1832 559 1887 CAP.
601 1832 713 1897 νιι,
760 1849 908 1893 vers.
962 1837 1045 1890 l0.
1095 1836 1154 1891 Si
1202 1837 1340 1890 enim
1386 1836 1536 1889 homo
1586 1840 1906 1894 descenderit

331 1922 401 1973 ad
446 1921 730 1989 infernum,
781 1924 922 1976 ultra
968 1941 1070 1977 non
1101 1928 1362 1987 ascendet,
1404 1936 1452 1978 et
1488 1944 1587 1979 non
1627 1940 1907 1982 revertetur

333 2013 555 2075 amplius
597 2018 652 2067 in
691 2017 900 2068 domum
940 2032 1108 2082 suam,
1147 2034 1306 2086 neque
1349 2030 1617 2087 cognoscet
1643 2036 1760 2072 eum
1795 2038 1908 2074 am-

331 2102 468 2169 plius
494 2105 637 2159 locus
665 2106 798 2175 ejus.

408 2191 639 2261 Didymi.
683 2195 785 2248 Alii
817 2205 1018 2256 autem.
1060 2212 1164 2251 non
1196 2210 1252 2251 ut
1281 2200 1727 2254 resurrectionem
1764 2217 1909 2254 mor-

334 2294 547 2338 tuorum
585 2286 816 2352 tolleret,
848 2289 959 2343 haec
990 2305 1019 2343 a
1057 2289 1191 2345 ano
1234 2293 1377 2345 dicta
1414 2308 1537 2347 esse
1568 2293 1782 2359 volunt;
1812 2295 1905 2348 sed

332 2377 564 2442 primum
596 2379 844 2446 quidem,
890 2391 947 2433 ut
976 2383 1227 2436 humanm
1272 2383 1395 2436 vita:
1444 2384 1809 2453 fragilitatem,
1852 2395 1908 2439 et

331 2466 545 2527 deinde,
583 2483 705 2521 cum
761 2471 850 2537 qui
902 2471 1066 2525 semel
1116 2472 1343 2532 obierit,
1394 2474 1463 2524 ad
1500 2475 1903 2541 corruptibilein

330 2555 471 2610 hanc
506 2558 671 2612 vitam
704 2559 927 2615 minime
955 2562 1276 2626 rediturum,
1312 2579 1409 2618 nec
1440 2574 1695 2619 consueta
1724 2566 1903 2619 munia

329 2649 627 2713 obiturum,
659 2653 989 2707 ostenderet.
1034 2653 1209 2719 Quare
1245 2658 1420 2710 verbis
1465 2656 1589 2717 illis,
1632 2654 1751 2707 Non
1794 2673 1906 2708 ant-

330 2737 469 2806 ptius
494 2743 733 2799 ascendet
766 2760 831 2796 ex
868 2745 1097 2812 inferno,
1131 2749 1498 2801 connectenda
1535 2758 1659 2801 sunt
1696 2748 1781 2800 illa
1841 2748 1905 2800 In

330 2831 542 2884 domum
572 2849 719 2885 suam
754 2850 855 2887 non
894 2845 1206 2902 revertetur;
1252 2854 1314 2891 ac
1363 2842 1409 2893 si
1449 2840 1690 2901 dixisset,
1740 2840 1904 2893 [levi-

329 2920 500 2975 viscet
532 2923 773 2990 quidem,
808 2939 993 2979 verum
1038 2926 1090 2979 in
1126 2929 1344 2980 domum
1385 2944 1535 2981 suam
1582 2945 1683 2983 non
1724 2944 1907 2983 rever-

332 3020 495 3069 tetur.
552 3013 852 3069 Probabilis
918 3017 1135 3085 quidem
1196 3028 1282 3072 est
1334 3019 1449 3073 hac
1501 3020 1901 3089 interpretatio;

2005 467 2264 537 μέμφου,
2300 469 2456 537 Μέγα
2487 471 2543 523 δὲ
2572 470 2665 522 καὶ
2691 471 2752 523 τὸ
2782 472 3060 543 ἐπίταγμα
3096 474 3177 538 τὸ,
3209 475 3305 541 Μὴ
3342 477 3434 543 ειη
3464 477 3582 530 ἅδι-

2012 575 2141 612 κον·
2175 561 2236 612 οὑ
2278 561 2388 631 γὰρ
2425 561 2639 631 μικρὸν,
2670 563 2726 614 ὲν
2752 560 2895 633 λόγῳ
2921 564 2994 633 μὴ
3020 565 3251 617 πταίειν.
3277 566 3580 635 [19919666-

2016 668 2174 720 μενος
2217 652 2276 705 δὲ
2327 653 2524 715 αὑτοὺς
2555 652 2807 721 σχολάσαι
2836 656 2901 723 τῇ
2938 655 3067 725 περὶ
3100 654 3264 708 αὑτοῦ
3322 654 3577 718 ἐξετάσει,

2011 745 2147 817 ὅπερ
2196 744 2285 797 διὰ
2332 743 2445 808 τοῦ,
2495 747 2791 799 Καθίσατε
2817 744 2916 812 δὴ,
2974 748 3070 800 καὶ
3098 745 3186 815 μὴ
3236 748 3331 814 εἵη
3362 746 3575 809 ἄδικον,

2011 837 2370 905 ἡρμήνευσεν·
2416 831 2534 889 εἶτα
2580 837 3052 908 εὑπαρῤησίαστον
3094 838 3360 910 προφέρει
3414 838 3577 905 λόγον,

2013 929 2256 995 φάσκων·
2317 931 2397 982 Ui)
2432 928 2542 998 γάρ
2574 929 2745 983 ἐστιν
2792 930 2861 982 ἐν
2902 930 3151 999 γλώσσῃ
3190 948 3311 1000 μου
3360 930 3578 983 ἄδικον·

2009 1021 2191 1089 ἡρέμα
2217 1020 2567 1091 παρακρινῶν
2586 1020 2699 1091 [γρ.
2730 1021 3067 1092 παρακινῶν]
3092 1021 3188 1092 [ῑσ.
3221 1020 3579 1095 κατακρίνων]

2011 1113 2226 1175 αὐτοὺς,
2261 1113 2319 1177 ἐξ
2352 1110 2418 1183 ἧς
2467 1109 2612 1182 εἶχον
2651 1112 2777 1183 περὶ
2824 1113 2987 1165 αὑτοῦ
3038 1113 3366 1183 διαλήψεως,
3399 1113 3475 1175 ὡς·
3516 1113 3578 1165 δι’

2008 1204 2280 1273 ἁμαρτίας
2304 1204 2649 1268 πεπονθότος·
2669 1206 2761 1256 καὶ
2777 1205 2949 1267 ἄλλως
2969 1205 3360 1273 ὑποσημαίνων
3388 1205 3576 1269 αὑτοῖς,

2010 1295 2085 1358 ὡς
2113 1296 2171 1347 οὑ
2215 1293 2351 1365 πρὸς
2387 1294 2643 1348 ἀσύνετον
2681 1294 2779 1365 [ἴσ.
2823 1296 2997 1364 suppl.
3042 1294 3297 1366 πρᾶγμα]
3355 1295 3575 1365 ἔχουσιν,

2011 1386 2078 1438 ἵν’
2137 1389 2200 1438 ὲκ
2239 1387 2429 1438 τούτου
2488 1388 2568 1448 εἰς
2623 1387 2723 1457 τὴν
2770 1387 2897 1457 περ).
2951 1386 3115 1438 αὑτοῦ
3152 1387 3345 1455 σκέψιν
3394 1387 3577 1449 αὐτοὺς

2008 1478 2268 1550 διεγείρῃ,
2326 1479 2465 1531 ὥστε
2522 1478 2797 1550 φρονίμως
2844 1478 2938 1532 καὶ
2979 1478 3216 1543 συνετῶς
3254 1479 3429 1550 ταύτῃ
3456 1480 3575 1550 χρή-

2009 1560 2225 1622 σασθαι.

2082 1836 2237 1890 ΚΕΦ.
2272 1838 2346 1897 Z',
2379 1852 2460 1888 στ.
2491 1842 2540 1888 ι’.
2589 1834 2724 1891 Ἐὰν
2772 1834 2881 1903 γὰρ
2907 1834 3210 1902 ἄνθρωπος
3245 1831 3472 1897 καταϐῇ
3500 1835 3576 1896 εἱς

2012 1926 2185 1994 ᾅδην,
2217 1927 2411 1981 οὐκέτι
2434 1926 2519 1995 μὴ
2544 1926 2757 1993 ἀναϐῇ,
2786 1926 2911 1979 οὐδ’
2938 1928 3009 1978 οὐ
3034 1925 3118 1994 μὴ
3141 1924 3476 1991 ἐπιστρέψῃ
3502 1924 3577 1985 εἰς

2012 2020 2118 2072 τὸν
2156 2019 2309 2072 ἴδιον
2342 2015 2530 2085 οἷκον,
2562 2017 2685 2071 οὐδ’
2715 2020 2785 2072 οὐ
2806 2016 2890 2087 μὴ
2931 2012 3150 2085 ἐπιγνῷ
3177 2014 3371 2068 αὑτὸν
3417 2014 3497 2066 ἔτι
3546 2016 3575 2066 d

2011 2110 2195 2175 τόπος
2223 2110 2366 2161 αὐτο
2375 2108 2428 2162 ὗ.

2082 2202 2353 2271 Διδύμου.
2384 2202 2563 2255 Ἀλλοι
2594 2219 2707 2272 ιγρ.
2740 2200 2920 2273 Τινὲς]
2946 2201 3001 2253 δέ
3028 2218 3206 2269 φασιν,
3239 2200 3324 2251 ὅτι
3358 2199 3419 2251 ού
3456 2215 3576 2268 παρ·

2014 2292 2327 2362 αινούμενος
2394 2290 2504 2363 [ῖσ.
2580 2291 3044 2362 παραιρούμενος]
3107 2292 3205 2362 τὴν
3261 2291 3571 2351 ἀνάστασιν,

2012 2382 2170 2435 τοῦτο
2205 2382 2370 2448 λέγει·
2423 2383 2560 2436 ἀλλὰ
2612 2384 2826 2453 πρῶτον
2868 2383 2966 2451 μὲν
3022 2382 3083 2433 τὸ
3131 2382 3240 2434 τῶν
3291 2380 3573 2448 ἀνθρώπω

2014 2472 2277 2543 ἐπίκηρον
2301 2474 2530 2536 δεικνύς·
2570 2474 2778 2531 ἔπειτα.
2812 2476 2893 2527 ὅτι
2928 2476 2955 2525 6
2984 2471 3129 2536 ἅπαξ
3166 2471 3477 2532 ἀποθανὼν,
3506 2473 3573 2533 εἰς

2012 2565 2159 2617 τόνδε
2192 2565 2283 2617 τὸν
2309 2565 2541 2636 φθαρτὸν
2567 2564 2677 2633 βίον
2708 2566 2807 2634 οὑχ
2838 2564 3184 2634 ὑποστρέφει,
3213 2563 3337 2615 οὑδὲ
3369 2560 3438 2613 τὰ
3467 2578 3571 2613 συν-

2015 2654 2118 2724 ήθη
2152 2655 2405 2725 πράττων
2434 2657 2923 2725 ἐπιγνωσθήσεται·
2957 2654 3097 2706 ὥστε
3130 2653 3230 2721 τῷ,
3262 2652 3471 2705 Οὐκέτι
3510 2652 3573 2704 οὐ

2006 2746 2093 2813 μὴ
2126 2746 2318 2815 ἀναϐῇ
2343 2748 2411 2810 ἐξ
2459 2747 2628 2813 ᾅδου,
2691 2746 2983 2799 συναπτέον
3021 2744 3098 2807 τὸ,
3150 2746 3254 2808 Εἰς
3286 2742 3394 2795 τὸν
3437 2742 3573 2794 ιδιεγ

2013 2834 2179 2891 οἷκον
2206 2840 2314 2891 οὐκ
2350 2840 2704 2907 ἐπιστρέεζσῃ·
2744 2839 2830 2890 ἵνα
2878 2839 3026 2907 εἴπῃ,
3070 2837 3152 2889 ὅτι
3200 2834 3571 2887 Ἀναὸιῶσετι.

2016 2930 2133 2999 μὲν,
2175 2931 2234 2981 ού
2274 2931 2381 2999 μὴν
2403 2933 2481 2993 εἰς
2502 2932 2592 2982 τὸν
2633 2930 2827 2983 ἑαυτοῦ
2872 2924 3018 2982 οἷκον
3051 2926 3393 2996 ἐπιστρέψει.
3450 2923 3569 2978 Ἀλλ’

2016 3020 2152 3091 αὓτη
2193 3021 2290 3088 μὲν
2319 3024 2350 3091 ἡ
2394 3022 2663 3092 ἑρμηνεία
2691 3021 2913 3091 πιθανὴ,
2942 3019 3282 3090 ἀληθεστέρα
3306 3018 3366 3071 δὲ

330 3106 481 3175 prior
511 3115 690 3162 autem
720 3110 919 3173 verior,
972 3111 1113 3179 quod
1154 3111 1333 3177 justus
1383 3113 1693 3182 mysterium
1734 3130 1892 3167 resur-

2021 3112 2163 3183 τέρα,
2197 3114 2277 3165 ὅτι
2304 3114 2487 3181 ἠγνόει
2517 3113 2582 3165 τὰ
2630 3131 2692 3165 πε
2705 3114 2757 3183 ρί
2786 3114 2881 3183 τῆς
2914 3112 3265 3173 ἀναστάσεως
3308 3112 3338 3163 6
3361 3109 3567 3170 δίκαιος

332 3198 594 3251 rectionis
631 3199 968 3269 ignoraveril
1003 3217 1017 3257 :
1052 3202 1192 3256 unde
1219 3212 1273 3256 et
1308 3203 1665 3257 admiratione
1709 3205 1909 3271 majore

332 3290 527 3358 dignus
553 3300 656 3354 est,
708 3292 850 3359 quod
890 3292 994 3346 tale
1028 3294 1162 3347 nihil
1188 3309 1439 3363 sperans,
1470 3296 1720 3349 virtutem
1766 3313 1907 3350 snm-

332 3397 474 3435 mam
506 3382 557 3435 in
595 3385 846 3439 omnibus
884 3388 1197 3441 ostenderit.

403 3473 556 3527 CAP.
600 3473 730 3533 VIII,
773 3491 915 3529 vers.
959 3478 1045 3530 11.
1090 3477 1344 3546 Nunquid
1395 3479 1521 3533 viret
1562 3482 1761 3549 scirpus
1798 3483 1909 3535 sine

333 3580 468 3634 aqua
484 3567 519 3619 .’-
537 3575 628 3619 aut
650 3566 967 3621 exaltabitur
989 3584 1144 3623 caret:
1170 3571 1283 3623 sine
1317 3581 1442 3639 potu
1462 3572 1487 3624 1’
1509 3572 1699 3635 adhuc,
1728 3582 1832 3626 etc.

403 3744 639 3815 Didymi.
681 3745 737 3801 Si
767 3756 945 3803 autem
978 3750 1042 3803 de
1080 3750 1165 3805 his
1217 3752 1495 3805 venustius
1528 3759 1582 3804 et
1608 3750 1906 3821 elegantius

330 3838 801 3892 commcnlandnm
843 3832 945 3893 sit:
996 3838 1283 3909 lmpiorum
1332 3855 1455 3909 spes
1518 3856 1706 3894 revera
1762 3842 1902 3895 circa

332 3947 421 3986 res
436 3933 758 3986 exsistentes
784 3932 1003 3987 minime
1025 3943 1291 3986 versatur.
1313 3931 1446 4001 Spes
1471 3933 1613 3987 enim
1638 3934 1687 3985 in
1714 3949 1907 4001 genere

332 4024 469 4077 nihil
531 4024 675 4077 aliud
725 4032 841 4088 est,
882 4038 1043 4091 quam
1099 4023 1360 4078 bonorum
1412 4024 1903 4093 exspectatio:qui

334 4117 524 4169 metuit
550 4126 751 4176 autem,
778 4123 1074 4183 exspectat,
1103 4117 1195 4169 sed
1218 4130 1279 4169 ea
1310 4131 1428 4184 qua:
1454 4116 1591 4169 bona
1619 4130 1724 4170 non
1748 4125 1901 4180 sunt;

333 4208 595 4261 malorum
658 4208 801 4261 enim
860 4206 1212 4274 exspectatio,
1264 4216 1438 4261 metus
1488 4216 1590 4269 est,
1644 4208 1903 4261 bonorum

332 4313 485 4359 vero,
547 4284 690 4366 spes.
746 4297 879 4351 Cum
928 4297 1090 4365 igitur
1134 4297 1281 4365 impii
1328 4312 1414 4352 res
1456 4312 1574 4366 quae
1623 4312 1726 4351 non
1781 4305 1909 4352 sunt

333 4396 669 4457 exspectent,
704 4388 914 4442 illorum
952 4402 1074 4455 spes
1103 4389 1407 4451 evanescit;
1446 4388 1701 4455 iucundis
1738 4389 1902 4457 enim,

2013 3204 2134 3256 ὅθεν
2163 3205 2254 3256 καὶ
2291 3204 2450 3257 πλέον
2488 3204 2602 3255 ἐστὶ
2632 3203 2961 3273 Θαυμαστὸς,
3008 3203 3088 3255 ὅτι
3141 3202 3305 3272 μηδὲν
3355 3198 3574 3253 τοιοῦτον

2015 3293 2265 3357 ἐλπίζων,
2294 3291 2436 3345 οὕτω
2461 3292 2561 3363 τὴν
2589 3291 2762 3361 ἄκραν
2802 3293 3004 3363 ἀρετὴν
3025 3289 3413 3361 κατώρθωσεν.

2082 3472 2239 3524 ΚΕΦ.
2274 3468 2353 3535 Η’ν,
2378 3486 2459 3523 στ.
2493 3476 2580 3523 ια’.
2606 3468 2702 3537 Μὴ
2734 3468 2943 3523 θάλλει
2971 3468 3248 3536 πάπυρος
3279 3467 3428 3521 ἄνευ
3454 3464 3571 3518 ὕδα-

2012 3578 2151 3625 τοςς
2198 3560 2236 3626 ἢ
2287 3559 2668 3627 ὑψωθήσεται
2708 3561 3015 3628 ,Βούτομον
3045 3558 3193 3612 ἄνευ
3244 3557 3433 3609 πότου
3447 3572 3467 3619 ;
3495 3554 3571 3609 Et:

2013 3652 2103 3712 ὃν,
2136 3668 2189 3702 κ.
2221 3666 2267 3701 τ.
2292 3648 2342 3703 λ.

2084 3738 2358 3807 Διδύμου.
2393 3739 2457 3791 Εἰ
2490 3736 2545 3789 δὲ
2572 3736 2676 3807 χρὴ
2708 3736 2802 3789 καὶ
2833 3736 3170 3807 κομψότερον
3204 3735 3332 3806 περὶ
3380 3734 3568 3788 τούτων

2010 3831 2300 3886 διαλαϐεῖν·
2330 3829 2419 3899 Τῷ
2447 3829 2557 3881 ὄντι
2592 3830 2624 3897 ἠ
2659 3827 2765 3879 τῶν
2798 3828 3009 3881 ἀσεϐῶν
3038 3828 3192 3890 ἐλπὶς
3223 3828 3285 3879 οὑ
3314 3828 3440 3897 περὶ
3484 3827 3569 3892 ὑφ-

2012 3926 2277 3996 εστηκότα
2298 3924 2526 3992 γίνεται.
2566 3922 2630 3975 Ἦ
2651 3922 2759 3992 γὰρ
2781 3922 2933 3985 ἐλπὶς
2958 3922 3108 3974 οὐδὲν
3137 3921 3327 3991 ἕτερον
3350 3922 3461 3973 ἐστι
3480 3937 3565 3973 καθ

2012 4018 2079 4070 τὰ
2108 4017 2283 4084 γένος,
2322 4016 2354 4086 ἢ
2389 4014 2684 4084 προσδοκία
2712 4014 2953 4080 ἀγαθῶν·
2990 4014 3083 4065 καὶ
3106 4016 3135 4065 ὁ
3167 4012 3495 4081 φοὸούμενος
3519 4011 3566 4062 δὲ

2012 4110 2305 4181 προσδοκᾷ,
2336 4107 2447 4160 ἀλλ’
2488 4107 2587 4159 οὑκ
2620 4105 2819 4173 ἀγαθά.
2872 4106 3073 4158 Κακῶν
3124 4105 3233 4175 γὰρ
3292 4104 3566 4176 προσδοκία

2012 4202 2157 4253 ἐστὶν
2186 4203 2214 4254 6
2245 4199 2427 4268 φόϐος,
2484 4196 2705 4265 ἀγαθῶν
2756 4196 2813 4250 δὲ
2861 4198 2893 4266 ἡ
2944 4196 3119 4258 ἐλπίς.
3176 4197 3331 4248 Ἐπεὶ
3349 4192 3439 4249 οὖν
3482 4196 3564 4263 οὐχ

2012 4292 2352 4361 ὑφεστηκότα
2374 4290 2673 4362 πράγματα
2698 4290 2746 4341 οἱ
2771 4288 2986 4351 ἀσεϐεῖς
3012 4287 3402 4358 προσδοκῶσιν,
3420 4286 3564 4339 6:6).-

2011 4385 2166 4438 λυται
2205 4383 2383 4435 αὑτῶν
2427 4385 2460 4453 ἡ
2516 4381 2689 4444 ἐλπίς.
2723 4380 2809 4443 Ὠς
2848 4380 2955 4449 γὰρ
2986 4381 3257 4449 μένουσιν,
3295 4384 3402 4442 τοῖς
3433 4379 3563 4447 ἡδέσι

334 4491 589 4547 tanquam
618 4477 1080 4546 permanentibus.
1114 4476 1388 4540 fruuntur,
1419 4487 1473 4531 et
1508 4478 1559 4530 in
1594 4478 1674 4532 eis
1704 4492 1892 4532 vanam

2021 4477 2263 4547 (ρῶνται,
2293 4474 2388 4527 καὶ
2417 4476 2472 4526 ἐν
2505 4472 2713 4535 τούτοις
2746 4473 2979 4542 ματαίαν
3010 4472 3221 4540 ἔχουσιν
3248 4471 3449 4524 ἐλπίδα.
3469 4470 3562 4522 Καὶ

333 4585 484 4639 spem
510 4570 798 4625 collocant.
838 4569 901 4622 Et
931 4568 1109 4636 justus
1146 4568 1367 4637 quidem
1389 4608 1404 4629 ,
1446 4568 1497 4621 in
1544 4568 1742 4621 virtute
1777 4583 1894 4634 sna,

337 4650 590 4728 tanquam
636 4659 695 4713 in,
729 4661 891 4712 domo
931 4673 1173 4721 manens,
1218 4674 1491 4727 nunquam
1541 4658 1682 4711 illam
1719 4659 1901 4712 deser-

332 4763 441 4806 tam
470 4760 525 4806 et
556 4751 965 4806 inbabitabilem
1001 4752 1339 4819 experietur;
1380 4749 1601 4803 Iustitia
1632 4752 1766 4803 enim
1794 4752 1905 4819 ejus

331 4853 501 4898 manet
557 4844 615 4896 in
660 4853 911 4897 cternum
951 4842 1126 4912 (Ptol.
1171 4857 1272 4907 cx,
1311 4841 1420 4909 5):
1454 4842 1727 4911 improbus
1776 4858 1907 4895 vero

331 4933 422 5002 qui
470 4948 589 4988 eam
646 4934 867 4987 minime
917 4941 1179 4995 sectatur,
1234 4947 1409 5001 neque
1462 4932 1690 4986 :edilicat
1740 4933 1903 4993 illam,

332 5037 505 5090 neque
558 5024 614 5077 in
664 5040 726 5079 ea
786 5034 1175 5079 commoratur.
1231 5023 1522 5087 Praeterea.
1584 5038 1904 5077 aranearum

332 5115 460 5175 tela,
488 5127 590 5181 ope
621 5124 826 5169 natura:
851 5123 1125 5177 contexta,
1154 5114 1469 5169 varietatem
1495 5114 1752 5177 ostendit,
1789 5130 1906 5182 quae

330 5206 523 5260 leviter
562 5215 726 5269 tacta,
760 5206 1018 5261 facillime
1040 5206 1358 5260 dissolvitur
1388 5223 1402 5258 :
1438 5206 1712 5258 hominum
1741 5206 1905 5275 igitur

332 5297 698 5361 improborum
732 5311 914 5365 opera,
971 5306 1027 5355 et
1075 5297 1207 5353 vita:
1240 5298 1417 5350 omnis
1461 5297 1618 5361 ratio,
1673 5313 1898 5349 aranea-

332 5401 449 5438 rum
495 5385 641 5452 telte,
691 5401 811 5455 qute
851 5401 1190 5456 nequaquam
1246 5387 1515 5453 subsistit,
1557 5388 1751 5440 similis
1796 5397 1898 5441 est.

328 5475 700 5546 lmproborum
757 5478 901 5533 enim
964 5479 1222 5548 cogitatio
1271 5479 1425 5550 (quae
1488 5479 1893 5534 tabernaculum

326 5569 580 5640 vocatur)
617 5570 838 5640 proclivi
879 5570 1027 5638 lapsu
1082 5586 1263 5632 ruens,
1308 5571 1450 5625 facili
1499 5572 1633 5625 adeo
1680 5573 1907 5642 negotio,

2004 4572 2031 4622 6
2058 4569 2157 4639 μὲν
2185 4567 2387 4629 δίκαιος
2405 4568 2462 4617 ἐν
2489 4567 2555 4635 τῇ
2589 4563 2752 4617 αὑτοῦ
2785 4565 2974 4634 ἀρετῇ,
3001 4562 3075 4626 ὡς
3106 4565 3163 4615 ἐν
3187 4562 3353 4633 οἰκίᾳ,
3386 4562 3559 4632 μένω,

2006 4660 2259 4713 οὐδέποτε
2292 4657 2402 4722 ἕξει
2441 4656 2538 4727 τὴν
2568 4656 2823 4725 τοιαύτην
2874 4655 3052 4708 οἰκίαν
3093 4655 3366 4725 ἀοίκητον·
3408 4654 3471 4707 Ἠ
3496 4652 3561 4703 δι-

2008 4752 2300 4816 καιοσύνη
2358 4752 2465 4819 γὰρ
2494 4749 2680 4802 αὐτοῦ
2734 4748 2901 4817 μένει
2957 4750 3043 4813 εἰς
3074 4747 3185 4800 τὸν
3219 4747 3418 4800 αἰῶνα·
3451 4748 3476 4799 ὁ
3511 4746 3559 4797 δὲ

2009 4842 2229 4911 φαῦλος,
2269 4841 2468 4913 ταύτης
2508 4842 2582 4911 μὴ
2613 4841 2999 4910 ἀντεχόμενος,
3039 4841 3141 4893 οὑκ
3174 4841 3441 4911 οἰκοδομεῖ
3474 4840 3559 4892 αύ-

2006 4935 2125 5005 τὴν,
2158 4934 2280 4987 οὐδὲ
2328 4932 2476 5003 μένει
2510 4935 2567 4985 ὲν
2597 4934 2755 5003 αὑτῇ..
2787 4933 2957 4986 Πάλιν
2984 4934 3016 5001 ἡ
3045 4933 3261 5003 ἀραχνη
3314 4930 3560 4985 ποικιλίαν

2009 5026 2395 5086 ἐπιδείκνυται,
2447 5024 2507 5089 ἐξ
2545 5024 2862 5095 ὑφάσματος
2885 5026 3113 5094 φυσικοῦ
3146 5023 3559 5091 κατεσκευασμέ-

2006 5133 2093 5185 νη,
2125 5117 2296 5186 ῥᾷστα
2335 5115 2391 5168 δὲ
2414 5116 2709 5179 διαλύεται,
2747 5114 3143 5185 ὲπιψαύσαντός
3180 5133 3343 5178 τινος.
3367 5116 3441 5167 Ta
3462 5113 3557 5163 τίὲν

2008 5207 2225 5275 φαύλων
2269 5205 2362 5260 οὖν
2396 5207 2553 5278 ἔργα,
2608 5208 2700 5260 καὶ
2741 5209 2773 5276 ἡ
2805 5207 3117 5277 κατασκευὴ
3156 5210 3255 5276 τῆς
3284 5203 3553 5263 πολιτείας,

2006 5300 2217 5371 ἀράχνῃ
2246 5300 2420 5352 ἔοικεν
2458 5301 2555 5369 οὑχ
2589 5299 2951 5369 ὑφισταμένη.
2996 5299 3195 5368 Ῥᾷστα
3249 5298 3353 5367 γὰρ
3394 5297 3422 5365 ὴ
3461 5292 3552 5343 τιὶμν

2006 5390 2223 5457 φαύλων
2245 5390 2473 5452 ἐπίνοια,
2506 5390 2678 5459 σκηνὴ
2717 5386 3112 5458 ὀνομαζομένη,
3138 5388 3548 5441 καταπίπτοντα,

2003 5480 2269 5547 εὐάλωτός
2322 5481 2468 5533 ἐστιν
2510 5478 2706 5545 οὑτως,
2760 5476 2836 5542 ὡς
2889 5476 3020 5549 μηδὲ
3067 5477 3243 5530 δοκεῖν
3296 5471 3555 5546 γεγονέναι

1996 5569 2145 5622 ποτέ.

328 5659 661 5728 dissolvitur,
719 5672 774 5717 et
811 5663 864 5721 in
894 5661 1118 5723 nihilum
1172 5663 1454 5733 redigitur,
1491 5673 1546 5718 ut
1594 5678 1879 5737 nunquam,
1908 5662 2178 5741 exstitisse
2213 5664 2471 5741 videatur.
