3774 6314
82 275 207 332 ΗΜ

1374 267 1801 329 FRAGMENTA
1833 265 1902 322 IN
1938 264 2075 321 JOB.

3236 252 3291 308 Il
3301 251 3372 306 42

148 394 369 463 Ὠσπερ
392 391 535 449 ἄνευ
573 392 758 458 ὓδατος
780 394 839 448 οὐ
876 392 1311 466 πληθυνθήσεται
1343 394 1482 458 ἕλος⁹
1518 390 1691 455 οὕτως

1863 369 2325 454 Quemadmodum
2359 380 2480 438 sine
2521 394 2660 449 aqua
2696 376 2848 447 palus
2898 389 3002 429 non
3051 370 3369 442 augebitnr:

78 484 342 537 ἀδύνατον
409 483 493 555 μὴ
562 484 849 556 δεχόμενον
885 487 945 540 ὲν
998 486 1205 558 διανοίᾳ
1264 486 1533 555 ὠφέλειαν
1582 484 1695 539 τῶν

83 576 439 646 κρειττόνων,
480 577 702 648 καρπὸν
732 581 1081 649 προενεγκεῖν
1108 578 1403 651 ὠφέλιμον.
1433 579 1690 651 Ἀρμόσει

82 668 135 719 δὲ
171 667 233 718 τὸ
269 666 445 738 ῥητὸν
479 668 582 720 καὶ
638 668 731 721 ἐπὶ
780 667 888 721 τῶν
934 668 1290 741 ἀνθρωπίνων
1329 670 1689 741 πραγμάτων,

83 760 160 811 ὅτι
203 756 473 827 καθάπερ
530 757 641 810 ἀπὸ
684 755 877 821 ὓδατος
916 758 1022 811 ὑπὸ
1080 758 1181 828 τῆς
1224 757 1478 829 προνοίας
1520 756 1692 811 ταῦτα

86 848 395 918 ἀρδεύεται,
428 843 505 920 ἦς
533 848 610 920 μὴ
636 847 914 918 ἐπιούσης,
965 848 1153 920 ῥᾳδίαν
1186 849 1355 902 ταῦτα
1396 848 1491 902 καὶ⁴
1522 848 1691 919 εὐμά-

92 956 278 1011 ραντον
310 938 433 1005 ἔξει
468 939 574 1010 τὴν
601 938 861 994 διάλυσιν.
889 940 1004 993 Πᾶν
1040 939 1170 1011 γὰρ,
1203 940 1307 993 κᾶν
1336 939 1549 1011 μικρὸν,
1587 939 1691 992 κᾶν

94 1031 229 1100 μέγα
265 1026 323 1103 ᾗ,
361 1030 427 1083 τὸ
449 1031 514 1084 ὲν
536 1029 615 1101 τῷ
638 1030 759 1101 βίῳ,
791 1031 895 1085 ὑπὸ
923 1032 1177 1103 πρόνοιάν
1206 1034 1341 1085 ἐστι⁸
1379 1031 1691 1103 ξηραίνεται

90 1124 163 1185 δὲ,
193 1124 239 1176 εί
264 1123 342 1194 μὴ
364 1121 520 1194 αὕτη
558 1123 866 1178 ὲποπτεύοι.

158 1300 249 1355 Στ.
284 1300 373 1364 ιζ’.
434 1300 579 1355 Ἐπὶ
606 1300 968 1371 συναγωγὴν
994 1302 1180 1357 λίθων
1204 1301 1492 1372 κοιμᾶται,
1523 1301 1592 1354 ἐν
1623 1301 1691 1354 δὲ

97 1391 251 1460 μέσῳ
270 1394 557 1461 χαλίκων
575 1393 833 1464 ζήσεται·
853 1394 962 1448 ἐὰν
982 1396 1260 1464 καταπίῃ,
1292 1399 1324 1449 ὀ
1349 1396 1530 1460 τόπος
1554 1396 1692 1463 ψεύ-

100 1501 260 1550 σεται
290 1486 513 1539 αὐτόν.

165 1578 445 1648 Διδύμου.
493 1581 952 1652 ’Υψηλότερωᾝὲ
981 1582 1171 1635 εἰπεῖν·
1202 1577 1358 1645 Οἷκός
1392 1584 1507 1635 ἐστι
1531 1580 1691 1634 λίθων

105 1669 346 1733 σύνθεσις
379 1673 532 1727 κατὰ
559 1673 773 1743 τέχνην,
802 1674 936 1745 πρὸς
970 1675 1186 1745 ἐτέρους
1208 1675 1398 1727 ἕνωσιν
1428 1674 1566 1744 ἔχων
1590 1673 1685 1745 [ῑσ.

1797 478 1878 533 sic
1902 473 2236 547 impossibile
2275 482 2380 540 est,
2414 482 2473 528 ut
2497 471 2729 526 fructum
2774 466 2957 522 utilem
2987 463 3241 535 proferat,
3279 461 3404 533 qui

1799 567 1982 622 animo
2029 578 2210 620 rerum
2244 562 2529 618 meliorum
2562 559 2847 613 utilitatem
2882 570 2986 609 non
3020 551 3372 620 comprehcn-

1798 657 1960 713 derit.
1997 657 2207 712 Dictum
2225 664 2406 709 autem
2446 654 2550 709 hoc
2577 652 2739 707 rebus
2765 650 2930 704 etiam
2959 645 3217 700 humanis
3239 656 3374 712 qua-

1799 749 1996 813 drabit,
2048 762 2169 818 quae
2222 746 2406 801 divina
2467 741 2837 813 providentia,
2898 749 3153 806 tanquam
3211 746 3373 801 aqua,

1798 840 2116 910 irrigantur,
2142 852 2263 909 quae
2300 837 2349 893 si
2375 836 2552 890 minus
2586 848 2768 889 comes
2805 839 3085 900 sequatur,
3134 828 3241 881 cito
3278 828 3359 879 hae

1798 936 2161 995 marcescunt,
2202 936 2258 981 et
2297 927 2349 980 in
2384 924 2609 980 nihilum
2646 923 2863 978 abeunt.
2908 917 3176 986 Quidquid
3228 916 3371 969 enim

1798 1021 1989 1075 invita
2018 1032 2121 1085 est,
2165 1020 2279 1074 sive
2321 1031 2599 1087 magnum,
2642 1015 2754 1069 sive
2796 1026 3018 1083 parvum
3056 1010 3145 1073 sit,
3184 1007 3377 1060 divina:

1800 1112 2153 1180 providentiae
2200 1108 2480 1180 subjacet;
2530 1117 2586 1161 et
2628 1105 2731 1159 nisi
2794 1103 2883 1158 illa
2951 1097 3373 1170 inspectaverit,

1798 1204 2122 1258 exsiccatur.

1871 1293 2036 1349 Vens.
2080 1293 2166 1347 l7.
2212 1291 2277 1346 In
2326 1289 2724 1360 congregatione
2775 1286 3008 1354 lapidum
3054 1280 3270 1341 dormit,
3323 1279 3377 1330 in

1798 1388 1968 1441 medio
2011 1397 2182 1441 autem
2242 1385 2449 1439 silicum
2498 1383 2646 1437 vivet.
2697 1378 2755 1434 Si
2822 1376 3185 1436 absorbuerit,
3234 1373 3377 1424 locus

1798 1479 2080 1532 mentietur
2112 1494 2251 1531 eam.

1870 1570 2099 1638 Didymi.
2130 1567 2201 1623 Ut
2234 1566 2517 1623 sublimius
2548 1573 2725 1618 autem
2754 1561 3033 1615 dicamus:
3071 1557 3269 1611 Domus
3295 1559 3382 1606 est

1797 1661 2032 1730 lapidum
2082 1659 2376 1714 artiﬁciose
2442 1658 2583 1711 inter
2632 1670 2690 1709 se
2742 1652 3014 1705 unitorum
3069 1655 3376 1701 structura:

109 1759 375 1833 ὲχόντων]σ
415 1736 666 1816 τοιοῦτον
746 1736 936 1835 ἀρετὴ,
970 1736 1113 1835 καιή
1164 1736 1407 1835 ἇγιότης,
1459 1736 1562 1818 ’καὶ
1591 1736 1692 1816 αὺ-

1860 1750 1924 1804 lis
1960 1750 2121 1804 etiam
2167 1759 2250 1804 est
2284 1749 2479 1811 virtus,
2519 1745 2802 1809 sanctitas,
2849 1749 2903 1795 et
2954 1738 3116 1793 divini
3146 1736 3380 1806 Spiritus

110 1852 215 1920 τὴή
250 1854 521 1921 μετουσία
553 1854 648 1907 τοῦ
678 1855 1019 1927 Πνεύματος·
1073 1855 1503 1926 ὲσκορπισμένον
1528 1854 1585 1908 δέ
1617 1872 1691 1920 τι,

114 1945 144 2011 ἡ
172 1948 462 2018 συναγωγὴ
498 1947 613 2001 τῶν
647 1948 828 2010 λίθων,
873 1949 967 2001 κα)⁴
996 1947 1142 2019 μίξις
1166 1948 1275 2002 τῶν
1301 1948 1559 2019 χαλίκων,
1588 1965 1695 2001 πα-

116 2036 407 2107 ραπλησίον
460 2043 531 2110 τῇ
594 2043 782 2113 κακίᾳ,
831 2045 896 2113 τῇ
954 2042 1027 2113 μὴ
1065 2041 1263 2114 ἐχούσῃ
1316 2040 1531 2104 ἕνωσιν,
1581 2040 1695 2092 ἀλλ’

119 2126 348 2191 ἀταξίαν.
382 2127 447 2183 ’0
473 2131 681 2203 ἀσεϐὴς
702 2130 795 2186 οὖν
816 2134 1029 2187 ἃπασαν
1051 2133 1147 2203 τὴν
1169 2130 1440 2202 διαγωγὴν
1470 2133 1527 2184 ὲν
1558 2132 1696 2203 οἴκῳ

119 2219 304 2282 κακίας
343 2220 485 2291 ἔχει,
518 2222 922 2295 διαλελυμένος,
955 2224 1095 2278 κατὰ
1125 2225 1251 2287 τοὺς
1290 2222 1394 2289 ἔξω
1433 2224 1533 2293 τῆς
1557 2225 1701 2276 οἰκο-

120 2308 276 2380 δομῆς
310 2311 521 2377 λίθους,
568 2315 618 2367 οἳ
676 2314 772 2384 οὐχ
823 2312 1119 2385 ἁρμόζουσι
1179 2317 1245 2385 τῇ
1288 2314 1540 2384 οἰκοδομῇ
1604 2312 1698 2366 τοῦ

126 2401 344 2470 πύργου,
392 2406 545 2460 κατὰ
574 2407 664 2459 τὸν
697 2407 973 2477 Ποιμένα·
1007 2407 1114 2461 οὐδ’
1145 2407 1450 2460 ἀκούουσιν·
1507 2405 1702 2475 Ὑμεῖς

127 2490 187 2550 δὲ
211 2493 701 2567 ἐποικοδομεῖσθε
725 2496 822 2551 ἐπὶ
840 2496 920 2561 τῷ
940 2497 1189 2567 θεμελίῳ
1214 2496 1331 2550 τῶν
1345 2497 1703 2551 ἀποστόλων

132 2582 219 2638 καὶ
238 2587 587 2655 προφητῶν.

198 2676 281 2727 Στ.
314 2677 397 2730 ιϐ’.
452 2679 553 2733 Ἐκ
581 2679 649 2732 δὲ
690 2678 800 2749 γῆς
826 2679 1019 2743 ἄλλον
1039 2681 1506 2747 αναόλαστήσει·
1536 2682 1568 2732 ὁ
1594 2678 1703 2747 γὰρ

138 2768 335 2833 Κύριος
364 2771 437 2824 οὐ
463 2770 556 2840 μὴ
580 2771 1024 2841 ἀποποιήσηται
1053 2774 1161 2826 τὸν
1176 2773 1423 2827 ἄκακον.

199 2859 472 2929 Διδύμου.
529 2863 842 2933 Ἐπιμείνας
872 2867 938 2935 τῇ
968 2868 1139 2936 τροπῇ
1176 2864 1282 2917 τῶν
1333 2863 1590 2934 βοτανῶν,
1620 2863 1702 2927 τὸν

1804 1842 2138 1905 communio;
2208 1840 2443 1909 lapidum
2496 1846 2673 1890 autem
2731 1846 2990 1894 acervus,
3054 1839 3109 1884 et
3168 1828 3379 1881 silicum

1805 1934 2053 1998 mistura,
2104 1934 2364 2001 quiddam
2426 1930 2738 1997 dissipatum
2803 1934 2856 1978 et
2899 1921 3215 1978 dissolutum
3267 1926 3379 1980 est,

1806 2026 2139 2096 improbitati
2164 2022 2361 2090 simile,
2390 2038 2510 2091 qum
2537 2022 2786 2074 unionem
2816 2031 2923 2071 non
2964 2012 3241 2081 agnoscit,
3284 2010 3382 2063 sed

1806 2117 2205 2173 confusionem.
2252 2114 2441 2171 Omnis
2493 2112 2656 2181 igitur
2684 2107 2926 2164 dissoluti
2964 2104 3113 2174 impii
3153 2117 3377 2157 conver-

1807 2211 1943 2265 satio
1978 2211 2027 2262 in
2056 2211 2215 2262 domo
2247 2205 2532 2277 pravitatis
2563 2213 2675 2275 est,
2719 2216 2821 2254 non
2851 2198 3008 2253 aliter
3051 2209 3211 2265 quam
3243 2192 3381 2260 lapi-

1808 2301 1902 2354 dcs
1947 2308 2098 2353 extra
2146 2296 2467 2359 aedilicium,
2523 2295 2613 2364 qui
2668 2276 3001 2346 aediﬁcandae
3049 2285 3183 2340 turri
3229 2283 3385 2353 plane

1810 2390 1972 2457 inepti
1998 2398 2141 2451 sunt,
2168 2388 2318 2453 juxta
2345 2387 2615 2438 Pastorem
2643 2381 2718 2452 (a)
2748 2400 2760 2434 :
2788 2395 2961 2448 neque
2983 2377 3110 2431 illud
3139 2374 3381 2434 audiunt,

1819 2480 1919 2533 Vos
1986 2491 2158 2533 autem
2218 2474 2715 2546 supermdiﬁcamini
2771 2487 2928 2540 super
2986 2468 3385 2537 fundamentum

1810 2570 2163 2638 apostolorum
2180 2578 2229 2621 et
2258 2566 2627 2636 prophetarum
2659 2562 2883 2632 (Epltes.
2911 2575 2973 2622 ti,
3011 2558 3133 2625 20).

1883 2658 2044 2713 Vrsas.
2091 2659 2176 2713 l9.
2220 2657 2295 2711 De
2334 2668 2474 2710 terra
2522 2666 2694 2707 autem
2752 2651 2978 2705 alterunt
3039 2646 3385 2717 germinabit;

1812 2751 2066 2805 Dominus
2096 2752 2230 2803 enim
2267 2766 2369 2801 non
2412 2744 2725 2815 improbabit
2758 2745 3103 2795 innocentem.

1888 2842 2121 2910 Didymi.
2159 2839 2483 2909 Metapliorac
2527 2852 2557 2889 a
2604 2836 2798 2904 plantis
2830 2842 3057 2900 sumptm
3109 2827 3385 2887 insistens,

1814 2932 2121 3003 germinabit
2220 2930 2418 3000 posuit.
2504 2928 2816 2996 Simplicem
2872 2933 3048 2979 autem
3108 2922 3208 2975 hoc
3272 2919 3388 2972 loco

1821 3026 1970 3087 dicit,
2006 3040 2109 3077 non
2135 3022 2409 3086 stolidum,
2440 3019 2533 3074 sed
2567 3032 2688 3071 eum
2713 3017 2805 3085 qui
2832 3014 3175 3083 improbitate
3207 3017 3385 3073 caret;

1738 3109 1781 3167 (Ξ
1817 3132 1915 3170 vox
1957 3115 2101 3169 enim
2143 3113 2351 3174 ἄκακος
2386 3119 2675 3178 utrumque
2736 3105 3025 3174 signiﬁcat.
3071 3104 3205 3155 Cum
3244 3097 3386 3153 enim

1814 3211 1879 3263 de
1907 3207 2169 3261 hmreticis
2212 3204 2341 3259 dicit
2372 3199 2867 3269 :Blandiloquentia
2912 3212 3009 3250 sua
3062 3193 3220 3247 corda
3258 3190 3389 3243 sim-

1812 3300 2023 3364 plicium
2073 3298 2329 3351 seducunt
2379 3293 2565 3363 (Rom.
2598 3307 2711 3354 xvr,
2761 3290 2880 3359 l8),
2923 3287 3192 3357 simplices
3235 3291 3392 3337 vocat

1815 3389 1903 3456 qui
1957 3388 2117 3440 rudes
2172 3394 2319 3448 sunt,
2362 3391 2415 3436 et
2468 3383 2535 3435 ad
2591 3379 2991 3450 intelligendum
3051 3376 3220 3441 tardi;
3266 3389 3389 3426 cum

1815 3490 1990 3530 autem
2019 3477 2149 3529 dicit
2176 3474 2483 3541 :Simplices
2504 3482 2550 3524 et
2571 3473 2694 3524 recti
2719 3471 2845 3522 mihi
2864 3469 3195 3521 adltwserunt
3216 3462 3389 3532 (Paul.

1815 3584 1963 3630 xxxv,
1995 3567 2124 3637 21),
2170 3566 2345 3635 justos
2382 3562 2631 3631 intelligit
2669 3580 2682 3616 :
2720 3560 3173 3631 quemadmodum
3202 3566 3255 3609 et
3290 3557 3391 3606 hoc

1817 3664 1869 3715 in
1907 3663 2023 3716 loco
2052 3660 2199 3722 dicit,
2238 3657 2379 3726 quod
2419 3656 2680 3710 Dominus
2726 3653 3026 3722 improbum
3072 3648 3288 3721 avellat,
3338 3656 3393 3697 et

141 2950 645 3024 ἀναϐὲίαστήσειν,
700 2955 963 3010 τέθεικεν.
1004 2958 1243 3009 ’Ἄκακον
1268 2956 1323 3009 δὲ
1359 2956 1589 3009 ἐνταῦθα
1618 2955 1707 3008 λέ-

142 3057 237 3108 γει,
264 3044 321 3096 οὐ
354 3045 443 3098 τὸν
474 3046 669 3118 εὐήθη,
697 3047 832 3103 ἀλλὰ
862 3049 952 3101 τὸν
979 3048 1052 3120 μὴ
1080 3048 1267 3120 ἔχοντα
1296 3049 1510 3101 κακίανσ
1535 3048 1709 3118 ἀμφό-

147 3151 266 3205 τερα
292 3137 395 3211 γὰρ
423 3140 682 3211 σημαίνει
730 3140 793 3193 τὸ
835 3141 1025 3212 ὄνομα.
1076 3144 1243 3196 Ὅταν
1293 3142 1390 3212 μὲν
1438 3141 1545 3211 γὰρ
1579 3140 1711 3213 λέγῃ

148 3227 261 3294 περὶ
282 3228 384 3281 τῶν
400 3230 717 3301 αἱρετικῶν,
762 3233 843 3285 ὅτι
873 3233 975 3287 Διὰ
1000 3233 1112 3302 τῆς
1141 3234 1581 3303 χρηστολογίας
1614 3232 1710 3296 ἑξ-

152 3317 401 3372 απατῶσι
419 3322 532 3387 τὰς
558 3321 803 3390 καρδίας
851 3322 972 3377 τῶν
1012 3324 1275 3385 ἀκάκων,
1297 3325 1536 3387 ἀκάκους
1559 3324 1713 3376 καλεῖ

153 3406 264 3469 τοὺς
290 3409 523 3481 εὐήθεις,
554 3413 679 3475 τοὺς
707 3412 920 3483 βραδεῖς
940 3414 1034 3484 τὴν
1061 3414 1264 3484 νόησιν-
1293 3416 1419 3467 ὅταν
1469 3415 1524 3467 δὲ
1556 3414 1710 3487 λέγῃ·

161 3499 376 3555 Ἄκακοι
419 3504 521 3557 καὶ
554 3505 748 3571 εὐθεῖς
773 3506 1114 3560 ἐκολλῶντό
1142 3524 1263 3576 μοι,
1297 3508 1423 3570 τοὺς
1473 3507 1714 3569 δικαίους

162 3592 408 3658 σημαίνει·
441 3593 696 3666 καθάπερ
724 3592 816 3648 οὖν
844 3597 939 3648 καὶ
993 3596 1227 3651 ἐνταῦθα
1272 3614 1433 3668 φησιν
1454 3636 1468 3660 ,
1511 3598 1591 3650 ὅτι
1623 3599 1714 3649 ἐκο

159 3679 307 3745 τίλλει
336 3686 432 3754 μὲν
450 3687 545 3740 τὸν
570 3687 770 3755 φαῦλον
788 3689 816 3740 ὁ
846 3686 1069 3759 Κήριος,
1098 3688 1316 3757 φυτεύει
1344 3690 1400 3742 δὲ
1434 3690 1547 3742 ἀντ’
1582 3689 1717 3742 ὲκεί-

164 3786 242 3822 νου
290 3774 373 3827 τὸν
405 3777 634 3832 ἄκακον·
670 3781 877 3832 ἐκεῖνον
927 3781 1024 3851 μὲν
1058 3780 1165 3851 γὰρ
1196 3782 1532 3851 τιμωρεῖται.
1567 3782 1628 3833 Ei
1658 3781 1714 3833 δέ

165 3876 238 3923 τις
262 3864 341 3935 εἴη
373 3867 624 3939 εὐσεϐὴς,
662 3871 755 3923 καὶ
784 3870 883 3940 τῆς
915 3870 1037 3925 καθ’
1072 3872 1271 3942 ἐτέρων
1300 3872 1498 3935 κακίας
1520 3872 1717 3942 ἀπέχε-

167 3957 478 4059 taliet-mi
509 3960 566 4013 ὲν
609 3962 857 4031 ἐσχάτοις
904 3962 1237 4034 ἐξετασθείη,
1282 3963 1539 4034 πλείστης
1586 3964 1715 4032 γοῦν

168 4046 295 4116 αὐτῷ
319 4050 413 4121 τῆς
437 4053 646 4117 οἰκείας
671 4054 922 4125 προνοίας
957 4055 1293 4125 μεταδίδωσι.

1819 3754 2089 3809 hominem
2126 3752 2464 3804 innocentem
2511 3748 2629 3816 ejus
2680 3745 2793 3799 vice
2837 3745 3039 3798 inserat
3072 3750 3125 3795 et
3166 3741 3388 3810 plantct,

1818 3847 1963 3900 illum
2014 3844 2155 3899 enim
2209 3840 2469 3910 supplicio
2519 3838 2700 3893 allicit.
2768 3837 2823 3892 Si
2878 3837 2997 3905 quis
3043 3844 3221 3888 autem
3273 3835 3391 3901 pius

1815 3937 2103 4000 exstiterit,
2123 3943 2174 3989 et
2191 3950 2218 3986 a
2253 3934 2393 3987 malo
2421 3931 2574 3984 alteri
2600 3928 2880 3983 inferendo
2904 3926 3246 3989 abstinuerit,
3269 3925 3397 3979 licet

1817 4044 2056 4085 extrema
2095 4041 2324 4097 quaeque
2358 4024 2618 4094 patiatur,
2659 4022 2863 4088 largam
2907 4020 2955 4075 ei
2998 4019 3392 4090 providentiam

1818 4125 1957 4178 Deus
1985 4121 2306 4188 iuipartitur.

1891 4216 2050 4269 Vens.
2091 4212 2181 4266 21.
2228 4210 2349 4264 Non
2380 4224 2494 4263 vero
2529 4206 2695 4261 ullum
2736 4222 2926 4263 manus
2968 4203 3119 4271 impii
3151 4203 3393 4271 accipiet.

170 4315 400 4380 δίηθινῶν
422 4322 489 4375 δὲ
518 4324 711 4392 στόμα
731 4322 1032 4391 ἐμπλήσει
1064 4316 1360 4391 γέλωτος,
1381 4321 1454 4376 τὰ
1501 4323 1569 4375 δὲ
1593 4325 1711 4392 χεί-

1860 4308 2100 4362 'eracium
2127 4314 2301 4359 autem
2328 4320 2382 4357 os
2414 4300 2641 4370 implebit
2674 4301 2808 4365 risu,
2844 4299 2984 4353 labia
3016 4309 3189 4353 autem
3215 4313 3396 4350 eorum

171 4408 238 4473 λη
265 4412 447 4468 αὐτῶν
468 4415 979 4483 ἐξομολογήσεως.

1860 4399 2157 4469 onfessione.

232 4460 234 4472 ,
308 4460 426 4468 —---.
469 4460 745 4483 ν-,ηη--υι
768 4460 979 4482 unus.

232 4502 486 4572 Διδύμου.
515 4508 784 4578 Ἀληθινός
810 4510 955 4562 ἐστιν
974 4508 1197 4571 ἐκεῖνος,
1219 4510 1246 4561 ὁ
1271 4507 1343 4578 μὴ
1366 4507 1711 4579 ὑποκρινόμε-

1894 4488 2129 4558 Didymi.
2166 4486 2341 4541 Verax
2369 4485 2458 4539 ille
2487 4494 2591 4551 est,
2618 4483 2710 4553 qui
2738 4482 2991 4537 virtutem
3026 4494 3131 4533 non
3157 4475 3393 4537 simulat.

177 4603 249 4651 νος
272 4596 392 4665 μηδὲ
422 4565 913 4669 ἐπιμορξριζόμενος
934 4598 1031 4670 τὴν
1044 4565 1415 4671 ἁρετην,.ὁ’μὴ
1456 4565 1711 4671 simiam-

1862 4593 1996 4647 cque
2025 4576 2158 4631 falso
2187 4582 2446 4644 praetextu
2472 4585 2565 4628 aut
2593 4572 2772 4643 specie
2798 4568 3203 4638 temperantiam
3230 4565 3392 4626 velat,

179 4680 373 4752 ξάμενος
388 4655 915 4763 σωφροσύνην,ιὰλλα
938 4655 1167 4761 σώφρων
1195 4655 1291 4756 ξὺν,
1324 4655 1385 4744 τὸ
1402 4655 1607 4745 δίκαιον
1637 4692 1711 4744 διε

1860 4672 1912 4722 ed
1932 4683 2051 4723 cum
2082 4668 2374 4723 sobrietate
2401 4664 2774 4734 justumjuste
2802 4658 3162 4730 persequitur.~
3192 4655 3395 4709 Horum

179 4775 320 4841 καίως
341 4782 563 4837 διώκων.
583 4783 798 4837 Τούτων
818 4778 909 4837 οὖν
934 4782 1042 4836 τῶν
1070 4783 1335 4854 ἀληθινῶν
1355 4782 1415 4835 τὸ
1436 4784 1607 4853 στόμα
1627 4786 1711 4854 ὲμ·

1860 4762 1984 4831 ςίιυτ
2016 4761 2289 4816 veracium
2352 4758 2490 4816 Deus
2533 4770 2595 4810 os
2623 4756 2734 4808 risu
2762 4751 3019 4820 implebit.
3054 4751 3104 4803 id
3138 4759 3221 4803 est
3258 4748 3395 4799 laeti-

182 4865 347 4937 ’κλήσει
372 4877 397 4927 ὁ
415 4877 547 4939 Θεὸς
573 4875 825 4944 γέλωτος,
863 4875 1141 4929 τουτέστιν
1159 4840 1557 4943 ’ἀγαλλιάσεωςὶ
1577 4840 1711 4928 Ἀντὶ

1867 4871 1918 4909 a.
1966 4853 2071 4907 Pro
2150 4852 2472 4920 confessione
2548 4859 2772 4912 autem,
2841 4843 2931 4897 alii
2994 4840 3397 4895 exsultationem

178 4954 355 5029 δὲ,τῆς
370 4968 872 5038 ὲξομολογήσεως,
895 4967 1245 5036 ἀλαλαγμοῦ
1284 4962 1435 5020 εἷπον
1459 4968 1509 5019 οἱ
1550 4965 1717 5020 ἄλλοι.
1824 4948 2089 5002 ἀίῖθτυηίο

242 5050 377 5107 ΚΕΦ.
400 5059 477 5121 εγ,
509 5076 591 5111 στ.
620 5066 679 5111 ε’.
726 5059 788 5111 Ὀ
830 5057 1100 5112 παλαιῶν
1132 5058 1257 5126 ὅρη,
1284 5058 1382 5110 καὶ
1414 5058 1526 5110 οὐκ
1560 5056 1711 5109 οῖδα·

1894 5056 2048 5112 CAP.
2088 5055 2180 5117 IX,
2233 5070 2377 5111 vers.
2421 5054 2474 5108 5.
2538 5053 2641 5119 Qui
2692 5054 2757 5106 in.
2803 5056 3111 5104 vetustatem
3157 5046 3407 5115 perducit

185 5152 287 5205 σιν,
317 5149 345 5195 ὁ
375 5149 798 5219 καταστρέφων
821 5150 974 5204 αὐτὰ
998 5149 1165 5219 ὀργῇ.

1860 5160 2043 5214 tontes,
2088 5158 2133 5200 et
2163 5147 2433 5209 nesciunt;
2476 5146 2562 5215 qui
2596 5143 2846 5197 subvertit
2873 5155 2959 5193 eos
2987 5138 3043 5192 in
3065 5139 3171 5190 ira.

242 5234 491 5307 Διδύμου.
527 5238 658 5295 Οἶδα
716 5242 809 5294 καὶ
848 5240 983 5295 ἄλλα
1012 5240 1135 5312 ὅρη,
1166 5240 1406 5295 Μωῦσέα
1459 5239 1554 5293 καὶ
1598 5240 1711 5303 τοὺς

1897 5238 2125 5308 Didymi.
2172 5237 2319 5291 Alios
2366 5239 2526 5291 etiam
2572 5233 2696 5289 novi
2748 5242 2987 5297 montes,
3055 5228 3291 5300 Moysem
3347 5238 3402 5283 et

1828 5333 2133 5402 prophetas,
2164 5327 2351 5389 Levavi
2383 5328 2559 5382 oculos
2588 5341 2727 5379 meos
2758 5325 2813 5377 in
2843 5334 3042 5377 montes
3072 5320 3245 5394 (Psal.
3273 5336 3399 5387 cxx,

1828 5423 1854 5476 1
1881 5422 1920 5491 ).
1944 5421 2191 5476 Christus
2216 5420 2438 5489 abrogat
2457 5418 2605 5488 prius
2642 5416 3043 5470 Testamentum
3061 5453 3075 5479 ,
3099 5426 3197 5466 nec
3229 5412 3404 5464 anim-

1830 5515 2116 5570 advertunt
2170 5511 2373 5577 Judzei,
2417 5510 2611 5581 quibus
2676 5507 2878 5561 dictum
2932 5513 3072 5561 est:
3132 5502 3192 5558 Si
3230 5500 3402 5571 Moysi

230 4225 309 4277 Στ.
343 4246 411 4281 κα
430 4271 443 4282 .
481 4230 612 4285 Πᾶν
638 4230 705 4283 δὲ
747 4231 939 4299 δῶρον
964 4231 1225 4297 ἀσεϐοῦς
1253 4234 1323 4285 οὑ
1344 4231 1595 4296 δέξεται.
1639 4234 1716 4287 Ἀ-

191 5328 455 5397 προφήτας,
480 5328 637 5400 Ἦρα
686 5333 828 5399 τοὺς
877 5334 1223 5403 ὀφθαλμούς
1242 5351 1363 5403 μου
1385 5334 1472 5400 είς
1493 5332 1565 5386 τὰ
1592 5332 1718 5401 ὅρη.

190 5410 385 5484 Χριστδς
410 5424 628 5478 παλαιοῖ
648 5425 746 5496 τὴν
775 5424 997 5497 πρώτην
1017 5424 1311 5495 Διαθήκην,
1335 5425 1428 5478 καὶ
1453 5424 1553 5477 οὐκ
1580 5423 1724 5475 οἴδα-

194 5515 261 5555 σιν
290 5508 529 5582 Ἰουδαῖοι,
554 5516 690 5588 πρὸς
718 5515 811 5580 οὓς
839 5518 1071 5589 εἴρηταισ
1102 5520 1171 5571 Ei
1195 5518 1536 5571 ἐπιστεύετε
1565 5520 1725 5569 Mevi)-

253 5684 317 5763 (α)
349 5691 470 5754 Vide
516 5697 779 5759 visionem
834 5697 1045 5761 tertiam
1100 5697 1218 5754 libri
1270 5696 1426 5769 primi
1478 5695 1713 5763 llerma‘,l
1741 5690 1833 5772 (lui
1875 5689 2068 5751 Pastor
2097 5684 2603 5751 inscribiturll’atr.
2631 5683 2725 5740 Gr.
2752 5679 2906 5743 t.ll1.

447 5892 468 5949 ι
