3774 6342
341 295 478 350 1145

1602 295 1834 350 DIDYMI
1869 290 2331 350 ALEXANDRINI

3451 285 3598 339 ιιιι

340 415 640 480 crederetis,
680 415 953 470 crederetis
987 415 1209 484 forsitan
1237 428 1288 470 et
1322 416 1447 469 mihi
1475 415 1668 486 (Joan.
1700 432 1755 482 ν,
1781 415 1903 486 46).

2054 412 2114 481 ᾖ,
2143 413 2486 466 ἐπιστεύετε
2508 409 2584 463 ἂν
2605 409 2736 478 ἐμοί
2741 451 2753 463 .
2769 409 2828 462 '0
2855 407 3018 471 αὐτὸς
3044 407 3100 461 δὲ
3124 407 3218 462 καὶ
3239 407 3595 476 κατέστρεψε

337 505 475 574 Ipse,
515 507 688 576 quoad
717 507 970 571 litteram,
1010 519 1220 563 montes
1252 507 1548 563 Jerusalem
1575 517 1628 564 et
1651 517 1904 562 sanctua-

340 599 477 651 rium
511 600 704 652 evertit
733 618 746 653 :
781 599 893 666 ipse
921 599 1088 654 solem
1146 609 1200 654 et
1233 610 1376 654 astra
1402 613 1498 652 suo
1528 599 1697 667 ipsius
1726 597 1905 666 splen-

341 691 474 743 dore
504 690 775 744 obscurat.
821 689 1009 760 Papae!
1062 690 1248 756 Qualia
1279 691 1411 745 dicit
1446 691 1602 744 homo
1634 689 1905 743 morbidus

342 791 396 837 et
435 782 795 845 exulceratos,
845 791 1036 836 testam
1085 784 1306 848 habens,
1353 791 1407 836 et
1452 782 1654 836 saniem
1689 780 1900 842 radens,

344 873 502 926 homo
527 873 717 926 sedens
750 873 801 926 in
831 872 1196 940 sterquilinio!
1247 869 1350 936 Qui
1374 872 1428 924 in
1463 880 1765 924 vetustatem
1789 885 1905 936 per-

342 963 486 1014 ducit
513 971 732 1020 montes.
762 970 809 1015 et
837 963 1088 1016 nesciunt.
1116 961 1405 1016 Videamus
1425 960 1588 1030 igitur
1607 960 1901 1026 cuiusmodi

343 1052 451 1104 sint
488 1051 602 1105 haec
628 1051 809 1113 verba,
851 1059 905 1106 et
937 1052 1154 1120 quinam
1187 1061 1396 1104 montes
1424 1059 1692 1105 vetustate
1721 1050 1903 1104 exole-

344 1143 541 1204 verint,
573 1155 635 1196 ac
661 1141 728 1196 de
756 1142 949 1211 quibus
987 1142 1112 1196 illttd
1144 1141 1544 1210 intelligendum
1587 1140 1802 1205 veniat,
1833 1138 1904 1193 Et

343 1233 596 1286 nesciunt.
636 1232 796 1287 Venit
841 1231 1016 1296 Jesus,
1065 1233 1154 1302 qui
1206 1231 1664 1300 exspectationem
1714 1245 1905 1284 secun-

345 1324 469 1378 dttm
509 1323 762 1390 litteram,
794 1333 848 1376 et
873 1338 966 1378 eos
994 1322 1084 1392 qui
1124 1331 1244 1392 post
1273 1323 1502 1392 gratiam
1547 1322 1597 1375 in
1626 1336 1688 1374 ea
1721 1335 1904 1388 perse-

344 1423 556 1479 verant,
589 1415 758 1478 delet;
800 1416 868 1469 de
911 1415 1109 1484 quibus
1151 1415 1281 1468 dicit
1319 1414 1624 1481 Apostolus,
1666 1412 1905 1466 Peruenit

344 1515 518 1559 autem
549 1521 706 1574 super
732 1521 816 1558 eos
850 1507 929 1557 ira
965 1503 1028 1574 (1
1063 1504 1242 1558 Thess.
1278 1520 1336 1567 ll,
1370 1503 1505 1574 i6);
1553 1512 1729 1557 vetera
1763 1503 1904 1557 enim

344 1595 517 1650 deleta
546 1605 703 1660 sunt;
739 1611 856 1665 qua:
895 1597 961 1648 ad
997 1595 1228 1649 litteram
1279 1595 1547 1664 pertinent
1586 1604 1902 1647 vetustatem

343 1689 671 1750 induerunt;
721 1689 1016 1743 instaurata
1058 1698 1185 1742 sunt
1223 1703 1347 1757 qua:
1387 1695 1508 1741 sunt
1557 1687 1804 1754 spiritus,
1847 1695 1906 1738 ut

2007 504 2076 557 τὰ
2127 503 2287 573 μέχρι
2339 501 2664 573 γράμματος
2695 497 2793 571 ὅρη
2835 499 2935 568 τῆς
2987 497 3341 568 Ἰερουσαλὴμ
3369 498 3480 549 καὶ
3537 495 3598 548 τὺ

2010 593 2274 662 ἀγίασμω
2301 593 2329 643 6
2356 591 2518 654 αὐτὸς
2549 591 2606 644 δὲ
2633 591 2728 643 καὶ
2751 589 2844 641 τὸν
2857 589 3006 659 ἥλιον
3027 591 3262 658 ἀμαυροῖ
3285 590 3357 658 τῇ
3382 584 3598 641 ἑαυτοῦ

2009 683 2365 754 λαμπρότητι,
2418 683 2675 744 καὶτοὺς
2723 680 2977 752 ἀστέρας.
3028 679 3230 731 Βαδαίί
3276 675 3382 732 Οἷα
3435 677 3598 744 λέγει

2009 774 2290 844 ἄνθρωπος
2309 773 2477 826 νοσῶν
2497 773 2588 826 καὶ
2620 771 2944 843 ὲλκωμένος,
2999 771 3262 840 ὄστρακον
3293 770 3467 839 ἔχων,
3502 769 3600 821 καὶ

2009 867 2096 918 τὸν
2122 866 2291 936 ἰχῶρα
2327 866 2480 930 ξέων,
2503 865 2785 936 ἄνθρωπος
2805 867 2898 917 ἐπὶ
2919 865 3146 934 κοπρίας
3179 862 3596 932 καθεζόμενοςί

2020 957 2072 1006 Ὁ
2102 953 2370 1008 παλαιῶν
2395 955 2521 1022 ὅρη,
2544 953 2643 1007 καὶ
2665 956 2773 1008 οὐκ
2789 953 3006 1007 οἴδασι.
3040 954 3194 1015 Τίνες
3221 949 3319 1005 οὖν
3367 953 3521 1003 εἰσιν
3549 951 3601 1002 oi

1957 1089 1960 1094 .
2009 1048 2174 1114 λόγοι,
2205 1047 2425 1115 ἴδωμενσ
2461 1047 2555 1100 καὶ
2583 1048 2711 1117 περὶ
2731 1046 2898 1099 ποίων
2936 1045 3105 1116 ὀρέων
3142 1043 3597 1111 παλαιουμένων,

2010 1139 2102 1190 καὶ
2130 1137 2234 1189 ὑπὸ
2259 1135 2356 1207 [ίσ.
2386 1135 2500 1207 ἐπὶ]
2552 1137 2733 1200 τίνων,
2772 1136 2882 1190 Kal
2932 1138 3042 1190 οὐκ
3071 1134 3334 1188 οἴδασιν.
3380 1129 3605 1185 Ἠλθεν

1981 1205 2003 1238 ⁸
2021 1205 2278 1296 Ἰησοῦςδ
2299 1205 2686 1297 καταστρέφων
2701 1227 2797 1298 τὴν
2830 1226 2972 1279 κατὰ
2995 1227 3055 1279 τὺ
3074 1227 3307 1297 γράμμα
3335 1224 3601 1293 ἐκδοχὴν,

2012 1320 2104 1372 καὶ
2127 1321 2251 1382 τοὺς
2289 1319 2456 1389 ταύτῃ
2493 1318 2631 1388 μετὰ
2656 1319 2755 1389 τὴν
2785 1319 2944 1389 χάριν
2971 1317 3328 1389 ἐμμένοντας,
3361 1317 3502 1384 περὶ
3523 1308 3602 1366 ὧν

2010 1426 2173 1480 φησιν
2197 1410 2225 1462 6
2255 1409 2588 1472 Ἀπόστολοςο
2622 1408 2890 1478 Ἐςρθασε
2908 1406 2975 1470 δὲ
2994 1407 3321 1472 ἐπάὐτοὺς
3347 1407 3386 1473 ἠ
3415 1404 3598 1474 ὀργή·

2008 1501 2076 1555 τὰ
2102 1502 2524 1572 πεπαλαιωμένα
2556 1502 2928 1572 κατεστράφη,
2983 1499 3361 1554 πεπαλαίωται
3394 1499 3468 1552 τὰ
3501 1497 3599 1550 τοῦ

2010 1594 2355 1664 γράμματος,
2378 1593 2807 1647 ἁνακεκαίνωται
2839 1580 2908 1646 τὰ
2929 1593 3023 1647 τοῦ
3052 1592 3385 1663 πνεύματος,
3451 1591 3600 1643 ὥστε

2011 1684 2280 1738 δουλεύειν
2308 1686 2455 1756 ἡμᾶς
2498 1686 2555 1737 ὲν
2605 1684 2878 1754 καινότητι
2905 1683 3230 1754 πνεύματος,
3256 1684 3356 1737 καὶ
3383 1683 3448 1736 οῦ
3487 1701 3597 1734 m-

345 1782 644 1835 serviamus
687 1782 739 1834 in
771 1780 1007 1835 novitate
1033 1782 1278 1848 spiritus,
1327 1790 1377 1835 et
1413 1795 1516 1833 non
1554 1781 1605 1832 in
1643 1787 1907 1834 vetustate

2050 1774 2247 1844 ιιότητι
2282 1773 2629 1845 γράμματος.
2661 1773 2966 1844 Παράδοξον
2990 1776 3019 1826 6
3042 1773 3248 1843 Ἰησοῦς
3284 1772 3598 1841 asas-mlan

347 1871 538 1926 littera:
570 1869 753 1941 (Rom.
794 1884 888 1934 vu,
915 1870 1000 1939 6).
1051 1869 1296 1925 Christus
1331 1871 1558 1924 adventu
1600 1884 1697 1923 suo
1741 1870 1909 1923 admi-

347 1961 517 2018 rabile
574 1964 825 2032 quiddam
937 1972 993 2016 et
1058 1974 1249 2016 contra
1307 1963 1543 2016 omnium
1604 1961 1907 2029 Opinionem

346 2052 510 2115 fecit,
557 2054 772 2108 eosdem
821 2054 1108 2123 prophetas
1167 2062 1224 2108 et
1271 2053 1605 2122 antiquavit,
1652 2062 1706 2105 et
1755 2051 1909 2106 inno-

344 2145 508 2198 vavit.

417 2235 582 2290 Vens.
624 2235 676 2290 6.
715 2235 820 2301 Qui
857 2245 1138 2291 commovet
1170 2253 1284 2292 eam
1315 2254 1430 2306 qure
1455 2237 1548 2290 sub
1575 2234 1700 2289 calo
1729 2251 1759 2287 a
1786 2235 1910 2303 [un-

346 2327 601 2381 damentis
629 2344 648 2381 :
672 2327 926 2384 columna:
957 2338 1129 2382 autem
1163 2327 1275 2398 ejus
1306 2329 1631 2399 quatiuntur.

418 2420 650 2490 Didymi.
727 2418 1056 2476 Concinnius
1118 2422 1245 2475 vero
1316 2421 1595 2476 nonnulli:
1639 2419 1911 2475 Columna:

346 2525 501 2567 erant
536 2513 744 2567 Domini
791 2513 892 2568 mei
931 2511 1056 2567 Jesu
1105 2512 1302 2567 Christi
1346 2511 1606 2579 apostoli;
1666 2511 1717 2564 hi
1766 2510 1909 2564 enim

343 2615 588 2675 tempore
649 2622 756 2675 quo
822 2605 996 2661 .lesus-
1032 2606 1334 2676 patiebatur
1389 2605 1640 2659 commoti
1705 2613 1906 2656 erant:

349 2698 540 2752 Omnes
560 2715 646 2752 vos
670 2698 1157 2752 scandalizabimini
1173 2696 1232 2750 'in
1251 2714 1329 2750 me
1351 2698 1403 2750 in
1422 2707 1567 2750 nocte
1587 2697 1690 2748 ista
1716 2693 1906 2764 (Marc.

347 2798 458 2848 xw,
505 2770 629 2853 27).
655 2783 837 2838 Terra:
870 2794 1045 2839 motus
1075 2800 1202 2837 vero
1237 2799 1377 2852 saepe
1411 2786 1463 2837 in
1507 2795 1648 2838 terra
1689 2783 1910 2838 exstite-

346 2883 503 2936 ruut;
545 2889 730 2927 verum
761 2886 818 2929 et
853 2876 941 2944 qui
977 2885 1123 2941 ante,
1153 2884 1206 2929 et
1225 2877 1316 2944 qui
1345 2883 1463 2943 post
1481 2875 1752 2929 Cbristnm
1782 2889 1912 2928 con-

347 2965 601 3034 tigerunt,
646 2976 851 3035 partem
889 2976 1092 3021 tantum
1145 2967 1381 3034 aliquam
1421 2976 1576 3020 terra:
1621 2981 1911 3019 concusse-

349 3066 508 3123 runt;
568 3065 808 3126 tempore
857 3069 1036 3112 autem
1085 3058 1293 3113 Domini
1356 3059 1467 3111 mei.
1507 3058 1632 3112 Jesu
1689 3056 1912 3121 Christi,

2014 1864 2206 1929 ἐλθὼν,
2231 1866 2356 1928 τοὺς
2385 1865 2582 1928 αὐτοὺς
2608 1865 2892 1935 προφήτας
2928 1865 3022 1918 καὶ
3055 1863 3440 1925 πεπαλαίωκε,
3500 1862 3596 1914 καὶ

2014 1959 2368 2013 ἁνεκαίνισεν.

2083 2243 2174 2296 Στ.
2213 2241 2285 2306 ς’.
2326 2242 2378 2294 Ὁ
2403 2242 2585 2296 σείων
2611 2241 2726 2310 τὴν
2767 2243 2869 2296 ὑπ’
2894 2242 3153 2308 σύρατ’-ὸν
3180 2241 3249 2293 ἐκ
3273 2242 3596 2310 θεμελίων-α

2015 2334 2067 2385 οἱ
2094 2330 2161 2384 δὲ
2192 2332 2402 2384 στύλοι
2425 2331 2614 2399 αὐτῆς
2640 2333 3020 2385 σαλεύονται.

2085 2423 2357 2491 Διδύμου.
2415 2424 2766 2494 Κομψότερον
2801 2423 2857 2475 δέ
2904 2441 3068 2487 τινες·
3110 2424 3174 2476 Οί
3231 2423 3419 2476 στύλοι
3454 2419 3596 2491 ἦσαν

2014 2513 2108 2565 τοῦ
2144 2513 2348 2583 Κυρίου
2396 2529 2494 2582 μου
2538 2511 2712 2582 Ἰησοῦ
2747 2510 2982 2582 Χριστοῦ
3015 2513 3064 2564 οἱ
3089 2512 3402 2565 ἀπόστολοι.
3434 2507 3592 2565 Οὗτοι

2015 2607 2121 2677 γὰρ
2151 2605 2299 2676 παρὰ
2321 2606 2412 2658 τὸν
2437 2606 2623 2676 καιρὸν
2651 2605 2744 2660 τοῦ
2767 2605 2970 2667 πάθους
3006 2604 3175 2675 Ἰησοῦ
3196 2605 3589 2674 ὲσαλεύθησαν·

2015 2697 2240 2764 Πάντες
2265 2697 2436 2767 ὑμεῖς
2481 2698 3085 2765 σκανδαλισθήσεσθε
3130 2697 3200 2750 ἐν
3241 2697 3370 2765 ἐμοὶ
3421 2698 3492 2750 ἐν
3519 2693 3593 2760 τῇ

2015 2788 2187 2842 νυκτὶ
2218 2789 2423 2856 ταύτῃ.
2451 2790 2672 2858 Σεισμο“ι
2687 2789 2743 2841 δὲ
2773 2788 3030 2852 πολλάκις
3057 2787 3343 2856 γεγόνασιν
3375 2787 3470 2838 ἐπὶ
3493 2786 3589 2855 τῆς

2017 2879 2142 2948 γῆς·
2173 2878 2286 2932 ἀλλ’
2315 2881 2363 2931 οἱ
2398 2880 2677 2950 γενόμενοι
2703 2881 2936 2950 σεισμοὶ,
2965 2879 3058 2933 καὶ
3084 2879 3190 2949 πρὸ
3207 2877 3470 2948 Χριστοῦ,
3498 2877 3587 2930 καὶ

2020 2969 2158 3038 μετὰ
2183 2969 2435 3040 Χριστὸν,
2467 2971 2529 3021 ὲκ
2565 2969 2764 3039 μέρους
2801 2968 3105 3038 γεγόνασιν·
3141 2968 3233 3020 ἐπὶ
3258 2967 3317 3019 δὲ
3355 2967 3452 3019 τοῦ
3480 2968 3587 3018 Κυ-

2023 3061 2136 3131 ρίου
2165 3079 2266 3129 μου
2315 3059 2488 3130 Ἰησοῦ
2531 3061 2766 3130 Χριστοῦ
2797 3061 2856 3113 ού
2884 3059 3072 3129 γέγονε
3101 3059 3324 3129 μερικδς
3351 3057 3468 3130 [γρ.
3505 3075 3586 3126 μι-

348 3161 475 3213 pars
502 3145 676 3215 aliqua
710 3157 866 3200 terra:
910 3160 1051 3202 mota
1091 3164 1195 3202 non
1231 3148 1358 3210 fuit,
1395 3151 1488 3203 sed
1536 3157 1642 3202 tota
1675 3159 1814 3202 terra
1847 3151 1913 3201 ab

2057 3118 2176 3224 ρὸςί
2205 3156 2233 3206 6
2266 3118 2507 3222 σεισμὸς,
2539 3118 2652 3206 ἀλλ’
2687 3153 2779 3224 ὅλη
2831 3155 2864 3224 ἠ
3000 3118 3214 3220 ἐσείσθη
3231 3118 3476 3215 ignis-:65
3497 3118 3583 3201 τοῦ

347 3240 466 3307 ipso
485 3246 672 3292 centro
698 3249 1055 3307 conquassata
1083 3249 1182 3295 est.

423 3327 584 3381 Vens.
629 3327 680 3381 7.
723 3327 919 3382 Contra
955 3331 1128 3385 sidera
1176 3340 1350 3384 autem
1378 3331 1707 3400 signaculum
1747 3334 1910 3399 ponit.

423 3419 656 3491 Didymi.
691 3419 886 3476 Fertur
912 3431 1114 3489 autem,
1163 3424 1305 3492 quod
1347 3433 1586 3491 tempore
1626 3423 1912 3490 passionis,

350 3514 521 3569 tribus
547 3516 699 3570 horis
736 3517 929 3585 quibus
955 3515 1034 3570 sol
1065 3514 1358 3584 defecerat,
1388 3516 1562 3570 sidera
1593 3517 1754 3570 etiam
1781 3526 1913 3580 tum,

351 3615 602 3673 tanquam
635 3605 684 3657 iu
712 3615 872 3659 nocte
893 3644 908 3669 ,
947 3605 1281 3675 apparuisse.

423 3695 586 3750 Vens.
622 3697 704 3752 13.
736 3697 811 3750 Ab
835 3713 895 3751 eo
921 3697 1318 3752 incurvatisunt
1350 3698 1448 3753 ceti
1473 3699 1559 3768 qui
1585 3698 1678 3752 sub
1709 3697 1856 3752 caelo.
1967 3717 1970 3720 ·

425 3873 658 3944 Didymi.
689 3874 768 3929 Ad
794 3874 1025 3931 litteram
1060 3877 1273 3946 quidem
1302 3893 1314 3929 :
1348 3876 1485 3940 Ceti,
1526 3885 1581 3931 et
1614 3875 1732 3929 aliae
1756 3889 1917 3929 vene-

353 3976 494 4020 nata:
520 3966 704 4020 bestia:
735 3965 966 4020 hominis
1010 3967 1236 4035 imperio
1259 3966 1480 4020 minime
1506 3973 1778 4035 parerent,
1814 3965 1916 4019 nisi

352 4059 473 4111 illas
513 4057 656 4112 Deus
708 4058 783 4111 illi
814 4059 1151 4127 subjecisset.
1180 4059 1260 4112 Ad
1306 4059 1566 4114 theoriam
1599 4073 1729 4112 vero
1759 4073 1775 4111 :
1803 4057 1920 4125 Ipse

351 4148 576 4218 spiritus
598 4149 855 4216 reprobos
887 4148 997 4218 (qui
1034 4149 1321 4218 allegorice
1352 4151 1456 4203 ceti
1490 4159 1768 4211 vocantur,
1795 4151 1917 4217 quia

336 4238 517 4304 .animi
550 4238 799 4293 ﬂuctibus
853 4240 1119 4316 innatent)
1152 4239 1453 4294 incurvavit
1483 4249 1537 4294 et
1569 4241 1870 4295 humiliavit
1902 4259 1914 4293 :

353 4333 398 4386 si
421 4334 566 4385 enim
595 4347 626 4385 a
657 4333 762 4386 Deo
789 4333 966 4388 minus
1010 4333 1430 4400 inﬂecterentur,
1467 4335 1702 4390 hominis
1732 4347 1917 4388 natura

353 4422 435 4476 eis
469 4420 734 4476 obsistere
764 4423 1027 4490 nequiret.

425 4601 588 4656 Vsus.
615 4599 705 4654 27.
738 4599 890 4666 Quod
914 4609 962 4654 et
989 4603 1036 4654 si
1070 4602 1272 4656 locutus
1305 4601 1473 4669 fuero,
1503 4603 1776 4658 obliviscar
1797 4603 1920 4656 dum

353 4695 558 4766 loquor,
588 4693 856 4748 declinans
879 4695 935 4748 in
967 4695 1157 4764 [aciem
1198 4696 1557 4766 ingemiscam,
1596 4712 1921 4750 commoveor

352 4785 592 4839 omnibus
624 4783 903 4848 membris;
950 4785 1060 4838 scio
1085 4785 1224 4839 enim
1255 4787 1394 4856 quod
1421 4803 1524 4840 non
1547 4787 1802 4840 insontem
1841 4804 1920 4839 me

352 4892 511 4931 sines.

425 4967 657 5038 Didymi.
693 4969 770 5024 Ex
800 4969 906 5034 his,
933 4969 1107 5026 sancti
1134 4968 1234 5023 viri
1266 4967 1584 5036 moderatio,
1615 4976 1669 5022 et
1694 4967 1920 5037 insignis
1981 4952 1986 4958 ’

353 5061 731 5130 aequanimitas
761 5062 1159 5118 manifestatur.
1188 5060 1339 5118 Licet
1369 5063 1512 5115 enim
1539 5060 1750 5116 dixerat
1775 5060 1916 5133 (cap.

354 5167 480 5217 xm,
515 5152 645 5224 18),
706 5156 893 5209 Justus
925 5157 1203 5224 apparebo,
1265 5155 1615 5209 nihilominus
1670 5155 1934 5223 explora-.

359 5253 472 5299 tum
511 5258 934 5314 persuasumque
964 5247 1211 5311 habebat,
1254 5248 1394 5316 quod
1467 5247 1917 5315 quemadmodum

357 5350 538 5391 coram
569 5335 678 5390 Deo
712 5336 1049 5405 exploratore
1072 5349 1217 5392 astra
1254 5353 1358 5392 non
1389 5347 1515 5395 sunt
1540 5353 1700 5408 pura,
1727 5339 1797 5391 ita
1828 5353 1924 5392 ut.»

355 5441 464 5496 que
498 5427 612 5497 ipse
634 5437 798 5483 esset.
827 5427 950 5482 Ideo
979 5428 1167 5496 inquit,
1195 5428 1251 5483 Si
1281 5429 1563 5498 explorare
1583 5444 1670 5486 me
1696 5429 1922 5498 diligen-

360 5527 444 5572 ter
480 5516 714 5573 volueris
741 5519 906 5584 (Deus
933 5519 1074 5573 enim
1100 5523 1205 5587 es),
1240 5536 1341 5573 non
1364 5521 1618 5574 insontem
1652 5537 1733 5585 me
1760 5523 1920 5575 sines.

430 5630 582 5687 CAP.
607 5631 676 5698 Χ,
702 5649 845 5692 vers.
870 5633 922 5688 8.
955 5632 1144 5688 Manus
1178 5643 1279 5688 tua:
1319 5634 1704 5702 plasmaoerunt
1735 5653 1832 5704 me,
1871 5647 1920 5691 et

360 5722 594 5792 fecerunt
629 5742 726 5781 me.

2019 3243 2262 3312 κέντρου.

2089 3334 2178 3386 Στ.
2223 3332 2286 3396 ζ’.
2319 3332 2479 3386 Κατὰ
2499 3332 2566 3384 δὲ
2597 3332 2834 3399 ἄστρων
2877 3329 3346 3399 κατασφραγίζέι.

2091 3422 2366 3491 Διδύμου.
2393 3421 2618 3492 Φέρεται
2655 3421 2731 3484 δὲ,
2760 3422 2843 3473 ὃτι
2867 3420 3006 3473 κατὰ
3031 3419 3120 3472 τὸν
3146 3419 3336 3490 καιρὺν
3362 3419 3457 3472 τοῦ
3481 3419 3580 3472 πὰ-

2021 3515 2166 3577 Θους,
2201 3515 2258 3566 ὲν
2289 3516 2409 3575 ταῖς
2462 3513 2639 3582 τρισὶν
2677 3511 2847 3582 ὥραις
2892 3512 2950 3563 ὲν
2995 3505 3082 3572 αἷς
3113 3512 3140 3562 6
3170 3511 3322 3580 ἣλιος
3351 3510 3578 3576 ἐξέλιπε,

2019 3603 2320 3674 τηνικαῦτα
2343 3607 2438 3657 καὶ
2466 3603 2690 3674 ἀστέρες
2715 3603 3013 3672 ἐφάνησαν,
3046 3602 3120 3663 ὡς
3147 3603 3206 3653 ὲν
3237 3601 3410 3654 νυκτί.

2091 3695 2184 3747 Στ.
2229 3700 2316 3761 ιγί
2377 3694 2506 3753 ’Υπ’
2545 3692 2730 3747 αὑτοῦ
2767 3691 3158 3761 ἐκάμφθησαν
3190 3691 3343 3759 κήτη
3379 3691 3455 3745 τὰ
3489 3689 3578 3744 ὑπ’

2023 3786 2302 3854 οὐρανόν.
2917 3799 2920 3802 '

2093 3877 2368 3946 Διδύμου.
2425 3876 2569 3948 Πρὸς
2607 3875 2706 3946 μὲν
2744 3875 2804 3927 τὸ
2838 3875 3016 3944 ρητόνο
3068 3873 3171 3927 Καὶ
3201 3873 3269 3927 τὰ
3323 3874 3464 3942 κήτη
3495 3874 3577 3925 ἀν-

2024 3973 2300 4025 υπότακτα
2326 3965 2394 4040 ἦν
2437 3967 2766 4039 ἀνθρώποις,
2787 3969 2879 4020 καὶ
2907 3968 2976 4020 τὰ
3009 3967 3140 4021 ἄλλα
3184 3965 3362 4019 ίοϐόλα
3394 3966 3575 4036 Θηρία,

2025 4065 2072 4116 εί
2108 4064 2182 4132 μὴ
2214 4060 2374 4124 αὐτὸς
2411 4060 2581 4113 ταῦτα
2620 4058 2876 4124 ὑπέταξε.
2922 4058 3063 4128 Πρὸς
3112 4057 3167 4110 δὲ
3209 4056 3462 4126 Θεωρία-δ’
3507 4055 3579 4108 Τὰ

2024 4153 2234 4224 πονηρὰ
2261 4152 2570 4223 πνεύματα,
2597 4150 2664 4206 τὰ
2693 4153 2834 4221 κήτη
2861 4147 3231 4220 ἀλληγορικῶς
3255 4149 3574 4218 καλούμενα,

2025 4247 2112 4300 διὰ
2141 4247 2202 4299 τὸ
2233 4247 2362 4317 περὶ
2389 4247 2516 4308 τοὺς
2549 4243 2828 4305 κλύδωνας
2869 4242 2968 4311 τῆς
3007 4237 3181 4311 ψυχῆς
3219 4239 3574 4310 διανήχεσθαι,

2028 4337 2189 4400 αὐτὸς
2220 4336 2458 4407 ἔκαμψε,
2489 4336 2583 4389 καὶ
2611 4336 2987 4387 ἐταπείνωσεν.
3017 4335 3091 4386 Οὐ
3120 4333 3227 4404 γὰρ
3253 4333 3339 4385 οἶα
3360 4333 3419 4385 τέ
3445 4334 3575 4384 ἐστιν

1950 4430 2336 4524 DdtvOpumela.
2380 4429 2569 4497 φύσις·
2617 4429 2753 4499 πρὸς
2810 4427 2949 4481 αὐτὰ
3003 4427 3076 4496 μὴ
3125 4425 3444 4495 καμφθέντα
3486 4422 3577 4476 ὑπὸ

2026 4525 2159 4578 Θεοῦ
2188 4523 2288 4595 ἱίσ.
2323 4525 2447 4580 add.
2486 4521 2844 4593 ἀντιστῆναι].

2097 4621 2187 4672 Στ.
2240 4617 2340 4682 κζ’.
2381 4617 2515 4672 Ἐάν
2545 4635 2610 4671 τε
2639 4619 2749 4687 γὰρ
2770 4618 2935 4681 εἴπω,
2966 4614 3326 4683 ἐπιλήσομαι
3361 4611 3574 4673 λαλῶν,

2027 4712 2348 4780 συγκόψας
2381 4710 2460 4776 τῷ
2500 4709 2796 4778 προσώπῳ
2837 4708 3126 4771 στενάξω,
3174 4707 3407 4774 σείομαι
3438 4702 3576 4757 πᾶσι

2027 4803 2148 4868 τοῖς
2173 4803 2442 4870 μέλεσινε
2472 4799 2604 4856 οἶδα
2651 4800 2759 4871 γὰρ
2791 4799 2881 4853 ὅτι
2911 4802 3023 4853 οὐκ
3043 4796 3234 4860 ἀθῶόν
3260 4814 3336 4867 με
3367 4797 3574 4860 ἐάσεις.

2096 4977 2367 5047 Διδύμου.
2439 4978 2500 5030 Ἦ
2553 4977 2842 5048 μετριότης
2893 4974 2986 5029 τοῦ
3051 4973 3205 5042 ἁγίου
3267 4975 3325 5026 ὲν
3383 4971 3575 5034 τούτοις

2026 5067 2378 5140 γνωρίζεται,
2421 5069 2512 5122 καὶ
2544 5069 2751 5138 μεγάλη
2794 5065 3198 5136 εὐγνωμοσύνη.
3237 5062 3300 5116 El
3345 5063 3455 5133 γὰρ
3495 5063 3574 5114 καὶ

2027 5160 2197 5228 εἶπεν,
2231 5163 2312 5214 ὅτι
2351 5161 2585 5226 Δίκαιος
2605 5159 3021 5229 ἀναφανοῦμαι
3040 5198 3056 5222 ,
3088 5157 3202 5209 ἀλλ’
3235 5152 3326 5208 οὖν
3357 5154 3463 5208 οἶδε
3494 5153 3572 5207 καὶ

2027 5255 2334 5319 πέπεισται,
2363 5253 2442 5306 ὃτι
2476 5251 2552 5315 ὡς
2580 5251 2716 5323 πρὸς
2746 5251 2880 5304 Θεὸν
2917 5249 3246 5319 δοκιμαστὴν
3276 5247 3452 5316 ἄστρα
3489 5262 3573 5296 κα-

2027 5346 2167 5418 Θαρὰ
2192 5345 2291 5398 οὐκ
2320 5344 2464 5398 ἔστιν
2505 5343 2735 5395 ἐνώπιον
2773 5341 2960 5403 αὐτοῦ,
2991 5339 3099 5392 οὐδ’
3135 5337 3298 5399 αὐτὸς
3325 5335 3568 5406 δηλονότι.

2027 5408 2117 5492 Διό
2164 5452 2346 5506 φησιν,
2387 5436 2469 5488 ὅτι
2519 5433 2840 5501 Ἐξεταστής
2891 5448 2992 5500 μου
3039 5428 3317 5498 γινόμενος
3358 5408 3601 5496 ἁκριδὴς⁸

2029 5528 2200 5598 (Θεὸς
2239 5524 2344 5596 γὰρ
2371 5519 2481 5593 εἷ),
2516 5525 2626 5576 οὐκ
2653 5521 2848 5576 ἁθῶόν
2877 5538 2951 5590 με
2983 5519 3202 5583 ἐάσεις.

2101 5641 2256 5693 ΚΕΦ.
2277 5640 2336 5700 l',
2369 5655 2450 5690 στ.
2485 5644 2551 5709 η’.
2587 5640 2653 5691 Al
2694 5634 2886 5704 χεῖρές
2916 5650 3031 5688 σου
3057 5629 3336 5686 ἑπλασὰν
3360 5647 3453 5699 με,
3481 5627 3568 5684 καὶ

2030 5728 2323 5799 ἐποίησάν
2355 5745 2451 5798 με,
