3774 6312
35 266 113 321 ιιὸ
1289 273 1710 334 FRAGMENTA
1745 279 1815 335 IN
1851 279 1990 339 JOB.

3129 278 3264 337 1146

50 379 336 448 Διδύμου.
387 380 671 452 Διαφέρει
714 381 771 434 δὲ
813 381 894 448 τὸ,
927 382 1223 450 ἔπλασας,
1257 385 1372 450 τοῦ,
1407 388 1604 457 ἐποίη-

1783 395 2016 467 Didymi.
2047 397 2343 452 Discrimen
2377 411 2504 452 vero
2545 403 2626 452 est
2661 395 2800 450 inter
2844 395 3169 464 ptasmavisti
3208 405 3265 450 et

36 487 110 533 ας.
163 468 509 522 Πέπλασται
550 469 654 539 μὲν
689 469 796 540 γὰρ
828 471 888 524 τὸ
924 473 1080 542 σῶμα
1122 473 1180 539 ἐξ
1229 476 1590 547 ὑποκειμένης

35 563 80 630 ξς
112 561 237 631 γῆς,
269 561 401 632 ἦτοι
437 563 554 632 τῆς
587 562 859 627 γυναικός·
895 565 1180 636 πεποίηται
1203 565 1258 618 δὲ
1283 568 1316 637 ή
1340 567 1484 638 ψυχὴ
1518 568 1591 638 μὴ

35 653 474 723 βῦποκειμένου
510 655 687 718 τινός⁹
721 653 796 718 ὼς
827 655 933 726 γὰρ
967 656 1254 727 ἀσώματος
1276 697 1293 724 ,
1317 657 1458 712 οὕτω
1500 659 1592 712 καὶ

35 750 300 820 μέριστος.

57 843 143 892 Στ.
170 839 253 894 ιδ’.
305 837 456 890 Ἐάν
506 855 580 892 τε
623 839 729 908 γὰρ
779 837 1041 907 ἁμάρτω,
1095 839 1436 908 φυλάσσεις
1477 859 1588 913 με’

35 929 101 981 πὸ
137 927 205 980 δὲ
233 927 512 996 ἀνομίας
553 929 668 980 οὐκ
705 925 900 981 ἁθῶόν
920 945 996 995 με
1025 929 1377 997 πεποίηκας.

61 1017 336 1084 Διδύμου.
372 1015 639 1078 Εἰκότως
689 1015 746 1068 δὲ
795 1013 952 1068 τοῦτο
1005 1015 1186 1085 λέγει·
1233 1018 1450 1092 Ἐπειδὴ
1482 1023 1592 1094 γὰρ

35 1113 316 1181 ῃμιουργδν
350 1110 457 1161 καὶ
488 1107 802 1180 προνοητὴν
829 1109 1020 1163 ἑαυτοῦ
1057 1105 1165 1163 οἶδε
1193 1110 1284 1164 τὸν
1318 1111 1427 1165 τῶν
1457 1112 1592 1166 ὅλων

35 1205 140 1260 θεὸν.
176 1200 510 1264 ἀκολούθως
558 1202 654 1253 καὶ
693 1201 820 1272 περὶ
870 1200 1249 1273 μακροθυμίας
1295 1202 1461 1256 αὐτοῦ
1512 1204 1592 1257 δι-

35 1294 206 1346 inter
239 1291 561 1344 ἐπίσταται
590 1291 699 1363 γάρ
728 1293 822 1345 καὶ
863 1292 1053 1357 αὐτὸς,
1098 1293 1240 1346 κατὰ
1276 1294 1368 1346 τὸν
1415 1294 1592 1365 μακά-

36 1403 109 1437 ηιον
141 1385 326 1448 Δαϐὶδ,
367 1386 458 1437 ὅτι
509 1387 639 1438 Οὐκ
687 1384 874 1454 ὀργὴν
915 1385 1120 1451 ἐπάγει
1160 1386 1288 1441 καθ’
1324 1387 1594 1455 ἑκάστην

36 1475 235 1544 υιέραν,
282 1475 568 1544 φυλάττει
614 1477 672 1529 δὲ
717 1476 807 1529 τὸν
857 1478 1268 1549 ἁμαρτάνοντα,
1310 1478 1370 1530 οὐ
1411 1478 1594 1548 βουλὸ-

35 1587 158 1630 ιενος
193 1568 361 1622 αὑτὸν
385 1569 766 1640 ἁμαρτάνειν·
804 1566 899 1639 [ίσ.
927 1569 1067 1622 κατὰ
1092 1567 1176 1639 τὸ]
1209 1571 1289 1622 Οὐ
1299 1569 1591 1632 βούλεται

35 1661 71 1713 ῖέ
98 1661 199 1714 τὸν
241 1660 524 1714 θάνατον
565 1660 673 1713 τοῦ
718 1659 1090 1729 ἁμαρτωλοῦ,
1137 1660 1217 1725 ὠς
1265 1661 1380 1728 τὴν
1414 1661 1592 1730 μετά-

1701 490 1900 556 fecisti;
1929 490 2247 559 plasmatum
2273 490 2415 544 enim
2443 499 2525 544 est
2553 503 2748 558 corpus
2775 503 2840 544 ex
2864 487 3266 556 prmexsistente

1699 588 1863 645 torra,
1895 591 1987 635 aut
2016 581 2274 648 muliere;
2310 581 2486 634 anima
2538 594 2669 634 vero
2719 593 2786 632 ex
2841 577 2982 631 nulla
3009 575 3264 644 praeexsi-

1697 683 1877 728 stente
1913 675 2138 728 materia
2165 673 2306 728 facta
2337 682 2453 738 est;
2481 672 2619 727 sicut
2645 672 2788 725 enim
2820 671 3152 738 incorporea,
3183 667 3265 723 sic

1699 765 1861 818 etiam
1896 765 2236 820 indivisibilis
2269 775 2372 819 est.

1773 851 1933 908 Vens.
1959 854 2046 907 M.
2083 853 2234 917 Quod
2263 861 2310 907 si
2340 861 2390 907 et
2434 869 2725 918 peccavero,
2769 852 3000 905 custodis
3065 850 3262 914 πλεῖαί)

1699 944 1976 1013 iniquitate
2002 954 2174 999 autem
2203 961 2303 998 non
2335 946 2589 997 insontem
2621 961 2699 996 me
2724 943 2911 1011 fecisti.

1771 1034 2005 1104 Didymi.
2041 1035 2230 1090 Merito
2268 1045 2444 1090 autem
2484 1035 2583 1089 hoc
2613 1034 2783 1088 dicit:
2821 1032 2954 1086 Nam
2983 1047 3104 1086 cum
3135 1033 3259 1085 uni-

1699 1129 1969 1182 versitatis
1999 1128 2195 1192 Deum,
2243 1137 2542 1181 creatorem
2583 1141 2737 1180 suum
2789 1133 2842 1179 et
2893 1124 3261 1192 providentem

1699 1219 2109 1288 gubernatorem
2147 1217 2487 1287 intelligeret,
2531 1217 2721 1272 ordine
2754 1214 3153 1284 consequentia:
3197 1214 3263 1269 de

1701 1312 1842 1365 illius
1872 1311 2274 1380 longanimitate
2307 1310 2551 1373 disserit;
2589 1310 2737 1363 novit
2771 1308 2934 1369 enim,
2965 1305 3261 1360 secundum

1699 1400 1910 1454 beatum
1944 1400 2126 1466 David,
2155 1401 2294 1468 quod
2329 1399 2451 1452 Non
2476 1401 2610 1452 iram
2649 1399 2875 1451 adducat
2906 1413 2997 1466 per
3025 1395 3263 1466 singulos

1699 1491 1808 1543 dies
1836 1488 2010 1558 (Psal.
2049 1505 2149 1553 vn,
2179 1491 2303 1559 12);
2334 1491 2425 1544 sed
2458 1500 2790 1560 peccatorem
2837 1489 3124 1551 custodiat,
3165 1502 3263 1541 no-

1699 1579 1813 1633 lens
1870 1579 2014 1632 illum
2052 1594 2306 1648 peccare;
2350 1580 2501 1649 juxta
2543 1579 2704 1644 illud,
2753 1576 2877 1632 Non
2929 1588 3105 1632 autem
3155 1579 3262 1630 ruit

1698 1679 1914 1722 mortem
1940 1669 2246 1736 peccatoris,
2271 1679 2323 1722 ut
2355 1671 2706 1735 paenitentiam
2733 1669 2946 1738 (Ezeclt.
2969 1684 3122 1736 svnt,
3144 1669 3260 1737 23).

36 1771 188 1807 θείαν.
226 1753 302 1807 Τὸ
337 1754 423 1818 δὲ,
466 1755 599 1807 Οὐκ
637 1751 830 1807 ἀθῶόν
854 1769 932 1822 με
961 1752 1314 1819 πεποίηκας,
1342 1753 1392 1805 οἱ
1423 1752 1593 1818 ἄλλοι,

1727 1763 1825 1816 llud
1855 1778 2000 1826 vero,
2028 1760 2150 1815 Non
2165 1763 2416 1815 insontem
2434 1761 2729 1830 fecisti,alii
2752 1744 3114 1825 reddiderunt,
3141 1760 3265 1814 Non

35 1847 127 1897 9b):
149 1843 456 1908 ἀθωώσεις
484 1861 593 1914 με,
613 1847 696 1898 Οὐ
725 1844 1070 1911 καθαρίσεις
1093 1860 1189 1912 με,
1217 1838 1388 1896 εἷπον.

81 1937 166 1989 Στ.
193 1941 274 1990 ιε’.
314 1935 464 1989 Ἐάν·
493 1952 568 1989 τε
595 1936 703 2006 γὰρ
739 1935 1040 2002 ἀσεϐήσω,
1072 1935 1259 2004 οἴμοι·
1295 1935 1404 1989 ἐάν
1447 1953 1511 1990 τε
1549 1931 1598 1990 ὦ

35 2026 250 2093 δίκαιος,
277 2029 352 2081 οὐ
383 2027 659 2098 δύναμαι
687 2029 1013 2096 ἀνακύψαι.

88 2118 348 2187 Διδύμου.
394 2119 567 2189 Τάχα
612 2119 670 2172 δὲ
720 2121 814 2172 καὶ
867 2118 1107 2172 τοιοῦτόν
1143 2136 1197 2171 τι
1246 2118 1424 2187 λέγει’
1475 2119 1596 2172 Εἴτε

35 2211 406 2281 πρωιρετικιῦς
446 2213 709 2283 ἁμάρτω,
746 2213 927 2283 οἴμοι·
963 2212 1073 2264 εἴτε
1129 2211 1204 2274 ὡς
1247 2213 1311 2264 ὲκ
1358 2212 1460 2281 τῆς
1505 2211 1598 2264 τοῦ

43 2301 191 2372 Ἀδὰμ
230 2304 644 2374 παραὸάσεως,
687 2304 782 2356 καὶ
825 2305 905 2366 είς
946 2303 1094 2372 ἡμᾶς
1126 2301 1504 2372 διαϐαινούσης
1537 2303 1602 2354 ὲκ

38 2394 253 2464 διαδοχῆς
285 2395 388 2464 τῆς
433 2395 700 2465 ὀφειλῆς,
740 2394 902 2447 πάλιν
944 2393 1052 2446 οὐδ’
1102 2392 1274 2455 οὕτως
1326 2392 1599 2460 ἀνακύψαι

40 2485 338 2555 δυνήσομαι,
384 2488 464 2550 ὡς
514 2487 718 2549 παντὸς
768 2484 1188 2556 ἀπηλλαγμένος
1234 2483 1427 2555 ῥύπου.
1481 2483 1601 2537 Τῶν

43 2577 132 2646 γὰρ
161 2579 597 2649 ἁμαρτημάτων,
625 2578 694 2630 τὰ
726 2578 822 2648 μὲν
852 2578 916 2630 ἐκ
943 2576 1312 2648 προαιρέσεως
1341 2577 1441 2646 τῆς
1467 2579 1603 2647 ἡμε-

43 2668 179 2736 τέρας
218 2671 541 2738 ὑφίσταται,
570 2665 649 2733 οἷς
679 2671 773 2724 καὶ
807 2669 1026 2731 κόλασις
1069 2669 1262 2720 ἕπεται
1285 2683 1298 2698 ·
1338 2667 1406 2720 τά
1442 2667 1498 2720 δὲ
1539 2669 1603 2720 ἐκ

50 2761 316 2830 προγόνων,
345 2757 426 2826 οἷς
460 2765 564 2817 καὶ
598 2763 862 2834 κάθαρσις
891 2763 1262 2833 χρεωστείται.

104 2857 182 2910 Στ.
219 2864 302 2928 ιη’.
349 2859 541 2911 Ἰνατί
571 2854 683 2912 οὖν
705 2858 773 2910 ἐκ
803 2857 1034 2921 κοιλίας
1061 2872 1136 2924 με
1165 2853 1472 2924 ἐξήγαγες,
1503 2852 1600 2906 καὶ

54 2947 143 2996 οὐκ
167 2946 492 3011 ἁπέθανον;
552 2946 889 3015 Ὀφθαλμὸς
923 2944 990 2998 δε
1020 2961 1097 3012 με
1127 2946 1239 2996 οὐκ
1287 2937 1408 2996 εἶδε
1431 2981 1445 3002 ,
1501 2940 1602 2993 καὶ

53 3032 222 3104 ὥσπερ
259 3039 366 3091 οὐκ
417 3038 505 3091 ῶν
538 3039 849 3108 ἐγενόμην.
884 3036 1045 3090 Διατί
1087 3035 1196 3105 γὰρ
1231 3034 1299 3086 ἐκ
1345 3031 1602 3102 γαστρὸς

58 3129 126 3191 είς
143 3127 329 3198 μνῆμα
355 3133 465 3184 οὐκ
489 3130 888 3200 ἀπηλλάγηη

114 3221 365 3290 Διδύμου.
405 3225 556 3294 Ὅρα
589 3224 675 3285 δὲ,
723 3224 945 3276 ὅτιτῶν
993 3224 1408 3295 προσπεσόντων
1454 3223 1603 3294 αὐτῴ

66 3316 394 3386 πειρατηρίων
436 3315 834 3386 ἐπιμνησθεὶς,
885 3316 978 3368 ἐπὶ
1017 3318 1117 3386 τὴν
1163 3315 1388 3388 πρώτην
1427 3315 1604 3369 αἰτίαν

65 3404 154 3455 τῶν
183 3406 356 3459 παθῶν
393 3407 720 3477 ἀνατρέχει,
752 3407 994 3460 τουτέστι
1023 3408 1122 3478 τὴν
1151 3407 1484 3478 παράϐασιν,
1513 3408 1607 3461 καὶ

69 3497 145 3565 τὴν
183 3499 239 3551 ἐκ
281 3501 481 3571 φθορᾶς
527 3501 760 3568 γένεσιν·
801 3500 894 3553 καὶ
940 3498 1172 3570 οὐδαμοῦ
1212 3500 1312 3570 μὲν
1341 3499 1484 3553 κατὰ
1509 3499 1607 3570 τῆς

71 3587 303 3660 προτέρας
335 3591 427 3644 τοῦ
457 3589 752 3662 ἀνθρώπου
791 3591 1059 3659 ποιήσεως
1105 3589 1428 3659 σχετλιάζει·
1461 3589 1521 3642 τὸ
1551 3589 1608 3641 δὲ

75 3677 415 3748 πειρασθῆναι·
439 3683 544 3750 τῆς
583 3682 640 3732 ἐν
690 3679 789 3750 βίῳ
829 3679 1069 3749 φθοράς,
1102 3680 1314 3748 ἡγεῖται
1353 3678 1605 3749 χαλεπὸν,

77 3766 247 3830 κοιλίας
289 3785 346 3822 τε
394 3772 487 3826 καὶ
534 3770 768 3840 γαστρὸς
821 3771 1194 3840 μνημονεύων.
1263 3770 1452 3841 Ἡμεῖς
1501 3769 1610 3838 γάρ

81 3856 252 3922 ἑαυτοῖς
287 3866 349 3933 τῇ
400 3863 710 3936 παραϐάσει
755 3863 854 3933 τὴν
898 3862 1164 3916 ὀδυνηοὰν
1216 3861 1421 3922 ταύτην
1466 3860 1608 3924 ζωῦπν

86 3945 497 4023 ἐπεισηγάγομεν.
1258 3936 1260 3938 ν

139 4037 215 4091 Στ.
241 4048 338 4095 καί.
375 4045 607 4101 Ἕασόν
628 4060 705 4112 με
737 4042 1201 4096 ἀναπαύσασθαι
1229 4041 1468 4110 μικρὸν,
1496 4041 1612 4111 πρὸ

93 4126 175 4178 τοῦ
193 4140 265 4196 ’με
293 4133 650 4202 πορευθῆναι
679 4133 816 4188 ὅθεν
843 4136 953 4190 οὐκ
977 4131 1355 4200 ἀναστρέψω.

140 4219 383 4290 Διδύμου.
419 4226 601 4296 Εὑχῆς
625 4225 809 4297 τρόπῳ
826 4223 996 4276 ταῦτα
1018 4224 1299 4295 προφέρει.
1331 4223 1404 4275 Οὐ
1428 4222 1536 4294 γὰρ
1554 4223 1611 4275 αἱ

93 4305 386 4381 ἐπικείμεναι
415 4317 559 4370 ἀνίαι
594 4315 788 4386 μικραὶ
815 4315 1194 4384 τυγχάνουσιν,
1222 4313 1340 4364 οὐδὲ
1364 4312 1612 4383 ἀναισθή-

1696 1855 1947 1907 insontem
1977 1855 2138 1922 facies
2168 1870 2268 1920 me,
2299 1853 2421 1907 Non
2454 1855 2729 1907 mundabis
2758 1871 2858 1906 me.

1769 1945 1932 2001 Vsus.
1965 1945 2052 1998 15.
2087 1943 2207 1998 Sive
2238 1945 2375 1997 enim
2414 1944 2570 2012 impie
2599 1960 2772 2013 egero,
2805 1959 2876 1996 me
2918 1940 3081 2002 mihi;
3125 1949 3173 1994 et
3217 1956 3265 1994 st

1693 2033 1868 2102 justus
1895 2035 2064 2103 fuero,
2092 2050 2196 2088 non
2225 2049 2435 2103 possum
2464 2035 2740 2100 suspicere.

1768 2126 2004 2196 Didymi.
2036 2125 2287 2180 Fortasse
2313 2124 2472 2179 etiam
2507 2123 2610 2177 tale
2635 2123 2908 2192 quidpiam
2941 2121 3108 2175 dicit:
3139 2120 3271 2176 Sive

1699 2218 1908 2272 arbitrii
1944 2219 2190 2272 libertate
2227 2231 2539 2286 peccavero,
2567 2231 2646 2270 va:
2673 2215 2834 2280 mihi;
2870 2215 2980 2269 sive
3012 2223 3267 2282 tanquam

1699 2327 1762 2363 ex
1812 2310 1960 2378 lapsu
2006 2311 2219 2374 Adami,
2260 2310 2441 2366 debito
2473 2310 2637 2364 etiam
2675 2310 2740 2363 ad
2777 2323 2874 2362 nos
2913 2323 3009 2377 per
3052 2323 3270 2363 succes-

1701 2404 1905 2457 sionem
1943 2404 2208 2466 derivato,
2237 2418 2412 2472 neque
2446 2403 2525 2457 sic
2565 2402 2803 2471 quidem,
2836 2401 2987 2469 quasi
3029 2401 3096 2453 ab
3121 2402 3270 2454 omni

1703 2495 1821 2549 labe
1864 2511 2051 2564 purus,
2101 2496 2377 2563 suspicere
2412 2503 2619 2563 potero.
2664 2492 2919 2558 Quaedam
2958 2491 3100 2544 enim
3146 2503 3271 2558 pec-

1704 2601 1820 2640 rata
1849 2604 1914 2642 eo
1945 2587 2153 2640 arbitrii
2189 2587 2360 2640 nostri
2411 2587 2657 2640 libertate
2701 2585 2855 2648 ﬁunt,
2903 2597 3020 2651 qua:
3072 2580 3271 2650 suppli-

1703 2683 1843 2732 cium
1882 2679 2132 2734 comitem
2178 2680 2408 2742 habent;
2443 2677 2547 2731 alia
2576 2691 2704 2731 vero
2731 2690 2761 2729 a
2796 2674 3106 2744 parentibus
3152 2685 3271 2724 ma-

1705 2783 1858 2836 nant,
1887 2773 2080 2842 quibus
2122 2772 2366 2841 purgatio
2396 2771 2643 2824 debetur.

1781 2864 1940 2919 litans.
1981 2864 2064 2918 l8.
2122 2861 2297 2927 Quare
2328 2877 2450 2930 ergo
2487 2863 2550 2913 de
2598 2870 2768 2914 ventre
2817 2855 3042 2911 eduxisti
3088 2870 3186 2917 me,
3220 2860 3273 2906 et

1708 2977 1808 3012 non
1842 2974 1956 3010 sum
1987 2956 2267 3008 mortuus?
2298 2953 2494 3008 Oculus
2533 2963 2708 3007 autent
2735 2966 2835 3004 non
2861 2951 3064 3004 vidisset
3096 2963 3194 3009 me,
3223 2957 3272 2997 et

1704 3067 1865 3105 essent
1893 3058 2140 3118 tanquam
2173 3063 2275 3100 non
2321 3047 2555 3114 fuissem.
2593 3043 2701 3097 Cur
2739 3044 2875 3097 enim
2921 3040 2984 3093 de
3028 3050 3175 3093 utero
3220 3037 3275 3088 in

1703 3154 2091 3198 monumentum
2123 3158 2223 3194 non
2247 3157 2361 3194 sum
2385 3139 2668 3193 translatus
2687 3137 2713 3190 Ρ

1775 3233 2008 3302 Didymi.
2047 3232 2178 3287 Vide
2213 3241 2415 3292 autent.
2461 3229 2601 3296 quod
2649 3224 3068 3282 incumbentium
3100 3229 3274 3275 tenta-

1706 3328 1910 3380 tionum
1943 3322 2275 3388 recordatus,
2303 3322 2369 3376 ad
2402 3321 2628 3390 primam
2660 3316 2921 3371 malorum
2955 3328 3193 3374 causam,
3220 3310 3273 3362 id

1707 3426 1790 3472 est
1856 3415 2093 3469 mandati
2143 3412 2646 3483 transgressionem,
2703 3419 2757 3464 et
2799 3423 2864 3462 ex
2927 3402 3276 3472 corruptione

1709 3507 2112 3579 generationem
2179 3513 2453 3567 recurrat;
2513 3515 2776 3568 nusquam
2841 3510 3019 3551 tamen
3087 3501 3273 3544 contra

1710 3599 1867 3667 primi
1921 3596 2156 3650 hominis
2223 3594 2557 3648 creationem
2619 3588 2954 3656 indignanter
3012 3579 3276 3651 queritur.

1713 3689 1861 3744 Uteri
1886 3703 2015 3741 vero
2046 3695 2102 3740 et
2134 3685 2337 3739 ventris
2362 3682 2686 3736 mentionem
2718 3679 2943 3738 faciens,
2975 3672 3115 3741 quod
3155 3672 3277 3722 vita:

1713 3779 1872 3847 hujus
1918 3778 2318 3847 corruptionem
2367 3774 2722 3842 experiretur,
2769 3782 2932 3838 grave
2966 3762 3272 3823 exiStimat;

1711 3888 1808 3942 per
1839 3871 2322 3939 transgressionem
2352 3868 2495 3920 enim
2525 3880 2620 3918 nos
2652 3863 2794 3916 ipsos
2833 3861 2884 3912 in
2919 3869 3275 3911 aerumnosam

1713 3965 1850 4016 hanc
1877 3963 2037 4015 vitam
2063 3959 2414 4026 conjecimns.

1789 4050 1949 4103 Vens.
1994 4049 2084 4102 21.
2132 4047 2322 4100 Patere
2354 4062 2433 4098 me
2467 4057 2780 4113 requiescere
2822 4037 3093 4102 pusillum,
3136 4042 3281 4086 ante-

1713 4159 1867 4212 quam
1895 4156 2008 4193 eam
2030 4139 2167 4191 unde
2197 4154 2299 4190 non
2323 4145 2566 4189 revertar.

1786 4230 2022 4300 Didymi.
2053 4229 2164 4283 Sub
2211 4227 2380 4280 forma
2407 4223 2734 4295 precationis
2761 4222 2874 4276 htcc
2909 4217 3145 4288 profert:
3178 4227 3282 4267 mo-

1717 4319 1884 4374 lestia:
1916 4318 2091 4381 enim,
2128 4331 2246 4384 qua:
2280 4312 2675 4374 incumbebant,
2712 4312 2852 4365 haud
2872 4309 3076 4377 exiguae
3107 4313 3282 4369 erant,

93 4412 177 4492 τῳς
189 4401 327 4475 ἔφερε
341 4407 434 4472 τὰς
452 4407 772 4479 ἀλγηδόνας
785 4405 942 4458 τοῦτο
958 4405 1065 4476 γὰρ
1080 4405 1180 4457 οὐκ
1201 4400 1268 4475 ἦν
1288 4405 1549 4475 ἀνδρεῖον,
1565 4405 1604 4455 εἰ

1727 4427 1894 4480 neque
1927 4411 2198 4465 cruciatus
2243 4408 2447 4475 absque
2496 4404 2699 4459 doloris
2743 4417 2902 4457 sensu
2956 4399 3184 4462 tulerat;
3238 4397 3283 4450 si

97 4486 175 4540 οὐκ
201 4493 450 4560 ᾐσθάνετο.
488 4500 738 4552 Διδάσκει
762 4499 838 4561 δὲ,
863 4499 944 4550 ὅτι
965 4497 1059 4550 καὶ
1079 4495 1212 4549 Θεοῦ
1237 4496 1462 4567 δυνάμει
1516 4497 1617 4548 ὑπ·-

99 4575 262 4648 έμεινε,
282 4585 342 4638 δι’
356 4583 425 4642 ὧν
443 4590 680 4660 εὔχεται,
702 4589 1034 4662 εὐχαρίστως
1049 4588 1242 4657 λέγων⁹
1279 4589 1616 4660 Ἑκεχειρίαν

105 4684 174 4734 μοι
191 4674 280 4728 τῶν
300 4681 465 4736 πόνων
487 4684 791 4754 παράσχου,
827 4680 1146 4753 προσκαίρῳ
1163 4679 1298 4749 ὄντι,
1325 4682 1419 4733 καὶ
1437 4683 1514 4743 εἰς
1536 4681 1622 4732 ἀεὶ

102 4758 379 4822 ἀπόλλυσθαι
407 4773 655 4842 μέλλοντι
677 4790 692 4804 ·
723 4771 878 4828 τοῦτο
899 4771 1006 4842 γὰρ
1022 4771 1169 4842 δηλοί
1180 4771 1260 4832 τὸ,
1287 4770 1620 4843 πορευθῆναι

103 4848 198 4902 ὅθεν
220 4859 308 4911 οὐκ
340 4864 771 4920 ὲπανελεύσεται.
805 4864 914 4926 Καὶ
954 4863 1128 4933 δόγμα
1158 4861 1272 4934 [τρι
1322 4861 1542 4934 δεῖγμα]
1566 4878 1620 4914 τι

105 4937 299 5001 διδάσκει
323 4955 620 5019 κάλλιστον,
665 4957 747 5010 ὅτι
816 4959 844 5009 ὁ
887 4953 1036 5020 ἅπαξ
1085 4952 1314 5018 ἐξελθὼν
1359 4952 1452 5006 τοῦ
1505 4952 1621 5023 βίου

106 5030 249 5090 οὐκέτι
276 5043 344 5106 εἰς
368 5047 512 5101 τόνδε
550 5047 642 5100 τὸν
682 5047 796 5117 βίον
827 5046 1246 5117 ἐπαναστρέφει,
1287 5045 1362 5107 ὡς
1397 5043 1623 5116 μυθολο-

111 5121 256 5210 γοῦσιν
274 5133 317 5184 οἱ
350 5135 440 5201 τὰς
469 5137 987 5210 μετενσωματώσεις
1017 5138 1452 5208 τερατευόμενοι.
1487 5133 1622 5190 Εἶτα

110 5209 327 5314 ξίηγείται
353 5229 416 5282 τὰ
454 5235 510 5285 ὲν
543 5231 671 5302 ᾅδου
713 5230 891 5294 κακά,
941 5231 1027 5284 ἵνα
1070 5231 1287 5301 γνῶμεν
1313 5230 1438 5282 οἵων
1477 5231 1622 5300 ἡμᾶς

116 5303 417 5395 ᾑλευθέρωσεν
458 5325 486 5376 ὁ
540 5324 730 5395 Σωτὴρ
751 5365 766 5388 ,
821 5321 1005 5376 εἰπὼν
1078 5321 1201 5386 τοῖς
1251 5321 1320 5374 ἐν
1343 5320 1620 5392 δεσμοῖςο

126 5393 373 5464 Ἐξέλθετε
394 5429 407 5444 ⁸
438 5417 534 5488 καί
562 5393 791 5482 τοῖςῄἐν
817 5413 896 5480 τῷ
921 5415 1158 5479 σκότει,
1181 5413 1618 5484 ἁνακαλυφθῆ-

122 5499 195 5542 ναι
203 5529 214 5542 .

1723 4505 1924 4559 doloris
1956 4503 2096 4556 enim
2121 4517 2336 4557 sensum
2370 4515 2475 4553 non
2507 4497 2855 4568 percepisset,
2887 4493 3058 4547 virum
3093 4494 3284 4544 fortem

1723 4611 1782 4650 se
1820 4610 1924 4650 non
1952 4593 2294 4648 ostendisset.
2335 4591 2499 4644 Docet
2528 4599 2708 4642 autem
2737 4583 3126 4653 supplicatione
3165 4594 3282 4642 sua,

1719 4701 1839 4755 qua:
1893 4699 2014 4739 cum
2071 4682 2369 4754 gratiarum
2417 4679 2627 4734 actione
2661 4677 2952 4746 profertur,
3005 4687 3062 4726 se
3109 4673 3284 4724 divina

1719 4777 1958 4846 potentia
1987 4775 2264 4829 cruciatus
2296 4771 2618 4841 pertulisse;
2659 4768 3045 4827 Molestiarum,
3090 4763 3284 4832 inquit,

1719 4877 1773 4922 et
1807 4866 2052 4920 laborum
2086 4863 2328 4917 inducias
2357 4862 2485 4915 mihi
2514 4860 2712 4928 praebe,
2735 4856 2824 4924 qui
2861 4856 2924 4908 ad
2962 4855 3122 4907 breve
3151 4861 3283 4903 tem-

1719 4972 1818 5027 pus
1840 4957 2151 5020 duraturus,
2193 4964 2248 5008 et
2283 4954 2334 5006 in
2361 4935 2623 5006 aeternum
2659 4947 2971 5002 interiturus
2991 4959 3148 5009 sum;
3183 4943 3284 4995 hoc

1725 5049 1868 5104 enim
1913 5047 2182 5117 significat
2231 5045 2380 5110 illud,
2426 5044 2577 5097 abire
2617 5041 2757 5093 unde
2803 5053 2907 5091 non
2959 5043 3280 5090 revertetur.

1728 5140 1932 5210 Dogma
1961 5141 2122 5193 etiam
2153 5135 2624 5207 praeclarissimum
2671 5132 2843 5194 docet,
2877 5130 3016 5198 quod
3060 5124 3284 5182 scilicet.

1731 5231 1820 5299 qui
1850 5229 2014 5285 semel
2046 5245 2113 5284 ex
2163 5230 2262 5282 hac
2291 5230 2399 5280 vita
2435 5224 2752 5290 excesserit,
2798 5239 2904 5277 non
2949 5221 3175 5291 amplius
3224 5221 3292 5272 ad

1728 5338 1852 5376 eam
1901 5330 2228 5384 revertatur,
2279 5319 2438 5374 sicuti
2490 5317 2820 5380 fabulantur,
2873 5315 2963 5383 qui
3004 5327 3296 5382 corporum.

1729 5414 2208 5469 transmutationes
2242 5412 2547 5481 prodigiose
2586 5407 2878 5462 finxerunt.
2920 5405 3180 5473 Deinceps
3213 5403 3277 5455 in-

1728 5506 1866 5561 ferni
1899 5507 2037 5560 mala
2065 5514 2307 5568 enarrat,
2349 5512 2406 5558 ut
2454 5502 2831 5572 intelligamus,
2865 5515 2894 5552 a
2938 5498 3134 5567 quibus
3193 5508 3297 5546 nos

123 5578 318 5649 Salvator
347 5613 513 5658 noster
553 5603 881 5665 liberaverit,
921 5601 1100 5656 dicens
1173 5603 1256 5656 iis-
1299 5602 1389 5671 qui
1429 5601 1483 5654 in
1544 5601 1761 5655 vinculis
1819 5612 1963 5669 sunt,
1996 5600 2168 5667 Exite,
2192 5613 2237 5655 et
2270 5601 2333 5654 iis
2361 5600 2525 5668 quiin
2562 5595 2784 5652 tenebris
2810 5605 2947 5658 sunt,
2986 5603 3039 5645 ut
3075 5588 3278 5650 rerelm

127 5679 191 5731 tur
210 5677 322 5750 (ita.
350 5705 483 5761 λωχ,
508 5697 585 5769 9).
