3750 6312
420 272 578 332 ἨΠ

1674 288 1903 345 DIDYMI
1942 289 2411 349 ALEXANDRINI

3543 296 3659 353 1118

500 399 659 454 CAP.
685 400 776 463 XI,
806 416 949 457 vers.
975 402 1029 458 8.
1069 403 1304 461 Sublime
1343 416 1420 462 est
1461 409 1666 467 caelum.
1698 422 1745 469 et
1769 412 1898 480 quid
1925 412 2004 480 {a-

2183 416 2341 472 ΚΕΦ.
2380 418 2483 479 IA',
2531 434 2613 471 στ.
2657 423 2730 489 η’.
2804 414 3052 486 Υψ-ηλός
3084 416 3119 471 ὀ
3162 416 3456 486 οὐρανὸς,
3486 417 3581 475 καὶ
3619 420 3665 474 τι

435 494 586 547 cies!
620 495 969 563 prefuadiora
1013 506 1185 551 autem
1229 499 1294 554 iis
1335 517 1459 569 quur
1495 503 1551 557 in
1591 503 1836 572 inferno;
1881 506 2009 575 quid

436 588 573 639 nosti
596 586 622 639 ?
648 601 815 641 nonne
837 588 1073 658 longiora
1097 605 1254 655 quam
1294 606 1539 646 mensura
1565 601 1741 660 terrae,
1774 595 1852 650 vel
1882 595 2010 650 lati-

434 677 561 731 tudo
592 679 753 733 maris
770 681 796 733 ?

508 768 741 838 Didymi.
770 771 927 829 lIisce
957 791 1208 833 omnibus
1254 787 1368 831 vuut
1403 777 1712 843 ostendere,
1762 778 2011 834 liumanze

438 863 680 935 scientiae
704 868 918 921 modum
945 880 999 922 et
1022 884 1329 924 mensuram
1362 884 1503 933 esse,
1534 884 1653 938 quae
1688 872 1781 925 Dei
1810 871 2010 938 judicia

436 955 652 1024 assequi
688 971 791 1009 non
818 957 1020 1013 valeat.
1060 959 1123 1014 Et
1159 974 1301 1014 nunc
1324 960 1540 1028 quidem
1571 959 1791 1026 caelum,
1815 960 2008 1031 inquit,

433 1055 542 1112 est,
573 1058 624 1101 et
649 1046 843 1101 inferni
881 1049 1238 1118 profunditas,
1271 1061 1428 1106 terrm
1458 1050 1753 1121 longitudo,
1796 1062 1852 1107 et
1897 1067 2013 1106 tua-

436 1139 513 1192 ris
548 1137 792 1204 latitudo,
823 1140 889 1194 de
938 1141 1085 1196 hisce
1123 1142 1209 1197 dic
1249 1142 1471 1211 aliquid.
1518 1143 1561 1198 si
1597 1151 1771 1212 potes.
1830 1143 2012 1198 lnnuit

434 1240 616 1285 autem
664 1231 916 1300 fortasse,
968 1233 1113 1301 quod
1157 1235 1405 1303 quamvis
1460 1235 1526 1289 de
1576 1244 1740 1301 terra,
1780 1236 1912 1289 mari
1958 1245 2013 1291 et

434 1320 594 1386 cmlo,
627 1320 824 1390 aliquis
856 1322 1001 1392 loqui
1047 1338 1333 1395 aggressus
1363 1326 1548 1394 fuerit,
1590 1343 1650 1384 ea
1685 1339 1862 1386 tamen
1892 1348 2013 1403 qua:

440 1411 579 1466 ultra
618 1423 764 1480 sunt,
794 1416 1027 1485 ignoret.

513 1525 677 1583 Vens.
719 1527 805 1584 12.
841 1528 889 1582 11
896 1546 1012 1584 omo
1033 1547 1207 1585 autem
1233 1531 1389 1587 aliter
1414 1532 1722 1608 [l‘.,frustra]
1747 1548 1891 1591 natat
1913 1555 2014 1593 ser-

439 1620 705 1687 monibus,
730 1632 777 1674 et
799 1623 879 1675 vir
899 1632 1054 1677 natus
1078 1622 1314 1678 mulieris
1338 1635 1582 1680 tanounm
1609 1644 1804 1698 onager
1830 1631 2014 1684 solita-

435 1726 567 1766 rms.

512 1824 751 1897 Didymi.
781 1827 985 1882 Divina:
1016 1827 1220 1883 notitia:
1256 1828 1713 1897 infallibilitatem.
1756 1849 1877 1889 cum
1913 1837 2009 1890 Ιιο-

438 1919 648 1973 minum
674 1921 1028 1988 conceptibus
1060 1935 1403 1989 comparans,
1452 1923 1648 1978 frustra
1683 1940 1779 1981 eos
1822 1935 2008 1983 natare

434 2013 592 2076 dicit,
624 2027 689 2067 eo
715 2012 854 2081 quod
892 2026 1160 2081 nequeant
1190 2015 1496 2069 universam
1530 2013 1622 2070 Dei
1648 2018 2005 2088 cognitionem

440 2105 853 2159 ratiocinatione
882 2105 1188 2175 complecti.
1225 2105 1330 2161 Per
1362 2124 1624 2177 onagrum
1663 2120 1843 2165 autem
1876 2113 2009 2166 soli-

435 2197 657 2262 tarium,
687 2197 1031 2268 hyperbolice
1062 2197 1312 2267 loquendi
1347 2198 1517 2252 forma
1554 2215 1701 2265 usus,
1738 2216 2004 2257 summam

432 2306 622 2344 eorttm
654 2291 707 2343 in
753 2287 1075 2357 iudiciorum
1128 2289 1217 2344 Dei
1252 2290 1680 2361 appreltensione
1724 2293 2009 2348 hebetudi-

439 2398 562 2438 nem
593 2382 663 2437 ob
698 2382 882 2437 oculos
912 2382 1083 2451 ponit.

508 2494 660 2553 CAP.
682 2494 806 2560 XII,
836 2507 981 2548 vers.
1013 2492 1068 2547 4.
1101 2490 1204 2546 Sed
1232 2492 1411 2562 justus
1448 2495 1531 2549 uir
1554 2506 1601 2550 et
1641 2497 1754 2552 sine
1786 2498 2006 2551 crimine

433 2590 573 2645 venit
604 2590 657 2642 in
684 2588 938 2642 derisum.
1064 2592 1065 2597 “

502 2700 736 2771 Didymi.
782 2697 1190 2754 Observandum
1235 2707 1416 2752 autem
1468 2707 1584 2765 est,
1624 2698 1838 2765 lolium,
1882 2716 2004 2755 cum

430 2792 645 2847 minora
682 2790 831 2855 dicit,
865 2789 966 2843 sibi
1001 2790 1101 2856 ipsi
1158 2803 1223 2844 ea
1268 2790 1507 2844 tribuere
1550 2788 1711 2855 (fastu
1755 2793 1898 2845 enim
1940 2794 2007 2847 ad

429 2882 648 2934 inanem
667 2879 1079 2938 oSIentationem
1100 2894 1203 2933 non
1216 2881 1678 2950 estcomparatus)
1698 2897 1848 2945 ;cum
1877 2897 2008 2939 vero

432 2972 633 3039 majora
667 2979 925 3034 recenset,
965 2970 1029 3022 ad
1055 2985 1222 3039 genus
1258 2972 1566 3025 universum
1594 2975 1892 3027 orationem
1925 2991 2009 3030 re-

432 3065 609 3131 ferre;
641 3061 1090 3133 quemadmodum
1131 3070 1186 3115 et
1218 3062 1307 3115 hic
1334 3062 1717 3131 pr0pemodum
1745 3064 1892 3130 dicit,
1924 3064 2002 3120 Ne

2113 506 2422 574 ποιήσεις;
2464 508 2757 581 βαθύτερα
2792 506 2863 562 δὲ
2901 507 3022 562 τῶν
3060 509 3131 563 ἐν
3158 508 3342 577 ᾅδου·
3389 509 3448 563 τί
3485 502 3664 577 oBac;

2111 596 2151 665 ἢ
2176 601 2513 667 μακρότερα
2534 597 2752 670 μέτρου
2776 596 2910 670 τῆς,
2940 599 2981 668 ἢ
3016 598 3232 668 εὔρους
3264 597 3610 667 θαλάσσηςῖ

2185 774 2464 844 Διδύμου.
2499 774 2680 840 Δεῖξαι
2702 775 2759 829 δὲ
2787 774 3035 846 βούλεται
3081 774 3171 830 διὰ
3218 774 3440 829 πάντων
3462 774 3663 839 τούτων,

2113 865 2195 918 ὅτι
2239 865 2404 936 ἡτῶν
2437 865 2738 940 ἀνθρώπων
2761 865 2962 935 γνῶσις
2999 867 3397 939 μεμετρημένη
3426 868 3578 931 ἐστὶ,
3609 870 3666 939 μὴ

2114 957 2480 1030 ὲφικνουμένη
2506 957 2614 1011 τῶν
2652 958 2744 1013 τοῦ
2775 957 2910 1014 Θεοῦ
2954 958 3262 1032 χριμάτων.
3299 959 3413 1013 Καὶ
3441 957 3541 1013 νῦν
3563 960 3668 1027 γοῦν

2113 1050 2143 1102 ὁ
2167 1049 2425 1119 οὐρανὸς,
2458 1051 2642 1123 φησὶν,
2675 1051 2816 1114 ἐστὶ,
2850 1051 2943 1106 καὶ
2970 1049 3098 1124 ᾅδου
3126 1048 3437 1122 βαθύτερα,
3462 1051 3561 1105 καὶ
3585 1070 3668 1122 μα-

2113 1142 2347 1214 κρότερα
2373 1142 2495 1214 γῆς,
2527 1143 2621 1197 καὶ
2651 1141 2745 1197 τοῦ
2782 1141 2975 1215 εὔρους
3001 1142 3099 1215 [ῑσ.
3133 1142 3195 1196 τὺ
3227 1138 3414 1215 εὖρος]
3459 1142 3564 1212 τῆς
3593 1143 3667 1196 θα-

2112 1234 2338 1306 λάσσης,
2369 1234 2494 1303 λέγε
2527 1252 2580 1288 τι
2604 1234 2731 1307 περὶ
2752 1235 2950 1300 αὐτῶν,
2969 1237 3017 1289 εί
3037 1234 3605 1290 δύνασαι.Δξνίττεται
3626 1236 3671 1290 ἃ

2114 1324 2266 1389 ῐσως,
2294 1325 2374 1378 ὅτι
2403 1322 2505 1378 κᾶν
2525 1325 2848 1396 ἐπιχειρήσῃ
2871 1343 2955 1389 τις
2989 1325 3117 1397 περὶ
3130 1326 3253 1396 γῆς,
3272 1328 3367 1379 καὶ
3397 1324 3668 1395 θαλάσσης,

2113 1417 2206 1470 καὶ
2243 1417 2471 1488 οὐρανοῦ
2502 1415 2735 1487 λαλῆσαι
2756 1459 2768 1479 ,
2800 1417 2941 1471 ἀλλὰ
2978 1416 3049 1470 τὰ
3082 1416 3221 1488 ὑπὲρ
3273 1418 3464 1471 ἐκεῖνα
3490 1418 3667 1484 ἀγνοεῖ.

2183 1532 2276 1585 Στ.
2325 1530 2411 1601 ιβ’.
2468 1533 2802 1600 Ἀνθρωπος
2854 1532 2924 1586 δὲ
2965 1532 3168 1600 ἄλλως
3218 1531 3319 1605 [ῐσ.
3384 1531 3668 1603 cavillus]

2111 1622 2358 1693 νήχεται
2395 1626 2629 1694 λόγοις,
2677 1624 2904 1694 ,βροτὸς
2948 1624 3017 1679 δὲ
3068 1624 3365 1695 γεννητὸς
3405 1626 3671 1694 τυγωκὶς

2115 1715 2221 1769 ἶσα
2253 1715 2369 1779 ὄνῳ
2397 1716 2665 1786 ἐρφυιίτῃ.

2183 1828 2461 1897 Διδύμου.
2526 1826 2598 1882 Τὸ
2647 1828 2749 1899 τῆς
2797 1828 2892 1882 τοῦ
2954 1829 3091 1883 Θεοῦ
3146 1830 3410 1899 γνώσεως
3457 1830 3673 1898 demit;

2119 1920 2477 1991 παραϐάλλων
2499 1923 2619 1984 ταῖς
2645 1920 2754 1973 τῶν
2776 1920 3077 1993 ἀνθρώπων
3103 1922 3413 1988 ἐπιϐολαῖς,
3440 1922 3673 1993 νήχεσθαι

2118 2012 2307 2075 αὐτοὺς
2346 2012 2589 2082 ματαίως
2632 2011 2838 2084 ἔφησε,
2884 2013 2958 2084 μὴ
2999 2013 3336 2084 δυναμένους
3370 2015 3559 2067 πᾶσαν
3597 2014 3677 2083 τὴν

2119 2105 2208 2158 τοῦ
2255 2103 2391 2158 Θεοῦ
2428 2103 2628 2172 γνῶσιν
2671 2103 2918 2175 λογισμῷ
2963 2103 3304 2176 περιλαδείν.
3363 2104 3473 2158 Διὰ
3515 2105 3570 2157 δὲ
3601 2104 3675 2158 τοῦ

2115 2197 2375 2268 ἐρημίτου
2413 2196 2591 2259 ὄνου,
2614 2196 2914 2268 παρίστησι
2947 2196 3010 2249 τὸ
3057 2196 3263 2268 σφόδρα
3306 2196 3486 2260 νωθὲς
3523 2198 3677 2249 αὐτῶν

2114 2287 2251 2359 πρὸς
2301 2287 2399 2357 τὴν
2457 2285 2761 2357 κατάληψιν
2813 2285 2922 2340 τῶν
2972 2286 3300 2357 χριμάτων,
3352 2286 3678 2357 ὑπερδολιιῷ

2114 2380 2393 2452 χρώμενος
2418 2378 2496 2450 τῷ
2522 2377 2684 2449 λόγῳ.

2185 2490 2337 2544 ΚΕΦ.
2366 2491 2468 2555 IB’,
2499 2507 2583 2543 στ.
2617 2490 2679 2544 δ’.
2716 2490 2956 2558 Δίκαιος
3004 2491 3115 2561 τὰρ
3160 2489 3323 2559 ἀνὴρ
3379 2490 3488 2544 καὶ
3526 2490 3681 2560 ἅμερα

2113 2597 2261 2645 πτος
2289 2579 2541 2650 ἐγενήθη
2567 2582 2653 2647 εὶς
2685 2581 3021 2650 χλεύασμα.

2184 2694 2460 2764 Διδύμου.
2502 2694 2870 2765 Ἐπισήμηναι
2902 2693 2978 2757 δὲ,
3008 2692 3091 2746 ὅτι
3131 2693 3262 2746 ὅταν
3315 2692 3422 2763 μὲν
3451 2691 3519 2744 τὰ
3550 2692 3680 2745 ἐλᾶτ-

2113 2806 2243 2843 τονα
2270 2788 2424 2862 λέγῃ,
2456 2785 2633 2857 ἑαυτῷ
2661 2786 2802 2839 αὐτὰ
2830 2786 3117 2857 προσάγει,
3155 2787 3218 2839 οὐ
3250 2787 3364 2857 γάρ
3400 2788 3551 2838 ἐστιν
3587 2787 3681 2838 ἐπει

2113 2881 2380 2944 δεικτικδς
2407 2880 2472 2933 δι’
2503 2880 2737 2949 ἀτυφίαν
2757 2896 2772 2911 ο
2797 2880 2927 2933 ὅταν
2960 2879 3016 2933 δὲ
3043 2879 3113 2932 τὰ
3142 2879 3368 2951 μείζονα
3395 2879 3678 2951 καταλέγῃ,

2115 2971 2199 3036 είς
2232 2972 2292 3025 τὸ
2330 2971 2559 3024 καθόλου
2603 2970 2793 3039 ἀνάγει
2826 2970 2917 3022 τὸν
2947 2970 3135 3038 λόγον·
3177 2970 3375 3040 ὥσπερ
3420 2964 3518 3023 οὖν
3562 2971 3679 3022 xiv.

2115 3063 2286 3117 ταῦθα
2306 3067 2584 3133 μονονουχί
2603 3062 2863 3135 φησι,Μὴ
2878 3061 3229 3131 γελάσθωσαν
3256 3062 3310 3114 οἱ
3345 3061 3573 3124 δίκαιοι,
3602 3061 3681 3111 ἐπὶ

427 3157 777 3209 derideantur
800 3152 963 3221 justi;
997 3152 1181 3206 tanditt
1227 3153 1373 3207 enim
1420 3154 1641 3208 adversa
1694 3158 1997 3226 patiuntur,

2147 3155 2361 3209 ῡσοῦτον
2388 3154 2497 3226 γὰρ
2532 3154 2861 3225 πάσχουσιν,
2889 3154 2975 3223 ἐφ’
3001 3154 3127 3206 ὅσον
3158 3153 3187 3204 ὁ
3214 3151 3351 3216 Θεὸς
3383 3151 3649 3222 βούλεται.

427 3246 663 3317 quandiu
701 3244 809 3298 Deo
839 3244 1014 3299 visum
1040 3253 1142 3299 est.

509 3337 665 3393 CAP.
700 3335 838 3401 XIII,
870 3352 1015 3393 vers.
1061 3336 1114 3391 '5.
1162 3335 1527 3391 Verumtamen
1570 3355 1663 3409 ego
1702 3340 1775 3393 ‘ad
1813 3338 1999 3396 Domi-'-

428 3448 553 3485 num
580 3431 785 3498 loquar.

501 3523 736 3593 Didymi.
766 3519 1059 3588 Postquam
1096 3518 1299 3573 amicos
1342 3527 1596 3588 tanquam
1637 3522 1887 3592 deceptos
1914 3540 2004 3579 ac-

420 3626 696 3679 cusasset,
753 3615 1003 3667 ﬁduciam
1063 3629 1214 3667 suam
1271 3622 1326 3666 et
1394 3612 1643 3682 loquendi
1700 3615 2002 3673 libertatein

425 3705 736 3769 ostendens,
768 3705 1048 3758 Dominum
1081 3717 1140 3757 se
1174 3688 1531 3757 allocuturum
1564 3705 1714 3759 dicit.

500 3799 664 3853 Vens.
684 3797 739 3851 4.
792 3795 890 3852 Vos
914 3807 1081 3851 autem
1105 3795 1228 3850 estis
1259 3796 1447 3849 medici
1473 3797 1683 3866 injusti,
1717 3808 1765 3853 et
1792 3815 2003 3855 curato-

420 3906 505 3944 res
534 3889 790 3943 malorum
821 3904 1013 3943 omnes.

505 3985 738 4054 Didymi.
772 3982 992 4053 Iniquus
1020 3990 1103 4037 est
1125 3982 1387 4046 medicus,
1419 3993 1577 4053 prout
1612 3985 1861 4042 omnibus
1902 3988 2002 4044 ob.

431 4078 580 4131 vium
611 4085 715 4139 est,
746 4074 837 4143 qui
866 4074 1042 4142 aegris,
1075 4084 1272 4143 praeter
1300 4074 1579 4139 salutaria,
1619 4076 1722 4130 alia
1762 4080 2001 4134 remedia

426 4165 703 4219 adhibet:
741 4162 1023 4232 dupliciter
1055 4172 1233 4217 antem
1286 4163 1387 4218 hoc
1435 4164 1513 4230 lit,
1561 4165 1646 4220 vel
1694 4181 1758 4221 ex
1808 4170 2001 4225 medici

431 4256 725 4328 imperitia,
756 4254 840 4307 vel
868 4253 1126 4323 nequitia.
1171 4252 1232 4307 lli
1262 4265 1440 4309 autem
1471 4256 1563 4325 qui
1596 4258 1996 4326 vituperantur,

420 4366 493 4404 ex
526 4347 736 4402 inscitia
773 4345 952 4415 potius
986 4359 1145 4413 quam
1190 4344 1555 4413 improbitate,
1589 4348 1915 4405 arbitrantes
1941 4368 2002 4408 se

2177 3342 2334 3396 ΚΕΦ.
2383 3339 2480 3407 lI",
2536 3356 2620 3393 στ.
2670 3346 2743 3408 γ’.
2796 3339 2879 3394 Οὐ
2932 3335 3063 3407 μὴν
3096 3336 3166 3390 δὲ
3202 3336 3344 3390 ἀλλ’
3385 3334 3510 3389 ἐνὼ
3545 3332 3680 3402 πρὸς

2102 3435 2322 3502 Κύριον
2345 3432 2624 3501 λαλήσω.

2175 3526 2454 3595 Διδύμου.
2485 3522 2884 3593 Αίτιασάμενος
2911 3520 3037 3585 τοὺς
3060 3519 3250 3589 φίλους
3272 3518 3348 3583 ὡς
3383 3516 3683 3588 σφαλλομέ-

2114 3636 2259 3682 νους,
2288 3619 2470 3689 φησὶν,
2502 3618 2583 3671 ὅτι
2610 3617 2766 3684 Πρὸς
2787 3616 3003 3684 Κύριον
3015 3613 3291 3681 λαλήσω,
3311 3612 3375 3665 τὸ
3404 3613 3685 3681 εὖτ’.αρρτ-

2112 3709 2329 3763 σίαστον
2358 3705 2552 3761 ἑαυτοῦ
2583 3704 2819 3770 δεικνύς.
3110 3704 3121 3717 “

2175 3802 2266 3854 Στ.
2296 3799 2359 3853 δ’.
2408 3798 2604 3869 ’Υμεῒρ
2647 3797 2715 3852 δέ
2751 3798 2893 3850 ἐστε
2929 3784 3113 3864 ἰατροί
3152 3793 3369 3856 domat,
3400 3792 3507 3847 καὶ
3538 3787 3681 3846 iam!

2103 3889 2305 3947 κακῶν
2345 3891 2567 3958 πάντες
2926 3910 2933 3921 ·
2970 3892 2978 3903 ’
3038 3892 3074 3908 "
3140 3896 3147 3903 '

2176 3984 2453 4051 Διδύμου.
2488 3981 2705 4044 ’Ἄδικος
2731 3979 2788 4033 δὲ
2817 3979 3002 4050 ἰατρός
3037 3978 3174 4039 ἐστι,
3201 3974 3345 4029 κατὰ
3366 3973 3435 4026 τὸ
3463 3972 3680 4043 πρόχει-

2109 4090 2221 4147 ρον,
2248 4075 2277 4127 ὁ
2300 4072 2445 4127 ἄλλα
2467 4069 2787 4142 βοηθήματα
2820 4067 2970 4140 παρὰ
3010 4066 3080 4120 τά
3120 4066 3480 4136 συμφέροντα
3522 4079 3680 4134 προτ-

2106 4167 2253 4236 άγων
2282 4167 2395 4228 τοῖς
2429 4164 2697 4235 κάμνουσι
2721 4176 2735 4191 ο
2760 4160 2951 4225 διττῶς
2990 4159 3048 4213 δὲ
3082 4158 3240 4212 τοῦτο
3277 4158 3532 4227 γίνεται,
3562 4156 3595 4223 ἦ
3628 4152 3682 4217 ἐξ

2103 4259 2358 4329 ἀπειρίας
2385 4256 2479 4309 τοῦ
2528 4253 2739 4327 ἰατροῦ,
2770 4255 2804 4325 ἢ
2838 4255 2903 4307 ἐκ
2939 4250 3290 4323 κακοηθείας.
3326 4242 3498 4302 Οὗτοι
3540 4248 3598 4301 δὲ
3631 4248 3677 4297 oi

2105 4351 2481 4422 ἐλεγχόμενοι,
2511 4349 2570 4414 ἐξ
2606 4347 2846 4419 ἀμαθίας
2890 4345 3089 4417 μᾶλλον
3139 4344 3266 4414 ἢὲκ
3307 4339 3680 4412 κακουργίας,

426 4439 591 4494 verba
615 4436 997 4493 consolationis
1038 4435 1321 4501 allaturos,
1368 4435 1503 4493 Jobo
1545 4439 1817 4507 dixerunt,
1851 4443 1995 4512 quod

2147 4453 2288 4513 \eyov
2317 4442 2393 4514 τῷ
2421 4440 2576 4505 Ἰὼϐ,
2609 4441 2690 4493 ὅτι
2724 4441 2801 4492 Δι’
2843 4437 3231 4508 ἁμαρτήματα
3265 4433 3557 4503 πάσχεις,
3583 4432 3682 4529 οἰέ-

424 4538 644 4602 propter
674 4537 895 4599 peccata
944 4534 1442 4595 patereturzerant
1492 4528 1655 4610 igitur
1708 4529 1888 4599 injusti
1934 4549 2001 4587 ex

2147 4553 2257 4589 ενοι
2295 4532 2689 4606 παρακλήσεως
2716 4530 3019 4602 προσάγειν
3061 4528 3272 4596 λόγους.
3323 4526 3546 4578 Ἀδικοι
3593 4517 3679 4577 οὖν

419 4642 490 4682 eo
540 4626 683 4696 quod
738 4624 863 4679 ntali
901 4637 1118 4678 causam
1177 4622 1561 4693 ignoraverint.
1615 4621 1747 4676 Illud
1798 4630 1999 4689 autem,

418 4717 707 4774 Curatores
733 4715 994 4771 malorum
1016 4731 1211 4778 omnes,
1245 4716 1311 4770 de
1349 4715 1417 4770 lis
1445 4714 1674 4770 fortasse
1703 4715 1851 4781 dicit,
1876 4715 2000 4785 quia

415 4810 672 4879 Opinione
700 4808 765 4863 de
807 4822 868 4864 se
900 4807 1048 4872 elati,
1077 4806 1306 4862 aliorum
1353 4807 1595 4868 adversis
1634 4808 1849 4863 casibus
1881 4823 1997 4861 me-

416 4902 536 4958 deri
571 4915 632 4955 se
657 4914 815 4970 posse
835 4907 1106 4968 putarent.

494 4993 660 5049 Vens.
690 4992 743 5046 6.
770 4991 961 5046 Audite
984 5006 1106 5061 ergo
1132 4992 1538 5060 mcrepationent
1563 5008 1670 5045 om
1695 4992 1815 5057 mei,
1841 5003 1887 5047 et
1905 4992 2000 5061 λιιι

416 5086 615 5140 dicium
646 5083 909 5137 labiorum
935 5098 1168 5136 meorum
1197 5085 1617 5142 animadvertite.

495 5174 733 5245 Didymi.
767 5172 1120 5229 Considerate
1154 5173 1441 5245 diligenter
1463 5191 1586 5244 quae
1628 5176 1695 5231 ad
1743 5177 1998 5248 redargu-

424 5267 628 5321 tionem
663 5265 833 5320 vestri
859 5264 1126 5319 allaturus
1150 5280 1290 5331 sum,
1324 5275 1398 5331 et,
1431 5280 1499 5320 an
1536 5282 1657 5322 cum
1694 5267 1897 5338 judicio
1926 5269 1997 5325 lo-

419 5373 576 5425 quar,
601 5357 878 5411 vobiscum
908 5357 1243 5427 perpendite.
1295 5356 1367 5412 0s
1407 5370 1586 5413 autem
1636 5370 1690 5414 et
1719 5361 1859 5415 labia
1898 5377 1995 5430 pro

359 5452 363 5456 ’
423 5466 664 5506 sermone
691 5448 992 5518 usurpavit.
1049 5446 1282 5505 Sanctus
1327 5460 1529 5518 autem,
1571 5462 1824 5522 tanquam
1869 5469 1997 5508 san-

421 5555 543 5600 etus
578 5542 872 5613 redarguit,
912 5549 967 5595 et
996 5552 1159 5611 prout
1181 5542 1255 5596 illi
1280 5558 1377 5612 par
1410 5554 1513 5609 est,
1558 5545 1785 5617 judicat.
1812 5544 1996 5601 Justus

424 5631 570 5695 enim
626 5642 934 5710 importuna
989 5638 1383 5710 vituperatione
1431 5652 1535 5690 nou
1589 5637 1780 5701 utitur,
1823 5652 1995 5707 neque

430 5735 555 5801 acte
580 5742 632 5789 et
661 5733 992 5797 mendaciter
1022 5733 1123 5791 hoc
1171 5730 1322 5804 facit,
1364 5729 1458 5787 scd
1495 5728 1618 5807 jure
1659 5740 1716 5785 et
1761 5728 1994 5807 legitime

2104 4627 2247 4681 κατὰ
2291 4626 2351 4679 τὸ
2382 4626 2597 4693 ἀγνοεῖν
2638 4623 2733 4694 τὴν
2766 4622 2964 4674 αἰτίαν.
3010 4620 3082 4672 Τὸ
3120 4619 3177 4672 δὲ
3203 4657 3219 4681 ,
3259 4616 3439 4671 Ἰαταὶ
3486 4613 3681 4667 κακῶν

2101 4717 2355 4782 πάντες,
2382 4718 2466 4786 εἴη
2505 4715 2570 4767 ἂν
2607 4713 2802 4781 λέγων.
2859 4708 3001 4765 κατὰ
3034 4708 3142 4761 τῶν
3168 4707 3435 4777 οἰομένων
3469 4703 3677 4775 μεγάλα

2102 4809 2231 4879 περὶ
2260 4805 2488 4867 ἑαυτῶν,
2525 4804 2599 4869 ὡς
2623 4804 2935 4874 δυναμένων
2966 4799 3218 4855 ίάσασθαι
3251 4798 3323 4850 τὰ
3351 4811 3675 4850 mou-tan-

2101 4896 2213 4964 κῶς
2241 4899 2447 4970 ἑτέροις
2473 4914 2535 4949 συ
2545 4894 2857 4966 μϐαίνοντα.

2169 4991 2261 5046 Στ.
2316 4995 2389 5056 ς’.
2456 4989 2783 5043 Ἀκούσατε
2821 4984 2890 5038 δὲ
2921 4984 3176 5055 ἔλεγχον
3218 4980 3325 5035 τοῦ
3376 4980 3677 5051 στόματὸς

2093 5100 2234 5152 μου,
2259 5074 2463 5150 κρίσιν
2488 5079 2556 5133 δὲ
2577 5078 2830 5150 χειλέων
2849 5094 2970 5147 μου
3003 5074 3352 5144 προσέχετε.

2168 5174 2443 5241 Διδύμου.
2483 5172 2874 5241 Κατανοήσατε
2907 5167 3137 5239 suam
3176 5164 3357 5234 λέγειν
3406 5165 3495 5229 είς
3532 5164 3677 5231 ἕλετο

2097 5281 2190 5342 χον
2235 5265 2410 5337 ὑμῶν,
2469 5264 2563 5317 καὶ
2583 5262 2874 5333 ἐννοήσατε
2901 5262 2949 5313 εἰ
2977 5256 3316 5331 κεκριμένως
3338 5254 3673 5324 φθέγγομαι.

2096 5361 2293 5428 Στόμα
2328 5357 2385 5410 δὲ
2414 5356 2508 5410 καὶ
2533 5355 2705 5425 χείλη
2770 5352 2892 5408 ἀντὶ
2919 5350 3014 5405 τοῦ
3040 5352 3227 5420 λόγου
3266 5347 3453 5419 φησίν.
3494 5346 3677 5413 151:7-

2098 5466 2183 5521 χει
2230 5449 2288 5503 δὲ
2326 5449 2353 5501 ὁ
2378 5448 2552 5517 ἅγιος,
2574 5447 2651 5511 ὡς
2675 5447 2851 5517 ἅγιος,
2870 5444 2965 5499 καὶ
2988 5444 3161 5516 κρίνει
3181 5443 3254 5506 ὡς
3278 5442 3485 5513 πρέπει
3508 5440 3676 5506 αὐτῷ.

2101 5543 2177 5596 Οὐ
2208 5541 2317 5613 γὰρ
2346 5541 2574 5610 ἄκαιρον
2604 5538 2824 5610 ἔλεγχον
2849 5537 2961 5609 ἔχει
2990 5539 3020 5590 ὁ
3049 5535 3289 5599 δίκαιος,
3313 5531 3436 5585 οὐδὲ
3466 5528 3677 5601 ψευδῶς

2104 5633 2263 5689 τοῦτο
2301 5633 2463 5699 ποιεῖ,
2502 5630 2638 5685 ἀλλά
2684 5629 3025 5701 κεκριμένως
3057 5626 3153 5681 καὶ
3194 5625 3442 5696 νομίμως
3475 5622 3675 5693 χρῆται

2103 5727 2184 5799 τῷ
2214 5725 2421 5809 ἐλέγχῳ
2452 5726 2546 5780 καὶ
2582 5726 2648 5806 τῇ
2699 5722 2910 5778 κοίσει·
2942 5721 3137 5799 Στόμα
3169 5720 3281 5797 γὰρ
3313 5716 3559 5772 δικαίου
3580 5729 3679 5790 με·
