3750 6330
56 307 154 365 “£9

1241 302 1669 358 FRAGMENTA
1715 303 1778 358 IN
1818 305 1956 362 JOB.

3089 313 3230 369 “50

55 427 242 492 ,ιετήσει
283 423 509 494 σοφίαν,
551 420 648 476 καὶ
679 423 720 490 ἠ
764 421 1014 494 γλῶσσα
1057 423 1246 479 αὐτοῦ
1289 425 1534 492 λαλήσεη

1704 427 1859 480 dicat
1883 435 1938 481 et
1964 426 2238 496 redarguit
2267 445 2280 481 :
2310 428 2382 482 0s
2417 429 2552 482 enim
2579 429 2718 499 justi
2764 428 3102 483 meditabitur
3143 449 3234 484 sa-

55 523 222 589 κρίσιν.

98 723 167 772 Στ.
190 724 265 771 ια’.
285 717 350 770 Et
373 706 439 768 δὲ
453 715 548 769 καὶ
578 715 783 785 κρυφῇ
810 717 1101 785 πρόσωπα
1137 713 1546 788 θαυμάσεσθε,

51 814 244 878 πότερον
279 807 383 876 οὐχ
408 807 446 874 ἠ
483 807 620 875 δίνη
651 808 836 862 αὑτοῦ
881 808 1204 876 στροϐήσει
1239 809 1424 878 unde;
1451 809 1546 882 [Ὀ

51 905 87 957 δὲ
119 902 400 970 Σύμμαχος,
430 896 526 966 Μὴ
563 900 767 968 κρύφα
805 900 1130 967 πρόσωπον
1175 900 1362 954 αὐτοῦ
1398 901 1546 955 δυσ-

51 991 404 1060 ωπηθήσεσθε;
429 988 515 1058 μὴ
564 991 699 1059 οὐχὶ
726 991 765 1057 ἡ
797 992 1039 1060 κίνησις
1066 991 1252 1046 αὐτοῦ
1292 988 1543 1057 πτοήσει

51 1083 207 1155 ἰιμᾶςς]
250 1083 305 1135 '0
327 1083 523 1151 φόϐος,
552 1099 607 1136 κ.
630 1099 680 1135 τ.
716 1082 767 1136 λ.

94 1177 317 1246 Διδύμου.
373 1175 428 1228 Ὀ
479 1175 700 1247 ἄριστος
743 1177 936 1249 κριτὴς
1000 1178 1342 1249 πραγμάτων
1393 1179 1542 1233 ἐστὶν

51 1268 290 1340 ἒξὲταστὴς,
324 1267 418 1320 οὐκ
460 1269 542 1331 εἰς
589 1269 881 1340 πρόσωπον
917 1268 1103 1339 βλέπει
1135 1269 1246 1322 τῶν
1287 1271 1543 1342 κρινομέ-

51 1383 134 1416 νων.
161 1360 264 1414 Ἐὰν
301 1361 402 1430 γὰρ
429 1354 564 1414 ὦσιν
591 1363 641 1414 οἱ
685 1361 995 1433 κρινόμενοι
1039 1357 1316 1426 πλούσιοι,
1369 1362 1402 1434 ἢ
1446 1363 1546 1434 ἄρα

51 1471 208 1525 χοντες.
236 1453 266 1524 ἦ
293 1455 407 1506 κατ’
459 1452 628 1524 ἀλλην
669 1452 826 1517 ἀξίαν
890 1452 1004 1525 [γρ.
1050 1452 1321 1526 ἐξουσίαν]
1376 1453 1543 1526 ὑπερ-

51 1549 226 1616 έχοντες,
250 1543 430 1607 οὗκεξς
451 1543 512 1596 τὸ
544 1544 836 1616 πρόσωπον
857 1545 1035 1601 αὐτῶν
1069 1548 1280 1609 σκοπεῖ,
1310 1545 1423 1599 ἀλλ’
1463 1549 1542 1610 εἰς

51 1638 114 1699 τὰς
134 1633 322 1704 πράξεις
343 1632 407 1696 ἃς
442 1634 639 1705 κρίνει.
670 1633 806 1690 Οὔτε
837 1635 946 1706 γὰρ
987 1635 1226 1707 πλουσίῳ
1255 1635 1539 1707 προστίθε-

51 1729 132 1779 σθαι
159 1728 239 1789 δεῖ,
275 1725 388 1778 οὔτε
423 1725 656 1797 πένητος
677 1728 776 1799 τὴν
801 1727 1006 1783 ἔνδειαν
1049 1727 1352 1792 ἐλεοῦντας,
1387 1744 1533 1801 παρ-

51 1822 135 1890 ορᾷν
168 1818 218 1870 τὺ
245 1817 470 1873 δίκαιον
511 1817 593 1871 διὸ
630 1818 866 1890 εἴρηται,
911 1821 1034 1874 Οὐκ
1079 1817 1356 1888 ἑλεήσεις
1390 1835 1543 1873 πτω-

51 1915 121 1980 χὸν
141 1914 197 1966 ἐν
221 1914 416 1980 κρίσει.
1305 1920 1312 1926 ’

90 2005 154 2056 Στ.
185 2011 257 2072 ιγ’.
306 2005 658 2073 Κωφεύσατε
683 2007 785 2060 ἵνα
818 2006 1074 2074 λαλήσω
1096 2048 1111 2072 ,
1141 2024 1241 2062 και
1272 2006 1542 2060 ἀναπαύ-

51 2113 179 2165 σωμαι
215 2095 384 2164 θυμοῦ
409 2135 424 2158 ,
468 2096 793 2153 ἀναλαϐὼν
844 2098 951 2165 τὰς
993 2092 1226 2168 σάρκας
1252 2117 1374 2168 μου
1416 2093 1543 2165 τοῖς

51 2189 244 2243 ὀδοῦσιν.

93 2280 311 2348 Διδύμου.
350 2280 500 2352 Τάχα
546 2298 609 2350 γε
650 2283 850 2355 τρόπον
894 2284 1018 2338 τινὰ
1057 2285 1401 2339 ύπαναπαυει
1439 2284 1535 2356 fio.

51 2369 326 2442 ὲπαναπαύει]
346 2372 466 2435 τοὺς
502 2372 710 2441 φίλους.
745 2373 897 2426 Ἐπεὶ
921 2375 1030 2445 γὰρ
1051 2377 1248 2439 αὐτοὺς
1277 2377 1541 2446 ᾐτιάσατο

51 2466 249 2534 πῴτερον,
288 2464 358 2528 ὼς
399 2465 826 2537 παρακλήτορας
865 2467 1051 2520 κακῶν
1092 2467 1250 2530 ὄντας
1292 2468 1310 2539 (
1331 2469 1392 2521 οὐ
1426 2469 1535 2539 γὰρ

51 2556 303 2626 παρεκάλουν
329 2554 400 2619 ὡς
432 2554 564 2618 ἔδει,
597 2555 733 2609 ἀλλὰ
767 2555 966 2626 μᾶλλον
990 2557 1086 2627 τὴν
1114 2556 1292 2626 λύπην
1317 2558 1537 2628 ἤγειρον

51 2651 105 2700 tu".
124 2649 198 2720 τὴν
220 2647 390 2718 ὀδύνην
426 2646 527 2725 τοῦ.
558 2645 720 2716 δῆθεν
751 2647 1284 2718 παρακαλουμένου),
1311 2647 1404 2700 νῦν
1442 2648 1530 2700 λέ-

51 2757 115 2806 res,
135 2741 196 2793 ὅτι
216 2737 356 2811 Λήξω
381 2737 474 2791 τοῦ
509 2739 651 2810 πρὸς
684 2738 828 2808 ὑμᾶς
866 2737 1067 2808 Θυμοῦ,
1101 2739 1417 2794 ἀναλαϐὼν
1432 2741 1534 2806 τὰς

51 2831 206 2898 σάρκας
232 2849 336 2900 μου
379 2830 502 2896 τοῖς
551 2828 783 2883 ὀδοῦσι·
837 2830 1149 2897 τουτέστιν,
1187 2831 1384 2884 Οὐκέτι
1413 2831 1536 2885 καθ’

51 2923 147 2992 ὑμῶν
175 2923 449 2994 ὁργίσομαι,
484 2922 623 2976 ἀλλὰ
648 2922 770 2977 κατ’
795 2922 1055 2994 ἐμαυτοῦ.

90 3016 152 3070 Et.
180 3021 259 3079 ις’.
303 3015 406 3069 Καὶ
449 3014 632 3069 τοῦτό
656 3033 759 3084 μοι
799 3013 1166 3081 ἀποϐήσεται
1211 3016 1300 3083 εἰς
1338 3029 1533 3085 σωτη-

1651 518 1921 584 pientiam,
1963 530 2010 572 et
2057 519 2238 588 lingua
2292 521 2404 588 ejus
2459 521 2699 590 loquetur
2740 521 3006 591 judicium
3047 520 3224 592 (l’sal.

1651 623 1840 673 xxxvi,
1875 609 1990 682 50).

1721 741 1881 795 Vens.
1912 740 1997 797 il.
2028 743 2181 808 ριιοτι
2208 755 2253 798 et
2303 746 2349 799 si
2390 747 2586 800 occulte
2614 764 2862 815 personas
2907 750 3087 804 mirati
3113 751 3229 819 fue—

1647 836 1782 898 ritis,
1815 849 1981 888 nonne
2004 836 2152 888 turbo
2175 837 2289 906 ejus
2315 839 2538 891 versabit
2561 855 2650 892 vos
2670 840 2696 892 ?
2720 837 3103 909 [Symmachus
3125 858 3224 894 au-

1649 934 1776 987 tem,
1806 928 1884 978 An
1922 926 2124 978 occulte
2169 943 2443 996 personam
2474 929 2586 1000 ejus
2622 927 2920 984 tterebintini
2938 927 2963 985 1’
2990 931 3226 1002 nunquid

1649 1032 1750 1069 non
1789 1019 2063 1070 commotio
2104 1018 2219 1087 ejus
2263 1021 2536 1073 eatterrebit
2589 1018 2753 1092 vos?]
2793 1015 2971 1075 Timor
3024 1034 3222 1088 autem,

1648 1116 1750 1160 CIC.

1717 1195 1950 1266 Didymi.
2002 1198 2249 1270 Optimus
2287 1199 2450 1267 judex
2517 1217 2694 1256 rerum
2774 1201 3073 1257 aestimator
3118 1213 3220 1265 est,

1641 1287 2059 1357 jtulicaudorum
2088 1308 2348 1361 personas
2379 1309 2482 1347 non
2533 1297 2773 1364 respicit.
2825 1295 2882 1350 Si
2914 1297 3054 1350 enim
3088 1297 3224 1350 divi-

1650 1394 1731 1437 tes
1774 1384 1853 1437 vel
1908 1386 2179 1454 principes
2205 1387 2334 1449 sint,
2369 1398 2463 1440 aut
2498 1388 2599 1441 alia
2637 1387 2898 1458 dignitate
2929 1389 3218 1454 excellant,

1647 1473 1739 1544 qui
1776 1477 1827 1528 in
1852 1469 2112 1545 judicium
2139 1489 2424 1544 vocantur,
2459 1495 2563 1532 non
2597 1495 2854 1548 personas
2880 1495 3093 1544 eorum,
3122 1482 3220 1536 sed

1646 1565 1885 1620 actiones
1913 1582 2048 1636 quas
2091 1566 2319 1636 iudicat,
2362 1569 2625 1624 intuetur.
2663 1570 2846 1640 Neque
2883 1572 3026 1625 enim
3069 1573 3219 1626 diviti

1647 1658 2024 1727 astipulando,
2085 1674 2262 1729 neque
2315 1662 2569 1729 pauperis
2642 1661 2876 1732 inOpiam
2930 1664 3218 1718 commise-

1576 1781 1616 1836 Β
1647 1749 1834 1813 rando,
1881 1743 1970 1818 jus
2005 1750 2311 1805 violandum
2345 1763 2466 1818 est;
2526 1755 2667 1807 unde
2720 1753 2918 1808 dictum
2959 1764 3061 1819 est,
3097 1752 3220 1810 Non

1644 1841 1950 1896 miserebere
1985 1845 2229 1911 pauperis
2263 1843 2315 1896 in
2338 1841 2544 1912 judicio
2571 1843 2771 1914 (Exod.
2809 1860 2970 1909 χχιιι,
2997 1844 3075 1916 5).

1714 2029 1879 2084 Vsus.
1911 2030 1996 2085 15.
2027 2025 2380 2086 Obmutescite
2404 2042 2458 2085 ut
2485 2032 2691 2103 loquar,
2732 2042 2780 2087 et
2809 2035 3128 2104 requiescam
3152 2035 3217 2088 ab

1643 2119 1748 2181 ira,
1787 2120 2173 2188 apprehendens
2199 2137 2340 2173 meas
2371 2137 2554 2174 carnes
2581 2121 2821 2174 dentibus
2853 2123 3000 2175 meis.

1713 2298 1944 2368 Didymi.
1988 2297 2146 2352 Forte
2171 2299 2332 2352 etiam
2369 2299 2578 2353 amicos
2632 2298 2839 2352 ratione
2890 2296 3069 2367 aliqua
3125 2297 3220 2352 de-

1641 2392 1840 2443 mulcet
1873 2407 1886 2442 :
1918 2405 2037 2443 cum
2065 2391 2208 2444 enim
2231 2391 2380 2459 prius
2402 2405 2494 2445 eos
2521 2400 2772 2460 tanquam
2802 2389 3063 2442 malorum
3089 2404 3220 2442 con-

1640 2481 1904 2534 solatores
1957 2491 2266 2534 accusasset
2324 2482 2453 2547 (non
2493 2481 2636 2534 enim
2716 2489 2876 2550 prout
2926 2481 3216 2549 oportebat

1639 2571 2075 2637 consolabantur,
2106 2572 2197 2625 sed
2249 2571 2485 2626 dolorem
2517 2582 2570 2625 et
2610 2586 2894 2626 maerorem
2929 2570 3044 2637 ejus
3120 2571 3212 2640 qui

1638 2664 1994 2720 consolandus
2021 2673 2158 2729 erat,
2192 2664 2362 2734 magis
2408 2664 2762 2733 excitabant),
2819 2678 2962 2717 nunc
3005 2663 3202 2731 inquit,

1634 2753 2034 2821 Appreltendens
2082 2769 2265 2806 carnes
2317 2770 2460 2807 meas
2510 2753 2768 2818 dentibus,
2795 2754 2948 2808 vobis
2978 2767 3214 2808 succen-

1636 2859 1757 2898 sere
1795 2844 2060 2908 desinam,
2105 2843 2157 2898 id
2193 2853 2297 2908 est,
2329 2843 2494 2900 Vobis
2525 2859 2632 2899 non
2668 2844 2916 2915 amplius,
2952 2845 3045 2900 sed
3085 2843 3215 2900 mihi

1637 2935 1736 3005 ipsi
1769 2936 2168 2990 stomachabar.
2208 2944 2210 2946 '

1708 3025 1872 3081 Vens.
1904 3025 1990 3080 16.
2014 3023 2080 3079 Et
2107 3027 2204 3080 hoc
2229 3027 2356 3080 mihi
2382 3027 2560 3081 evadet
2583 3024 2640 3080 in
2661 3026 2922 3093 salutem;
2952 3042 3056 3081 non
3079 3026 3214 3081 enim

51 3108 149 3168 ριἀνο
167 3108 224 3160 οὑ
251 3106 348 3182 γὰρ
373 3107 655 3162 ἐναντίον
675 3107 862 3162 αὐτοῦ
887 3107 1068 3173 δόλος
1104 3108 1530 3170 εἰσελεύσεται.

1704 3137 1813 3173 ram
1847 3136 1906 3173 eo
1936 3119 2086 3173 dolus
2110 3121 2450 3188 ingredietur.

88 3197 304 3271 Διδύμου.
349 3198 426 3250 Δι’
477 3199 618 3252 ὅλων
655 3198 714 3252 δὲ
769 3198 972 3270 σπουδὴ
1022 3198 1100 3270 τῷ
1153 3199 1344 3270 δικαίῳ
1389 3199 1527 3265 ἐστὶ,

51 3287 254 3343 παιδεῦσαι
280 3292 398 3355 τοὺς
425 3291 615 3362 φίλους
641 3292 740 3362 τὴν
774 3274 952 3345 αἰτίαν
977 3292 1084 3345 τῶν
1117 3293 1408 3359 ἐπιπόνων,
1444 3293 1530 3346 ἵνα

51 3382 214 3455 κερδήσῃ
235 3384 413 3447 αὐτοὺς
455 3383 533 3455 μὴ
569 3384 782 3438 ἐναντία
813 3383 1076 3448 δοξάζειν.
1113 3385 1388 3457 Σωτηρίαν
1421 3385 1529 3455 γὰρ

51 3474 184 3544 ταύτην
219 3475 304 3547 [ian
339 3476 515 3548 τοῦτο]
548 3476 844 3546 ἐλογίζετο,
867 3477 928 3530 τὸ
955 3474 1176 3540 τούτους
1201 3475 1404 3545 γνῶναι
1437 3477 1528 3530 τὸν

51 3562 130 3633 περὶ
149 3564 302 3618 τούτου
323 3567 414 3638 τῆς
443 3566 701 3638 προνοίας
724 3565 902 3634 λόγον,
931 3565 989 3619 ὃν
1016 3566 1327 3637 φανερῶσαι
1357 3567 1530 3639 βουλό-

53 3672 172 3721 μενος.
201 3657 331 3726 ἔλεγε
369 3659 446 3719 τὸ,
500 3658 786 3728 Ἐλέγξωο
834 3655 1091 3722 πολλάκις
1124 3660 1230 3731 γὰρ
1255 3662 1284 3714 ὁ
1314 3660 1526 3734 ἐλεγχος

51 3747 108 3816 τὴν
121 3747 340 3814 ἀπόδειξιν
358 3751 627 3821 σημαίνει.
651 3750 723 3802 Τὸ
755 3745 848 3803 οὖν
890 3748 1115 3820 ἀψευδὲς
1149 3753 1315 3806 αὑτοῦ
1351 3769 1530 3823 παρα-

52 3839 178 3906 ιτῆται
221 3843 367 3896 Οέλων
414 3843 507 3897 καὶ
561 3843 622 3896 τὸ
660 3839 906 3906 εὐλαϐὲς,
937 3841 1105 3914 λέγει,
1135 3845 1215 3898 ὅτι
1250 3847 1316 3898 Ἃ
1365 3846 1528 3915 λέγω,

51 3931 134 3984 θεοῦ
170 3933 372 4004 ὁρῶντος
421 3935 754 4006 φθέγγομαι.
805 3936 879 3988 Οὐ
913 3936 1022 4008 γὰρ
1068 3931 1177 3991 οἶόν
1215 3955 1274 3990 τε
1315 3939 1530 4010 ἀπάτην

51 4022 128 4073 τινὰ
155 4026 371 4091 γενέσθαι
396 4027 516 4098 Θεῷ
539 4067 556 4093 ,
603 4027 678 4091 ὡς
707 4027 808 4099 [ῐσ.
954 4029 1103 4084 δόλον
1135 4030 1394 4086 εἰσελθεῖν
1442 4034 1530 4086 ἐν-

51 4117 161 4166 tit:th
185 4117 346 4170 αὑτοῦ.

92 4203 155 4256 Στ.
180 4207 261 4269 κζ’.
301 4208 628 4277 Ἐφύλαξας
655 4208 722 4264 δέ
742 4229 862 4280 μου
889 4211 1086 4265 πάντα
1115 4213 1187 4266 τὰ
1218 4214 1381 4282 ἔργα.

93 4293 302 4362 Διδύμου.
333 4293 481 4351 Οἶδεν
517 4301 546 4352 ὁ
584 4296 850 4370 μακάριος
880 4301 941 4353 τὸ
989 4302 1093 4354 ὑπὸ
1126 4303 1220 4357 τοῦ
1264 4303 1428 4357 Δαὸὶδ
1456 4306 1531 4357 εξ-

52 4384 227 4450 ρημὲνον,
249 4389 388 4456 ἆγιος
407 4389 504 4452 ὢν,
529 4391 613 4444 ὅτι
639 4393 668 4444 ὁ
688 4390 819 4455 θεὸς
837 4393 896 4444 οὐ
927 4398 1326 4465 παρατηρεῖται
1350 4396 1528 4460 πάσας

1709 3209 1940 3280 Didymi.
1984 3211 2039 3264 In
2083 3212 2333 3266 onmibus
2366 3221 2566 3276 autem,
2608 3225 2826 3266 causam
2871 3209 3128 3265 malorum
3161 3219 3218 3264 et

1638 3301 2008 3356 molestiarum
2063 3300 2240 3369 justus
2272 3303 2476 3358 amicos
2524 3305 2717 3358 docere
2751 3303 2952 3367 studet,
2994 3311 3053 3356 ut
3093 3301 3216 3355 illos

1638 3393 2004 3460 lucrifaceret,
2051 3408 2150 3448 nec
2197 3396 2406 3449 diversa
2439 3399 2643 3450 sentire
2679 3397 3069 3466 persuaderet:
3115 3396 3218 3450 hoc

1635 3489 1777 3544 enim
1815 3488 2052 3543 salutare
2093 3503 2213 3543 esse
2239 3489 2598 3552 existimabat,
2630 3491 2672 3542 si
2711 3489 3061 3558 providentiae
3086 3503 3212 3557 erga

1636 3596 1756 3636 eum
1788 3581 2051 3634 rationem
2099 3579 2485 3650 intelligerent;
2519 3595 2678 3648 quam
2708 3595 2828 3633 cum
2863 3578 3215 3632 manifestare

1637 3672 1812 3737 vellet,
1846 3672 2004 3738 dixit,
2040 3671 2412 3740 Redarguam;
2467 3686 2836 3742 saepenumero
2877 3671 3018 3725 enim
3062 3669 3212 3723 eleu-

1636 3763 1766 3816 clms
1803 3763 2330 3816 demonstrationem
2374 3761 2658 3830 signiﬁcat.
2687 3756 2758 3813 Ut
2803 3760 2962 3828 igitur
2998 3759 3216 3815 mentia-

1636 3853 1702 3906 cii
1733 3867 1792 3906 se
1815 3862 2118 3920 expertem,
2157 3862 2208 3907 et
2235 3855 2486 3921 pietatem
2516 3851 2714 3917 colere,
2742 3851 2810 3905 ob
2833 3852 3020 3906 oculos
3052 3866 3213 3920 pone-

1636 3951 1737 4009 ret,
1764 3943 1914 4006 dicit,
1951 3943 2061 4000 Deo
2090 3945 2327 3998 intuente
2355 3944 2541 4013 loquor
2561 3957 2680 4012 quae
2711 3943 2849 3998 dico.
2909 3943 3048 3997 Deus
3069 3943 3213 3997 enim

1636 4033 1826 4087 fraude
1867 4034 2012 4086 nulla
2040 4035 2215 4104 decipi
2258 4044 2453 4104 potest,
2494 4046 2594 4086 nec
2626 4031 2779 4088 dolus
2823 4049 3005 4088 coram
3028 4049 3093 4089 eo
3132 4034 3217 4088 itt-

1636 4124 1786 4192 gredi
1826 4130 2025 4192 potest.

1707 4214 1874 4272 Vens.
1905 4215 1994 4268 27.
2032 4213 2101 4268 Et
2130 4217 2409 4271 observasti
2433 4219 2610 4273 omnia
2639 4235 2796 4286 opera
2831 4235 2968 4274 mea.

1707 4307 1944 4378 Didymi.
1982 4306 2215 4362 Noverat
2254 4309 2445 4364 beatus
2464 4310 2649 4384 Jobus,
2668 4322 2886 4367 sanctus
2921 4310 3214 4384 exsistens.

1636 4399 1777 4467 quod
1836 4413 1864 4450 a
1935 4398 2131 4452 Davide
2184 4397 2382 4452 dictum
2435 4412 2537 4465 est,
2591 4402 2756 4456 Deum
2817 4402 3024 4456 scilicet
3111 4417 3215 4453 non

51 4473 112 4535 τάξ
141 4477 324 4548 ἀνομίας
354 4480 461 4535 τῶν
518 4483 822 4537 πταιόντων
846 4499 862 4515 ⁸
907 4485 1042 4553 ἀλλὰ
1090 4486 1359 4539 παιδεύων
1403 4488 1530 4551 τοὺς

1704 4504 1824 4544 mes
1855 4488 2281 4556 delinquentium
2305 4489 2616 4560 iniquitates
2645 4493 2969 4555 observare;
3003 4504 3210 4554 verum,

52 4566 174 4632 φίλους
199 4573 354 4638 πάλιν,
391 4575 455 4627 δι’
481 4575 550 4644 ἣν
590 4575 770 4628 αἰτίαν
815 4577 1012 4649 πάσχει
1046 4579 1149 4648 (ὅτι
1196 4580 1262 4632 δι’
1296 4579 1527 4648 ἀγῶνα),

52 4657 89 4708 τὸ
116 4665 412 4735 προκείμενον
447 4667 688 4736 εἴρηκεν,
731 4667 806 4730 ὡς
847 4669 940 4722 τοῦ
975 4669 1111 4722 Θεοῦ
1155 4671 1332 4724 πάντα
1365 4670 1528 4723 αὑτοῦ

52 4747 92 4800 τὰ
122 4751 225 4822 ἔργα
251 4758 591 4824 φυλάξαντος,
623 4759 716 4812 καὶ
750 4760 1176 4831 ἀκριϐώσαντος,
1223 4763 1317 4815 καὶ
1361 4762 1531 4827 οὕτως

53 4839 330 4912 ὲτιιιγαγόντος
377 4850 523 4921 αὐτῷ
568 4851 635 4904 τὰ
683 4854 915 4924 ἀνιαρά’
953 4855 1039 4907 ἵνα
1095 4858 1157 4908 ὲκ
1203 4856 1395 4910 τούτου
1443 4859 1528 4909 ὲν-

52 4935 253 5002 ’θθήτωςιν,
279 4941 352 4994 ὅτι
385 4942 445 4995 τὸ
496 4941 722 5012 μέγεθος
751 4943 860 4996 τῶν
894 4945 1161 4999 τοσούτων
1206 4947 1523 5016 ἐπαγαγὼν,

52 5022 162 5164 δι’
197 5030 438 5103 ἁμαρτίας
472 5022 644 5099 ἐστὶν,
687 5032 819 5092 ἀλλὰ
846 5036 913 5090 δι’
951 5039 1161 5106 ἀγῶνα,
1195 5040 1288 5092 καὶ
1331 5040 1533 5094 σκοπὸν

98 5119 240 5164 maiae.

98 5119 244 5182 Ερείας.

63 5290 215 5386 'KEIb.
258 5301 342 5364 Μ’.
391 5323 470 5358 στ.
525 5313 595 5375 γ’.
662 5306 806 5374 Οὐχὶ
873 5306 972 5359 καὶ
1050 5307 1262 5360 τούτου
1340 5308 1531 5377 λόγον

56 5386 256 5452 εποιήσω,
283 5394 367 5446 καὶ
398 5397 611 5452 τοῦτον
641 5399 938 5466 ἐποίησας
970 5399 1268 5454 εἰσελθεῖν
1300 5399 1369 5452 ἑνν
1407 5401 1533 5468 κρί-

53 5486 145 5534 ματι
165 5477 377 5536 ἐνώπιόν
403 5504 517 5541 σου
532 5505 551 5551 ;

103 5564 315 5638 Διδύμου.
355 5579 500 5649 Τάχα
553 5582 606 5634 δὲ
653 5583 745 5635 καὶ
788 5582 888 5654 τὴν
930 5583 1058 5652 περὶ
1109 5583 1200 5636 τὸν
1250 5583 1533 5654 ἄνθρωπον

60 5658 241 5723 πκνοιαν
260 5667 471 5724 ἐνταῦθα
509 5673 811 5743 σαφηνίζει,
840 5673 938 5744 οὐχ
969 5674 1045 5737 ὼς
1088 5674 1312 5738 εἰκαίως
1345 5675 1438 5727 καὶ
1458 5675 1533 5738 ὠς

59 5744 245 5836 ἐτυχενὲν
267 5759 437 5833 τῷβίῳ
449 5765 607 5818 αὑτοῦ
634 5783 705 5818 πα
716 5765 1061 5836 ραμένοντος,
1079 5765 1190 5820 ἀλλ’
1217 5768 1278 5820 ὲκ
1302 5767 1531 5840 κρίσεως

1643 4589 1700 4633 ιιι
1733 4581 1938 4634 amicos
1978 4595 2166 4634 rursus
2197 4580 2522 4647 institueret,
2561 4598 2722 4651 quam
2758 4582 2828 4636 ob
2872 4595 3090 4635 causam
3121 4595 3217 4648 pa-

1634 4665 1848 4727 teretur
1877 4671 1980 4741 (ad
2016 4673 2231 4726 virtutis
2270 4674 2477 4729 scilicet
2517 4676 2837 4742 certamen),
2893 4673 3058 4727 verba
3104 4673 3219 4725 haec

1633 4764 1874 4836 protulit,
1912 4764 2065 4833 quasi
2101 4764 2242 4823 Deus
2273 4779 2434 4830 opera
2467 4763 2581 4831 ejus
2630 4763 2809 4818 omnia
2853 4763 3213 4823 observasset,

1634 4865 1689 4911 et.
1736 4857 2018 4926 diligenter
2065 4855 2447 4920 examinasset,
2493 4870 2556 4910 ac
2597 4853 2820 4925 proinde
2860 4853 3118 4907 aerumnis
3161 4863 3216 4904 et

1635 4947 1964 5000 cruciatibus
1988 4945 2136 4998 illum
2173 4943 2528 5011 confecisset;
2565 4953 2622 4997 ut
2670 4959 2736 4998 ex
2769 4944 2870 4996 hoc
2915 4940 3219 5012 intelligere

1634 5048 1876 5109 possent,
1907 5048 2173 5092 tantarum
2212 5037 2612 5092 tribulationum
2636 5033 3080 5106 magnitudinem,
3104 5048 3212 5088 non

1635 5140 1850 5200 prepter
1883 5139 2123 5200 peccata,
2155 5129 2248 5183 sed
2277 5129 2591 5182 certaminis
2613 5143 2793 5193 causa,
2816 5135 2872 5181 et
2899 5125 2969 5180 ad
2993 5124 3210 5180 fortitu-

1635 5223 1812 5286 dinem
1841 5220 2305 5284 maniiestaudam,
2336 5220 2409 5274 illi
2446 5218 2710 5274 evenisse.

1705 5311 1854 5365 CAP.
1896 5309 2037 5373 XIV,
2093 5325 2233 5364 vers.
2265 5310 2318 5364 5.
2364 5307 2620 5372 Nunquid
2652 5317 2698 5361 et
2749 5307 2908 5376 hujus
2962 5308 3218 5360 rationem

1637 5403 1827 5472 fecisti,
1859 5410 1908 5456 et
1938 5401 2074 5455 hunc
2101 5400 2274 5471 fecisti
2304 5401 2478 5454 venire
2510 5400 2563 5452 in
2601 5398 2858 5461 iudicium
2901 5415 3078 5452 coram
3127 5400 3214 5452 te?

1707 5582 1943 5652 Didymi.
1976 5581 2136 5635 Forte
2161 5581 2320 5635 etiam
2348 5580 2452 5636 hoc
2480 5580 2599 5637 loco
2639 5579 2876 5635 divinam
2921 5578 3214 5648 providens

1639 5676 1766 5729 tiam
1793 5691 1916 5744 erga
1952 5673 2221 5728 hominem
2252 5674 2592 5729 manifestam
2624 5672 2772 5738 facit,
2799 5685 2902 5726 non
2939 5672 3091 5740 quasi
3127 5680 3209 5723 tc-

1639 5782 1788 5824 mere
1815 5776 1868 5824 et
1905 5767 2122 5825 fortuito
2151 5769 2388 5848 longiore
2421 5768 2529 5823 vita
2572 5765 2797 5832 fruatur,
2821 5764 2914 5820 sed
2942 5762 3085 5839 quod
3111 5777 3206 5827 ac:
