3774 6310
495 243 630 301 1151

493 459 600 512 dat.
633 458 756 514 Haec
781 472 958 518 autem
983 466 1087 522 dici
1123 468 1464 541 intelligenda
1487 487 1635 539 sunt,
1669 493 1771 532 non
1806 489 2054 548 tanquam

492 548 659 604 fatum
705 553 995 611 dominium
1036 559 1199 614 ullum
1251 563 1509 630 obtineat,
1556 569 1648 622 sed
1687 573 1827 639 quod
1875 573 2056 629 divina

489 641 734 700 voluntas
763 648 1003 704 terminis
1025 661 1078 704 et
1105 655 1373 710 mensuris
1402 667 1592 712 cuncta
1626 660 1893 730 disponat.

559 735 712 790 CAP.
752 736 865 804 XV,
912 743 1128 796 vers.7.
1183 743 1323 809 Quid
1369 749 1548 804 enim?
1583 752 1814 806 nunauid
1859 755 2055 814 primus

492 837 642 884 homo
672 841 826 884 natus
853 833 944 886 es?
967 845 1072 888 etc.

558 920 792 990 Didymi.
832 923 964 978 Cum
1009 924 1298 997 Eliphazns
1337 927 1659 996 jndiciornm
1708 931 1798 987 Dei
1845 934 2056 987 inseru-

491 1013 806 1070 tabilitatem
837 1018 888 1070 in
930 1019 1159 1074 medium
1189 1021 1478 1087 attulisset,
1506 1026 1826 1078 existimans
1852 1041 1913 1079 se
1951 1027 2052 1081 hac

489 1107 694 1160 ratione
719 1105 920 1174 justum
971 1109 1347 1179 impulsurum,
1380 1119 1436 1166 ut
1477 1130 1580 1168 non
1627 1116 1787 1168 aliam
1823 1117 1892 1171 ob
1923 1133 2053 1172 can-

487 1211 623 1262 sam,
663 1213 819 1265 quam
859 1209 1076 1269 propter
1106 1212 1324 1271 peccata
1361 1203 1578 1273 (quibus
1624 1207 1736 1274 ipse
1786 1206 2053 1264 obnoxius

485 1286 654 1358 erat),
716 1291 939 1345 adversa
987 1307 1044 1345 se
1085 1296 1192 1362 pati
1236 1293 1639 1351 arbitraretur:
1694 1313 1864 1367 neque
1907 1301 2049 1354 enim

485 1379 602 1449 ipse
653 1383 1088 1437 constitutionem
1140 1385 1352 1440 Domini
1399 1388 1713 1456 audiverat,
1763 1403 1938 1460 neque
1983 1390 2048 1444 ad

483 1487 604 1525 eum
639 1471 852 1541 delapsa
885 1484 967 1527 est
994 1475 1281 1540 sapientia.
1316 1493 1419 1547 qua
1449 1479 1652 1549 justum
1685 1494 1903 1551 propter
1932 1497 2051 1550 pec-

484 1571 602 1614 cata
662 1564 883 1617 adversa
945 1565 1051 1634 pati
1121 1569 1622 1636 comprehenderet.
1678 1569 2047 1625 Verisimiliter

482 1661 658 1704 autem
685 1651 877 1707 Johum
907 1655 1118 1710 caeteris
1150 1657 1454 1712 hominibus
1485 1674 1666 1728 parem
1714 1659 1863 1724 facit,
1917 1662 2042 1730 quia

481 1743 689 1798 scilicet
753 1746 964 1800 virtutis
1001 1746 1118 1815 ejus
1165 1751 1585 1818 magnitudinem
1657 1751 1958 1821 ignoraret,
1998 1762 2051 1807 et
2079 1737 2126 1794 Β

481 1834 582 1890 hac
630 1837 838 1891 ratione
872 1837 1093 1906 iustitia:
1121 1841 1426 1896 ouinionem
1467 1858 1534 1896 ex
1569 1843 1748 1897 animo
1779 1845 1896 1898 eius
1932 1861 2051 1900 era-

481 1931 661 1985 dicare
694 1933 870 1986 vellet.

551 2021 699 2075 CAP.
732 2022 849 2085 XV,
893 2039 1035 2080 vers.
1074 2025 1156 2080 l5.
1186 2027 1326 2092 Quid
1365 2046 1550 2082 ausum
1601 2032 1700 2100 fuit
1735 2049 1826 2086 cor
1865 2037 2053 2090 tuum?

480 2123 572 2164 aut
599 2115 720 2181 quid
753 2115 1108 2168 sustinuerunt
1155 2118 1291 2170 oculi
1328 2121 1439 2174 tui?
1472 2121 1608 2190 quod
1662 2122 1889 2190 furorem
1933 2142 2053 2178 eru-

1724 267 1955 325 DIDYMI
1993 271 2462 338 ALEXANDRINI

490 364 656 419 bitrio
687 365 869 423 divmo
897 371 1184 429 terminum
1213 376 1284 431 ab
1309 390 1374 434 eo
1402 381 1721 449 praefinitum
1749 403 1852 442 non
1893 403 2050 444 exce-
2083 394 2130 451 A
2159 393 2296 449 Θεοῦ

3593 317 3737 370 H52

2329 399 2427 499 [ἴσ.
2477 406 2600 462 add.
2651 410 2751 484 μὴ]
2809 414 3228 488 ὑπερϐαίνοντος
3263 425 3356 479 τὸν
3393 433 3520 499 παρ’
3559 435 3732 487 αὑτοῦ

2155 495 2484 564 τεταγμένον
2528 501 2736 571 χρόνον.
2785 507 2969 563 Ταῦτα
3015 512 3072 565 δὲ
3125 517 3224 586 οὐχ
3269 519 3347 582 ὡς
3391 495 3734 596 εἱμαρμένης

2157 587 2464 678 κρατούσης
2488 593 2725 659 Λεκτέον,
2753 597 2870 650 ἀλλ’
2891 599 2966 664 ὡς
2990 603 3083 656 τοῦ
3111 605 3413 678 θελήματος

2169 672 2316 767 ὅροις
2354 678 2448 731 καὶ
2481 680 2698 753 μέτροις
2728 686 2934 742 ἕκαστα
2959 672 3372 767 διαταξαμένου.

2222 766 2374 823 ΚΕΦ.
2400 771 2499 835 IE',
2530 791 2611 828 στ.
2638 776 2704 841 ξι.
2745 781 2806 833 Τί
2836 782 2978 853 γάρ;
3005 787 3092 856 μὴ
3129 766 3360 859 πρῶτος
3401 794 3726 864 ἀνθράαω

2153 857 2516 930 ἐγεννήθηςῐ
2553 884 2607 920 κ.
2631 886 2682 922 τ.
2711 871 2760 924 λ.

2223 947 2499 1043 Διδύμου.
2535 955 2976 1032 Προϐαλλόμενος
3006 967 3184 1023 τοίνυν
3208 973 3237 1024 ὁ
3271 973 3498 1043 Ἐλιτὰζ
3531 979 3600 1031 τὸ
3627 982 3724 1033 τῶν

2154 1041 2437 1141 χριμάτων
2473 1045 2909 1122 ἀνεξερεύνητον,
2949 1059 3013 1110 ἐκ
3043 1060 3234 1116 τούτου
3270 1041 3442 1121 οἴεται
3475 1073 3725 1141 περιτρέ-

2155 1146 2277 1232 πειν
2302 1132 2394 1186 τὸν
2435 1135 2641 1192 δίκαιον
2686 1145 2764 1205 είς
2793 1145 2854 1198 τὸ
2887 1145 3114 1215 οἴεσθαι,
3149 1154 3230 1207 ὃτι
3265 1155 3340 1227 μὴ
3381 1159 3449 1210 δι’
3479 1132 3720 1232 ἑτερο-λῇ

2151 1219 2217 1322 δι’
2261 1223 2536 1322 ἀμαρτίας
2584 1231 2823 1322 πάσχει,
2875 1239 3049 1310 τούτῳ
3101 1241 3198 1314 [ῑσ.
3243 1219 3512 1322 ¹ταύταις]

2152 1313 2488 1412 ἐνεχόμενοςί
2528 1321 2662 1412 ρύδέ
2717 1325 2826 1397 γὰρ
2881 1330 3043 1394 αὐτὸς
3100 1313 3373 1408 συνταγὴν
3415 1313 3620 1411 Κυρίου

2151 1402 2421 1500 ἀκηκοωῌς,
2518 1409 2852 1486 ἀφικομένην
2885 1415 2996 1488 εἶχε
3027 1423 3161 1492 πρὸς
3186 1402 3346 1480 αύτδν
3374 1429 3475 1499 τὴν
3503 1402 3717 1500 σοφίαν,

2151 1493 2238 1590 ἵνα
2277 1495 2528 1568 διάληψιν
2576 1501 2674 1576 ἔχῃ
2724 1508 2851 1577 περὶ
2889 1510 2982 1563 τοῦ
3017 1513 3203 1581 ἀγίου,
3245 1517 3322 1581 ὡς
3352 1493 3719 1590 δι’-ἁμαρτὰς

2153 1587 2472 1657 πάσχοντος.
2514 1591 2816 1650 Κοινοποιεί
2856 1601 2912 1654 δὲ
2962 1606 3122 1659 αὐτὸν
3171 1612 3282 1672 τοῖς
3313 1612 3486 1665 πᾶσιν
3522 1615 3716 1683 ἀνθρώ-

2153 1693 2274 1739 ποις
2316 1679 2576 1746 είκάτως,
2628 1685 2723 1738 ἅτε
2777 1689 2985 1756 ἀγνοῶν
3031 1696 3192 1749 αὐτοῦ
3245 1700 3305 1752 τὸ
3355 1702 3596 1771 μέγεθος
3625 1679 3719 1774 *τῆς

2153 1769 2377 1840 ἀρετῆς.
2408 1775 2473 1826 ἐκ
2502 1774 2692 1829 τούτου
2727 1780 3049 1852 ἀνατρέπων
3092 1787 3251 1857 δῆθεν
3283 1769 3366 1842 tbi
3386 1793 3600 1847 οἴεσθαι

2150 1861 2241 1913 τὸν
2267 1862 2493 1921 δίκαιον.

2223 2019 2379 2076 ΚΕΦ.
2410 2021 2510 2086 lE',
2545 2043 2626 2078 στ.
2661 2034 2748 2096 ιγ’.
2782 2028 2848 2082 Τί
2882 2029 3219 2100 ἐτόλμησεν
3251 2036 3289 2102 ἡ
3319 2036 3545 2104 καρδία
3581 2053 3710 2101 σου,

2152 2111 2190 2178 ἢ
2227 2113 2284 2165 τι
2318 2115 2660 2187 ἐπήνεγκαν
2685 2123 2739 2174 ol
2781 2124 3076 2194 ὀφθαλμοί
3106 2144 3262 2190 σου;
3296 2128 3387 2180 ὅτι
3421 2131 3612 2199 θυμὸν
3634 2133 3709 2198 Egi.

478 2206 602 2275 pisti
655 2215 777 2260 ante
823 2207 1123 2273 Dominum,
1157 2211 1421 2279 protulisti
1467 2227 1638 2267 autem
1679 2232 1743 2269 ex
1773 2233 1860 2270 ore
1900 2220 2041 2271 verba

2171 2203 2338 2270 ἱηξας
2372 2208 2575 2261 ἔναντι
2608 2213 2848 2282 Κυρίου,
2891 2215 3176 2289 ἐξήγαγες
3212 2218 3282 2272 δὲ
3317 2222 3391 2273 ἐκ
3434 2224 3711 2291 στόματες

480 2298 628 2352 talia.

554 2388 782 2463 Didymi.
817 2392 1094 2462 Loquendi
1137 2397 1280 2450 enim
1323 2397 1643 2463 libertatem,
1685 2417 1801 2470 qua:
1829 2419 1854 2454 a
1900 2406 2046 2472 pnri-

480 2493 590 2540 tate
624 2495 678 2538 et
718 2485 1028 2556 integritate
1067 2503 1276 2544 summa
1324 2493 1788 2560 proficiscebatur,
1835 2496 2050 2550 iracun-

479 2575 622 2630 diam
662 2575 735 2630 illi
770 2578 1164 2646 opinabantur;
1206 2581 1346 2648 quod
1393 2581 1499 2635 illis
1543 2583 1757 2651 quidem
1799 2598 2053 2642 evenerat

475 2680 543 2720 ex
583 2667 719 2736 putri
744 2677 798 2720 et
821 2669 1039 2722 rancido
1061 2667 1429 2735 fundamento,
1459 2673 1596 2740 quod
1625 2673 1755 2740 ipsis
1806 2677 2049 2728 SllllSll‘ll-

476 2767 686 2822 xerant,
724 2758 1038 2814 laudabilem
1080 2759 1328 2830 loquendi
1366 2762 1633 2827 ﬁduciam,
1667 2763 2050 2834 blasphemiam

475 2861 594 2900 esse
619 2847 1009 2902 exiStimantes.
1041 2847 1246 2903 Idcirco
1274 2851 1368 2914 ait,
1401 2850 1557 2905 Unde
1590 2862 1791 2905 tantam
1825 2854 1915 2908 tibi
1957 2871 2054 2908 au-

477 2937 685 2990 daciatn
718 2939 1014 3008 sumpsisti,
1045 2949 1102 2992 ut
1127 2950 1312 2994 contra
1354 2943 1519 2995 Deum
1547 2943 1728 2996 oculos
1767 2943 2046 3011 levaveris,

477 3041 531 3084 et
561 3032 714 3099 quasi
748 3033 824 3085 ira
862 3047 1141 3096 accensus,
1173 3033 1293 3086 talia
1319 3036 1477 3087 verba
1514 3035 1838 3104 protuleris?

553 3121 716 3178 Vens.
743 3123 830 3178 Μ.
860 3123 990 3189 Quis
1015 3126 1151 3178 enim
1182 3141 1298 3178 cum
1330 3125 1481 3178 homo
1508 3127 1596 3188 sit,
1635 3129 1760 3195 quia
1805 3130 1902 3182 erit
1937 3131 2048 3185 sine

477 3213 732 3268 crimine?
763 3223 852 3266 aut
889 3224 1138 3284 tanquam
1186 3215 1400 3283 futurus
1426 3216 1607 3285 justus
1641 3225 1794 3271 natus
1827 3220 1891 3272 de
1927 3237 2047 3273 mu-

477 3303 600 3356 liere
617 3305 640 3356 7

547 3395 778 3466 Didymi.
811 3395 1092 3468 Proprium
1129 3408 1209 3454 est
1255 3415 1440 3455 eorum
1473 3401 1566 3472 qui
1614 3401 1812 3460 virtute
1843 3414 2045 3470 carent.

477 3487 618 3542 illius
642 3490 1048 3558 acquisitionem
1076 3491 1342 3546 diﬂicilem
1372 3509 1490 3549 esse
1530 3497 1859 3558 existimare,
1888 3507 2048 3566 atque

477 3581 551 3635 ita
587 3582 766 3637 animo
803 3582 960 3646 allici,
997 3599 1060 3638 ac
1115 3585 1158 3638 si
1217 3601 1372 3640 nemo
1393 3603 1510 3641 eam
1552 3590 1876 3658 possideret;
1909 3592 2049 3646 sicut

476 3688 714 3743 prtesens
755 3675 1043 3740 Eliphazns
1091 3677 1242 3741 dicit,
1276 3681 1518 3747 corporis
1565 3681 1927 3737 imbecillitate
1969 3686 2049 3752 (nt

477 3767 768 3821 verisimile
797 3768 897 3838 est)
932 3770 983 3822 in
1027 3783 1266 3823 errorem
1305 3773 1570 3825 inductus.
1606 3773 1734 3839 Quis
1768 3774 1933 3839 enim,
1970 3777 2052 3829 in-

475 3860 611 3928 quit,
661 3875 780 3914 cum
824 3862 984 3916 homo
1031 3862 1117 3930 sit,
1161 3864 1648 3932 irreprehensibilis
1687 3881 1805 3920 esse
1847 3876 2047 3936 potest,

477 3957 569 4002 aut
612 3947 816 4015 justum
865 3965 924 4005 se
955 3950 1066 4006 lore
1099 3951 1362 4020 polliceri,
1398 3964 1556 4022 prout
1581 3963 1633 4008 tu
1662 3955 1886 4023 teipsnm
1929 3972 2050 4011 esse

475 4040 790 4094 existimas?

557 4131 714 4184 Vens.
749 4133 835 4185 17.
877 4131 1215 4187 Annuntiabo
1251 4145 1422 4188 autem
1471 4137 1586 4200 tibi,
1613 4139 1740 4191 audi
1761 4155 1840 4192 me
1870 4155 1889 4193 :
1932 4155 2049 4210 qua:

479 4223 652 4289 utique
677 4223 802 4283 vidi,
853 4224 1174 4277 annuntiabo
1196 4224 1309 4288 tibi,
1348 4244 1461 4296 quia
1488 4231 1742 4294 sapientes
1762 4270 1776 4294 ,
1801 4241 1903 4286 etc.

550 4313 780 4382 Didymi.
810 4312 904 4368 Vel
937 4313 1185 4378 fortasse,
1233 4319 1377 4370 nttllo
1410 4319 1572 4372 animi
1608 4323 1880 4390 proposito
1924 4337 2046 4378 cum

2144 2297 2382 2366 ῥήματα
2411 2303 2656 2358 τοιαῦτα

2222 2389 2496 2460 Διδύμου.
2533 2394 2712 2464 Θυμὸν
2741 2397 2850 2468 γάρ
2881 2399 3108 2470 ἡγοῦντο
3139 2420 3238 2474 την
3268 2421 3332 2458 εκ
3357 2419 3709 2480 καθαροτηττις

2151 2481 2593 2557 ὑπερϐαλλούσης
2626 2491 2968 2561 παρρησίαν·
3004 2495 3138 2566 ὅπερ
3183 2493 3372 2563 αὐτοῖς
3420 2503 3707 2554 συνειΰαενεν

2151 2576 2214 2626 ἐκ
2240 2576 2338 2644 τῆς
2375 2577 2582 2650 σαθρᾶς
2613 2581 2788 2636 αὐτῶν
2820 2585 3012 2656 ἀρχῆς,
3052 2584 3119 2660 ἧς
3157 2590 3310 2642 αὐτοὶ
3355 2594 3571 2656 ἑαυτοῖς
3625 2597 3705 2646 ὑπ-

2153 2665 2336 2720 έθεντο
2362 2709 2378 2733 ,
2419 2669 2766 2744 βλασφημίαν
2799 2677 3086 2748 ἡγούμενοι
3118 2682 3216 2751 τὴν
3250 2681 3480 2751 εὔλογον
3505 2686 3604 2738 τῶν
3637 2687 3704 2737 1:3-

2153 2775 2264 2826 γων
2313 2759 2642 2834 ἐλευθερίαν.
2676 2768 2765 2820 Διό
2809 2787 2968 2840 φησι,
3006 2772 3068 2824 Τί
3118 2774 3372 2828 τοσοῦτον
3426 2778 3698 2849 ἐθρασύνω,

2153 2851 2234 2903 ὅτι
2266 2853 2359 2905 καὶ
2392 2854 2726 2928 ἀντέὸλεψας
2774 2859 2911 2930 Θεῷ,
2951 2863 3044 2914 καὶ
3093 2863 3167 2927 ὡς
3224 2866 3552 2934 ἀγανακτῶν

2152 2943 2318 2996 αὑτοῦ
2346 2947 2568 3000 τοιαῦτα
2596 2949 2842 3020 ἐφθέγξω
2871 2954 3122 3024 ρήματα;

2223 3124 2310 3176 Στ.
2342 3125 2422 3179 ιδ’.
2470 3129 2566 3194 Τίς
2611 3130 2720 3199 γὰρ
2763 3129 2848 3184 ὢν
2890 3132 3132 3201 βροτὸς,
3182 3135 3271 3190 ὅτι
3328 3138 3506 3193 ἔσται
3544 3141 3693 3210 ἄμεμ-

2150 3231 2330 3282 πτος;
2366 3217 2404 3286 ἢ
2457 3218 2536 3284 ὡς
2571 3221 2859 3291 ἐσόμενος
2905 3224 3132 3292 δίκαιος
3177 3229 3472 3297 γεννητὸς
3523 3248 3695 3300 γυναι-

2150 3306 2289 3373 κός;

2219 3392 2496 3464 Διδύμου.
2537 3398 2696 3452 ’ῐδιον
2729 3399 2785 3452 δέ
2824 3399 2930 3454 τῶν
2974 3402 3051 3474 μὴ
3105 3403 3337 3474 ἐχόντων
3391 3407 3603 3479 ἀρετὴν,
3645 3408 3692 3459 τὸ

2147 3484 2380 3558 δυσχερῆ
2415 3487 2724 3556 λογίζεσθαι
2771 3492 2871 3564 τὴν
2903 3495 3107 3565 ταύτης
3153 3497 3446 3569 ἀνάληψιν,
3481 3502 3566 3552 καὶ
3596 3500 3688 3552 δια-

2149 3578 2394 3640 κεῖσθαι,
2443 3579 2517 3643 ὡς
2568 3583 2792 3654 μηδενὸς
2843 3585 3010 3658 αὐτὴν
3062 3587 3308 3658 ἔχοντος’
3357 3591 3503 3644 καθά
3548 3593 3628 3643 καὶ
3668 3592 3692 3642 ὁ

2153 3671 2514 3742 προκείμενος
2559 3674 2725 3743 λέγει,
2761 3677 3126 3748 σφαλλόμενος
3155 3680 3242 3733 διὰ
3269 3681 3370 3753 τὴν
3400 3683 3495 3736 τοῦ
3537 3683 3689 3752 σῶμα·

2147 3777 2257 3824 τος,
2286 3761 2361 3825 ὼς
2398 3765 2564 3828 εἰκὸς,
2606 3767 2904 3831 ἀσθένειαν.
2935 3769 3029 3833 Τίς
3065 3771 3191 3842 γάρ,
3222 3774 3411 3844 φησὶν,
3443 3773 3687 3845 avem;

2148 3851 2244 3913 ὢν,
2285 3852 2506 3909 δύναται
2539 3857 2825 3928 ἄμεμπτος
2856 3855 3015 3926 εἶναι,
3054 3862 3085 3933 ἢ
3137 3865 3591 3933 ἐπαγγέλλεσθαι,
3621 3867 3683 3917 ὅτι

2149 3942 2366 4009 Δίκαιος
2393 3944 2606 4017 ἔσομαι,
2637 3949 2712 4013 ὡς
2735 3952 2799 4004 σὺ
2831 3952 3024 4005 σαυτὸν
3055 3953 3328 4022 vanitiem;

2219 4150 2308 4203 Στ.
2346 4150 2431 4216 ιζ’.
2481 4153 2804 4224 Ἄναγγελῶ
2856 4156 2922 4210 δέ
2979 4173 3108 4223 σοι,
3148 4158 3331 4214 ἄκουέ
3375 4180 3519 4231 μου·
3551 4162 3585 4216 d
3621 4162 3680 4227 δὴ

2149 4238 2374 4308 ἑώρακα
2401 4243 2708 4312 ἀναγγελὼ
2737 4263 2858 4306 σοι,
2887 4245 2925 4301 d
2962 4248 3157 4316 σοφοὶ,
3197 4267 3251 4304 κ.
3278 4268 3329 4304 τ.
3357 4253 3406 4306 λ.

2218 4331 2495 4402 Διδύμου.
2533 4336 2599 4389 Ἢ
2632 4338 2770 4407 τάχα
2807 4339 2867 4390 οὐ
2915 4340 3166 4419 προθέσει
3216 4342 3530 4414 ἁλαζονικῇ,
3570 4343 3678 4397 ἀλλὰ

479 4405 622 4459 fasm
679 4414 732 4459 et
785 4409 1086 4474 arrogantia
1146 4408 1454 4477 conjuncto,
1506 4412 1599 4465 sed
1646 4414 1770 4481 quia
1816 4417 2041 4483 peccatis

2171 4423 2229 4492 τῷ
2261 4426 2500 4495 νομίζειν
2525 4405 2776 4482 αὐτὺνήέν
2809 4405 3100 4502 ἁμαρτίαις
3133 4429 3290 4500 εἶναι,
3320 4405 3413 4490 καὶ
3553 4436 3676 4488 τοῦτο

481 4513 603 4552 eum
635 4499 965 4568 implicatum
996 4501 1376 4557 adhortatione
1410 4519 1504 4558 sna
1546 4505 1784 4574 indigere
1810 4509 2043 4564 arbitra-

479 4601 649 4646 retnr.
677 4589 742 4646 Et
771 4592 857 4647 hic
882 4593 1096 4663 quidem
1132 4595 1345 4649 videtur
1372 4594 1523 4666 (licet
1572 4614 1908 4670 nequaquam
1949 4618 2046 4658 no-

479 4683 597 4738 titia
631 4683 830 4748 divina,
875 4685 966 4739 sed
1002 4685 1357 4742 admiratione
1408 4703 1588 4742 eorum
1633 4691 1724 4759 qui
1764 4694 2045 4760 prudentia

476 4772 864 4844 excelluerunt)
907 4774 1050 4830 dicto
1106 4776 1178 4829 illi
1232 4776 1410 4832 simile
1460 4779 1659 4849 aliquid
1725 4785 2043 4852 protulisse:

480 4863 724 4919 Hominis
751 4866 922 4935 ﬁdelis
947 4875 1286 4922 suntcunctaz
1325 4868 1463 4923 orbis
1487 4882 1742 4926 terrarum
1790 4892 1926 4944 opes,
1963 4878 2047 4930 in-

479 4957 647 5021 ﬁdelis
676 4974 791 5012 vero
826 4975 888 5012 ne
921 4959 1101 5013 obolus
1133 4961 1364 5028 quidem.
1403 4961 1636 5018 Inﬁdelis
1664 4966 1827 5029 enim,
1852 4981 2047 5034 quam-

476 5047 557 5100 vis
589 5047 765 5118 largas
821 5051 1187 5118 possessiones
1237 5052 1452 5116 habeat,
1510 5054 1816 5110 divitiarum
1867 5067 2042 5112 tamen

478 5148 582 5188 non
612 5137 858 5191 dominus
895 5147 996 5204 est,
1033 5140 1123 5193 sed
1168 5155 1384 5208 servus;
1425 5142 1739 5198 lllannnome
1785 5147 1925 5200 enim
1962 5147 2047 5200 in-

477 5225 661 5278 servit.
709 5226 965 5292 Quisnam
1004 5240 1180 5284 autem
1230 5242 1384 5286 vetns
1421 5233 1491 5287 sit
1521 5248 1720 5303 sermo,
1769 5251 1926 5306 quem
1976 5239 2044 5293 ab

478 5313 712 5382 antiquis
745 5315 992 5371 didicisse
1021 5333 1080 5372 se
1109 5320 1410 5387 profitetur,
1440 5323 1733 5392 subjtmgit.

553 5427 715 5484 Vens.
747 5428 837 5483 28.
869 5429 1083 5488 Habitat
1116 5443 1290 5489 autem
1321 5438 1552 5492 civitates
1593 5439 1846 5506 desertas,
1878 5451 1930 5495 et
1960 5442 2043 5495 in-

477 5520 745 5589 grediatur
783 5523 837 5575 in
883 5523 1066 5578 domos
1115 5543 1217 5580 non
1249 5526 1515 5582 habitatas
1556 5543 1720 5583 :auce
1758 5539 1931 5584 autem
1966 5531 2044 5586 illi

477 5624 812 5682 paraverunt,
851 5616 945 5670 alii
982 5618 1243 5686 auferent.

549 5702 782 5774 Didymi.
809 5705 1084 5768 Summam
1133 5709 1420 5780 impiorum
1478 5715 1818 5772 solitudinem
1848 5717 2041 5783 innuit,

2152 4516 2358 4572 δεῖσθαι
2401 4519 2498 4589 τῆς
2535 4519 2661 4591 παρ’
2682 4522 2851 4576 αὐτοῦ
2885 4525 3273 4594 παραινέσεως.
3320 4529 3430 4580 Καὶ
3459 4529 3588 4580 ἔοικέ
3626 4543 3672 4592 τε

2152 4604 2337 4674 οὗτος,
2385 4612 2434 4664 εἰ
2478 4611 2573 4664 καὶ
2625 4612 2700 4684 μὴ
2748 4615 2868 4667 κατ’
2913 4616 3205 4683 ἐπίγνωσιν
3262 4617 3432 4682 θείαν,
3469 4619 3586 4672 ἀλλὰ
3614 4614 3675 4682 τῷ

2154 4697 2454 4769 θαυμάζειν
2498 4705 2622 4765 τοὺς
2653 4703 2865 4756 συνέσει
2910 4704 3363 4775 ὑπερϐάλλοντας,
3406 4708 3572 4776 ὅμοιον
3604 4703 3670 4752 λέν

2151 4789 2361 4860 γειντῷ
2391 4791 2652 4858 φάσκοντι
2669 4793 2846 4863 ῥητῷ·
2881 4793 2987 4848 Τοῦ
3013 4797 3232 4849 πιστοῦ
3263 4797 3406 4863 ὅλος
3430 4801 3462 4851 o'
3484 4797 3669 4863 κόσμος

2151 4879 2270 4934 τῶν
2299 4881 2634 4952 χρημάτων,
2664 4884 2767 4937 τοῦ
2795 4885 2863 4937 δὲ
2891 4886 3150 4940 ἀπίστου
3181 4887 3304 4940 οὐδ’
3341 4890 3552 4952 ὀϐολός.
3577 4884 3666 4938 Κᾶν

2151 4971 2260 5043 γάρ
2314 4972 2674 5043 πολυκτήμων
2726 4977 2941 5048 ὑπάρχῃ
2975 4981 3002 5030 ὁ
3034 4977 3278 5042 ἄπιστος,
3325 4980 3384 5032 οὐ
3426 4979 3663 5042 δεσπότης.

2151 5063 2286 5119 ἀλλὰ
2317 5065 2499 5128 δοῦλός
2535 5069 2653 5120 ἐστι
2676 5067 2782 5120 τῶν
2820 5071 3111 5140 χρημάτων
3131 5087 3143 5100 ·
3174 5071 3252 5139 τῷ
3285 5072 3390 5141 γὰρ
3420 5066 3663 5138 Μαμμανᾷ

2150 5155 2409 5208 δουλεύει.
2439 5157 2534 5220 Τίς
2567 5157 2624 5209 δὲ
2662 5158 2690 5209 ὁ
2724 5159 2948 5223 παλαιὸς
2993 5160 3166 5228 λόγος,
3203 5161 3263 5214 ὃν
3295 5162 3438 5232 παρά
3472 5160 3566 5211 τῶν
3587 5158 3662 5226 ἀρα

2149 5249 2320 5318 χαίων
2345 5248 2476 5318 φησὶ
2505 5249 2899 5320 μεμαθηκέναι,
2928 5251 3142 5320 ἐπάγει.

2223 5445 2312 5499 Στ.
2341 5443 2448 5516 κη’.
2475 5447 2803 5515 Αὐλισθείη
2831 5446 2898 5500 δὲ
2920 5448 3126 5515 πόλεις
3153 5450 3422 5519 ἐρήμους,
3443 5447 3655 5502 εἰσέλθω

2151 5535 2220 5588 δὲ
2241 5537 2328 5601 εις
2361 5535 2566 5600 οἴκους
2590 5535 2932 5603 ἀοικήτους·
2957 5535 2997 5591 ἂ
3020 5537 3088 5590 δὲ
3115 5538 3329 5592 ἐκεῖνοι
3357 5539 3654 5606 ἡτοίμασαν-

2084 5621 2092 5632 ’
2153 5625 2331 5680 ἄλλοι
2359 5627 2741 5682 ἁποίσονται.

2224 5718 2497 5787 Διδύμου.
2532 5718 2642 5788 Τὴν
2692 5718 2920 5789 παντελῆ
2964 5719 3196 5791 ἐρημίαν
3240 5721 3345 5774 τῶν
3378 5715 3562 5774 ἀσεϐὠν
3589 5707 3652 5762 λιι
