3750 6358
88 432 186 492 uss
1249 419 1674 476 FRAGMENTA
1712 419 1778 474 lN
1813 419 1954 476 JOB.
3102 420 3241 476 “54

82 572 166 622 γει,
201 547 262 610 ὡς
297 541 400 598 ἀντὶ
430 539 628 593 πόλεων
673 539 1080 611 εὐθυνουμένων
1123 538 1237 611 [γρ.
1271 539 1563 611 εὐθυνομέ-

1798 554 1896 607 pro
1942 539 2166 594 urbibus
2216 541 2482 610 opulentis
2519 550 2576 597 et
2615 542 2881 606 domibus,
2929 547 3240 610 paupertate

82 643 173 713 νων]
204 639 280 693 καὶ
311 636 474 695 οἴκων,
507 632 740 704 ἐρημίαν
775 633 972 696 αὐτοὺς
1003 635 1170 687 οἰκεῖν
1201 634 1305 687 ὑπὸ
1346 633 1558 697 πενίας,

1758 633 1846 685 icti
1895 630 2010 686 loca
2049 631 2261 686 deserta
2315 632 2570 688 incolent.
2606 632 2704 686 Vir
2749 632 2891 686 enim
2937 631 3239 701 hujusmodi

88 737 128 787 '0
157 727 349 790 τοιοῦτος
373 724 494 796 γὰρ,
540 723 692 794 φησὶ,
737 723 844 776 τῶν
885 724 1100 778 οἰκείων
1151 723 1418 789 ἐκπεσὼν,
1467 725 1563 778 καὶ

1755 737 1790 773 ἠ
1817 721 2046 778 fortunis
2083 722 2196 776 suis
2239 723 2520 788 exciderit,
2561 733 2616 778 et
2644 731 2906 793 potestate
2941 725 3083 775 onmi
3132 738 3236 791 qua

82 827 213 892 πάσης
237 820 319 887 τῆς
353 814 646 886 προσούσης
678 816 1018 880 δυναστείας,
1057 816 1158 880 τὰς
1200 817 1441 887 ἐρήμους
1470 833 1563 869 κα-

1756 807 1933 861 editus
1971 817 2076 871 est,
2103 809 2362 877 spoliatus
2393 811 2573 876 fuerit,
2606 811 2924 866 solitudines
2945 826 3237 880 perseque-

81 911 290 975 ταδιώξει’
320 907 426 970 ἔθος
456 906 510 958 δὲ
539 909 651 970 τοῖς
693 906 974 976 φεύγουσι,
1011 909 1137 971 τοὺς
1165 909 1426 978 τυχόντας
1455 907 1562 960 τῶν

1781 916 1794 952 :
1826 913 1942 953 mos
1973 899 2170 970 quippe
2194 902 2534 972 fugitivorum
2575 912 2677 967 est,
2705 903 2818 956 loca
2853 903 3053 971 quasvis
3085 904 3240 958 obvia

81 1009 211 1061 τόπων
246 999 362 1071 πρὸς
393 999 656 1068 σωτηρίαν
706 999 1164 1070 καταλαμϐάνειν,
1207 1001 1265 1052 ὲν
1310 994 1392 1062 οἷς
1421 999 1562 1066 γινό-

1762 991 1860 1045 utis
1895 1005 2056 1046 causa
2091 1003 2327 1061 captare,
2373 1005 2432 1051 ut
2463 994 2758 1063 periculum
2800 995 2940 1062 quod
2983 994 3114 1063 ipsis
3148 995 3243 1048 im-

82 1114 192 1170 μενυι
223 1094 298 1146 τὸν
337 1092 388 1144 ἐν
431 1089 554 1142 ποσὶ
595 1089 939 1158 διαφεύγοιεν
971 1091 1232 1144 κίνδυνον.
1285 1089 1494 1144 Οὐκοῦν
1539 1090 1563 1144 ὁ

1752 1091 1859 1147 uct,
1894 1084 2166 1155 effugiant.
2194 1085 2318 1142 Haec
2343 1088 2504 1156 igitur
2527 1086 2673 1154 impii
2708 1087 2948 1140 conditio
2979 1087 3118 1152 erit;
3146 1102 3233 1139 ar-

81 1188 228 1258 ἀσεὸὴς
270 1184 401 1238 ἔσται
437 1185 496 1235 ἐν
524 1183 753 1248 τούτοις,
791 1183 892 1252 τῆς
939 1183 1004 1237 ὲκ
1035 1182 1128 1236 τοῦ
1172 1182 1401 1237 πλούτου
1439 1181 1562 1235 ἀλα-

1754 1175 1915 1242 ;antia
1951 1173 2066 1242 ejus
2104 1192 2169 1230 ex
2205 1177 2407 1233 divitiis
2450 1187 2590 1241 orta,
2631 1177 2801 1232 felicis
2851 1191 3028 1231 rerum
3062 1186 3235 1232 status

79 1279 236 1344 ζονείας
269 1274 407 1338 ἀξίαν
432 1272 528 1343 τὴν
573 1271 726 1343 δίκην
767 1272 950 1335 διδοὺς
992 1273 1094 1342 τῆς
1129 1270 1436 1343 προσούσης
1478 1270 1560 1322 εύ-

1756 1265 1968 1320 Itatioue
2005 1270 2197 1322 merito
2239 1270 2696 1338 compensabitur,
2737 1278 2791 1322 et
2844 1284 2960 1337 quae
3007 1269 3077 1322 illi
3118 1284 3237 1322 cum

81 1372 188 1436 εξῐας
235 1367 317 1437 τὴν
369 1363 677 1435 μεταὸολὴν,
735 1363 830 1416 καὶ
885 1363 955 1415 τὰ
1007 1364 1103 1415 σὺν
1157 1362 1336 1432 πολλῷ
1383 1361 1440 1413 δὲ
1495 1359 1562 1430 τῷ

1763 1372 1868 1425 gno
1897 1359 2078 1413 labore
2105 1369 2254 1430 parta
2283 1369 2429 1423 sunt,
2463 1363 2526 1414 ad
2561 1361 2870 1430 peregrinos
2902 1360 3237 1414 transferen-

80 1463 185 1530 πόνῳ
233 1457 563 1526 συλλεγέντα,
619 1457 699 1518 είς
767 1454 1083 1525 ἀλλοτρίους
1151 1455 1561 1525 μεταστήσεται.

1764 1482 1778 1497 .
1826 1445 2025 1501 Deinde
2067 1450 2394 1503 ostendendo
2429 1452 2570 1518 quod
2615 1465 2718 1502 non
2778 1459 2983 1502 tantum
3030 1449 3243 1504 divitias

80 1552 174 1606 Εἶτα
223 1550 352 1614 αὔξει
404 1548 500 1617 τὴν
553 1547 690 1600 κατά
735 1546 830 1599 τοῦ
889 1546 1118 1609 ἀσεϐοῦς
1178 1547 1467 1616 τιμωρίαν,
1509 1547 1561 1598 οἰ

1756 1537 1894 1592 nime
1943 1541 2256 1602 cumulahit,
2300 1542 2391 1595 sed
2433 1540 2746 1594 atlirmando
2785 1542 2944 1594 etiam
2974 1541 3111 1608 quod
3144 1542 3237 1593 bo-

82 1646 198 1714 μόνον
238 1643 303 1713 μὴ
332 1640 572 1692 πλουτεῖν
618 1637 778 1690 αὐτὸν
816 1639 1272 1708 ἀποφαινόμενος,
1307 1638 1440 1691 ἀλλά
1478 1639 1563 1691 καὶ

1755 1659 1758 1676 .
1785 1627 1849 1680 iis
1881 1644 2000 1696 qua:
2029 1630 2265 1698 possidet
2289 1630 2519 1695 excidet,
2555 1630 2704 1698 impii
2735 1642 2948 1698 poenam
2975 1630 3236 1700 adauget;

83 1737 157 1788 τῶν
181 1732 491 1803 ὑπαρχόντων
517 1730 802 1784 ἐκπίπτειν
828 1729 1298 1801 διαδεδαιούμενος
1322 1747 1334 1760 ’
1378 1731 1573 1798 ἐπάγει
1676 1716 1821 1770 add“
1840 1717 2015 1772 enim:

80 1843 156 1879 γαο
169 1843 179 1854 ⁹

87 1861 378 1982 “bl-11¢,
406 1930 486 1968 στ.
504 1913 568 1977 ζ’.
600 1910 734 1965 Ἐὰν
755 1911 863 1982 γὰρ
885 1912 1156 1978 λαλήσω,
1193 1915 1302 1967 οὐκ
1321 1913 1568 1982 ἀλγήσω

1760 1894 1902 1951 CAP.
1942 1895 2080 1960 XVI,
2112 1911 2252 1952 vers.
2285 1897 2334 1951 7.
2365 1897 2423 1952 Si
2470 1901 2604 1952 enim
2659 1901 2864 1970 loquar,
2914 1919 3015 1954 non
3059 1901 3241 1956 dolebo

81 2008 128 2061 τὸ
156 2007 375 2074 Ipsi-pa;
424 2003 558 2056 Ἐὰν
593 2002 662 2055 δὲ
714 2002 809 2055 καὶ
856 2003 1162 2070 σιωπήσω,
1215 2003 1271 2056 τι
1329 2004 1562 2058 ἔλαττον

1764 1991 1906 2045 'nus?
1955 1991 2104 2057 Quod
2165 2003 2212 2046 et
2256 1995 2302 2047 si
2347 1995 2552 2060 tacebo,
2606 1997 2730 2065 quid
2779 1999 2950 2050 mimts
3000 1997 3245 2050 vulnera-

83 2096 418 2166 mwﬂtio‘oyat;
1682 2083 1772 2135 bar
1789 2084 1813 2134 9

131 2187 358 2256 Διδύμου.
388 2185 542 2255 Τάχα
569 2184 663 2237 καὶ
692 2183 787 2255 τὴν
816 2184 1044 2253 γνησίαν
1083 2181 1247 2234 αὑτοῦ
1287 2183 1414 2251 περὶ
1455 2185 1580 2246 τοὺς

1766 2173 1983 2242 Didymi.
2040 2173 2292 2228 Fortasse
2355 2174 2517 2228 etiam
2585 2177 2850 2231 sincerum
2927 2179 3088 2232 animi
3165 2181 3247 2233 sui

80 2280 216 2348 φῦιους
246 2278 467 2331 διάθεσιν
502 2275 870 2340 ἐπιδείξασθαι
909 2275 1081 2328 Θέλει·
1116 2274 1197 2326 ὅτι
1235 2275 1387 2344 Ἐμοὶ
1430 2274 1556 2344 μέλε

1765 2276 1930 2320 sctum
1963 2281 2090 2335 erga
2133 2268 2332 2320 amicos
2365 2269 2648 2323 ostendere
2681 2271 2791 2322 vult
2819 2287 2832 2322 :
2869 2270 3018 2335 Mihi,
3055 2273 3246 2338 inquit,

80 2372 148 2440 τῆς
176 2369 410 2441 ὑμετέρας
459 2369 754 2440 σωτηρίαςσ
798 2367 877 2420 διὸ
920 2368 966 2419 εί
1015 2367 1110 2419 καὶ
1154 2367 1326 2434 ἀλγῶ,
1363 2367 1558 2437 χρῶμα

1766 2366 1863 2410 stra
1898 2357 2043 2412 salus
2068 2374 2210 2412 cura:
2235 2368 2350 2423 cst;
2379 2360 2686 2427 quarelicet
2716 2361 2986 2417 doloribus
3019 2364 3247 2426 crucier,

78 2469 122 2533 τῇ
153 2463 449 2533 παραινέσει.
483 2462 550 2514 Ei.
579 2460 686 2532 γὰρ
714 2461 806 2514 καὶ
837 2461 982 2515 ἄλλοι
1019 2460 1314 2530 ἀλγοῦντες
1349 2458 1559 2530 ἀρκοῦν-

1761 2448 2060 2502 hortatione
2098 2450 2162 2502 ad
2203 2464 2295 2502 vos
2332 2459 2496 2504 utor:
2538 2451 2783 2518 quamvis
2827 2453 2970 2506 enim
3020 2454 3108 2507 alii
3148 2456 3242 2523 qui

79 2571 141 2607 ται
178 2557 274 2616 ταῖς
316 2552 431 2606 καθ’
459 2554 688 2615 ἑαυτοὺς
728 2553 936 2616 ἀνίαις,
976 2551 1090 2606 ἁλλ’
1119 2553 1277 2622 ἐμοὶ,
1324 2552 1508 2624 φησὶν,
1545 2553 1560 2602 1‘

1775 2548 1884 2604 ent,
1913 2539 2025 2593 suis
2060 2539 2318 2593 molestiis
2356 2550 2408 2594 et
2435 2541 2840 2610 acgritudiuibus
2864 2544 3085 2610 mederi,
3115 2547 3249 2598 satis

79 2644 264 2714 σωτηρία
288 2643 388 2696 τῶν
420 2643 592 2711 φίλων
622 2644 940 2715 προκριτὲα.

1766 2630 1914 2684 bent:
1958 2646 2056 2701 ego
2081 2641 2256 2685 tamen
2293 2632 2584 2688 amicorum
2610 2633 2834 2689 salutem
2862 2635 3247 2704 praeferendam

1685 2737 1899 2776 censeo.

127 2799 196 2851 Στ.
224 2805 301 2868 ιη’.
329 2799 560 2853 Ἀδικσν
585 2799 653 2853 δὲ
673 2800 852 2854 οὐδὲν
874 2798 954 2873 ἦν
973 2803 1044 2856 ἐν
1063 2803 1238 2872 χερσί
1266 2821 1405 2872 μου,
1431 2801 1582 2872 εὐχὴ

1768 2811 1918 2866 Vsus.
1952 2813 2036 2866 18.
2069 2812 2336 2882 Injustum
2369 2825 2541 2868 autem
2566 2815 2696 2869 nihil
2714 2815 2816 2885 fuit
2848 2817 2903 2870 in
2925 2833 3082 2872 manu
3111 2834 3249 2884 mea,

77 2889 124 2942 δέ
146 2909 242 2958 μου
271 2892 507 2961 καθαρά.

1685 2904 1978 2972 deprecatio
2008 2914 2181 2956 autem
2209 2919 2321 2957 mea
2354 2907 2569 2958 munda.

125 2981 357 3050 Διδύμου.
391 2984 630 3054 Χείρονά
682 3001 800 3054 μοι,
848 2984 1012 3056 φησι,
1059 2985 1159 3054 τὴν
1205 2985 1441 3055 ἀθυμίαν
1485 3002 1584 3056 εμ-

1771 2993 1991 3063 Didymi.
2038 2991 2384 3057 Graviorem,
2438 2995 2647 3064 inquit,
2703 2997 2865 3050 animi
2929 2997 3198 3051 anxietate
3235 3043 3252 3052 -

78 3077 198 3136 ποιεῖ,
225 3077 306 3129 καὶ
345 3077 543 3146 μᾶλλον
590 3095 656 3148 με
689 3079 834 3150 ἀνιᾷ,
873 3079 933 3132 τὸ
982 3079 1146 3150 μηδὲν
1188 3079 1364 3149 ἐαυτῷ
1409 3097 1559 3133 συνει

1772 3085 1818 3137 hi
1856 3096 2023 3149 creat,
2062 3093 2116 3138 et
2150 3083 2352 3153 majore
2384 3085 2626 3140 molestia
2658 3087 2840 3154 allicit,
2883 3088 3024 3158 quod
3057 3087 3253 3143 nullius

77 3165 186 3219 δέναι
223 3169 428 3236 φαῦλον.
462 3173 537 3224 Οὐ
576 3171 683 3242 γὰρ
721 3172 973 3240 γινώσκω
1006 3192 1080 3238 τι,
1117 3175 1165 3226 εί
1211 3173 1284 3245 μὴ
1327 3176 1406 3227 ὅτι
1437 3173 1558 3244 ὀρθᾷ

1771 3175 2052 3243 probitatis
2103 3187 2158 3231 et
2203 3176 2422 3231 sceleris
2466 3179 2593 3231 mihi
2635 3179 2883 3233 conscius
2926 3180 3068 3244 sim;
3111 3179 3252 3233 aliud

76 3258 266 3330 λογισμῷ
304 3263 398 3326 τὰς
441 3264 583 3333 πρὸς
608 3263 738 3319 Θεὸν
778 3265 1074 3336 ἐποιούμην
1110 3265 1346 3329 ἱκεσίας’
1379 3265 1459 3318 διὸ
1488 3283 1557 3318 κα

1781 3283 1829 3318 m
1866 3267 1997 3320 nihil
2035 3269 2167 3330 scio,
2205 3270 2306 3322 nisi
2344 3269 2485 3338 quod
2535 3277 2682 3323 recto
2729 3278 2783 3323 et
2822 3270 3034 3324 sincero
3077 3271 3258 3324 animo

79 3349 294 3423 ξενίζομαι
329 3356 410 3423 ἐφ’
440 3350 523 3418 οἷς
560 3355 734 3409 ταῦτα
781 3358 1058 3429 ὑπομένω.
1107 3360 1472 3430 Ἐπισήμηναι
1507 3359 1560 3412 δὲ

1773 3357 2016 3425 )plicibus
2044 3359 2291 3428 precibus
2322 3358 2485 3414 Deum
2510 3359 2869 3414 invocaverim
2895 3377 2910 3424 ;
2944 3376 3109 3428 quare
3137 3371 3254 3415 stu-

73 3443 132 3492 ὁτι
164 3443 352 3516 καθαρὰ
382 3442 451 3517 ἦν
490 3448 524 3518 ἡ
559 3447 655 3500 τοῦ
684 3448 891 3501 δικαίου
932 3451 1086 3521 εὐχὴ,
1129 3451 1222 3504 καὶ
1265 3453 1464 3516 παντὸς
1494 3454 1554 3506 πό

1775 3463 1819 3501 re
1845 3449 2131 3512 attonitus,
2156 3450 2296 3519 quod
2335 3451 2456 3504 talia
2487 3451 2801 3514 sustineam,
2835 3451 3092 3504 admiror.
3120 3452 3256 3505 Atti-

77 3532 167 3595 ἐάσας
190 3537 394 3608 ἀμιγὴς,
428 3537 502 3609 μὴ
535 3538 890 3610 ρεμϐασμοὺς
919 3541 1285 3611 ὑπομένουσα,
1321 3543 1453 3614 μηδὲ
1485 3546 1558 3598 ὑπ

1783 3538 1968 3592 dverte
2019 3546 2234 3605 autem,
2280 3539 2434 3609 justi
2473 3554 2660 3608 preces
2713 3555 2874 3608 puras
2919 3540 3103 3604 fuisse,
3143 3540 3257 3593 sine

75 3628 313 3696 φροντίδων
342 3632 773 3703 κατασπωμένη.

1774 3629 1839 3683 ιιιί
1902 3631 2366 3697 perturbationum
2425 3632 2671 3694 mistura,
2725 3631 2884 3684 nullis
2933 3632 3095 3684 animi
3153 3631 3255 3685 ilu-

1693 3720 2052 3773 ctuationibus
2096 3720 2382 3787 obnoxias,
2429 3730 2520 3774 aut
2573 3735 2824 3774 curarum
2867 3718 3113 3774 ﬂuctibus
3151 3723 3263 3776 dis-

1695 3819 1910 3864 ll‘ilClilS.

124 3895 252 3950 ΚΕΦ.
274 3897 396 3964 KA',
425 3915 506 3952 στ.
548 3905 620 3968 γ’.
657 3900 869 3968 Ἀρατέ
903 3919 1008 3970 με,
1041 3900 1156 3971 ἐγὼ
1198 3901 1266 3955 δὲ
1309 3901 1588 3972 ,λαλήσωο

1782 3900 1934 3955 CAP.
1965 3899 2107 3965 XXI,
2132 3916 2277 3956 vers.
2306 3902 2360 3955 5.
2403 3900 2668 3956 Sustmete
2706 3918 2808 3970 me,
2841 3919 2932 3972 ego
2971 3911 3144 3956 autent
3183 3902 3263 3954 lo-

75 3977 150 4058 tit’
167 3989 228 4040 οὐ
265 3990 705 4058 καταγελάσετέ
726 4009 866 4060 μου.

1693 4007 1860 4061 quur;
1898 3991 2082 4044 deinde
2111 4007 2214 4045 non
2248 3992 2532 4046 irridebitis
2571 4009 2670 4047 me.

127 4077 360 4147 Διδύμου.
405 4083 556 4136 ’Λντὶ
596 4084 712 4150 τοῦ,
751 4083 1039 4152 Ἐνέγκατέ
1079 4103 1180 4157 μου
1213 4087 1342 4150 τοὺς
1381 4085 1593 4156 λόγους,

1782 4081 2002 4151 Didymi.
2035 4081 2088 4136 Id
2111 4092 2213 4147 est,
2237 4084 2432 4140 Animo
2465 4085 2736 4139 vobiscum
2771 4094 3098 4154 reputantes,
3120 4085 3263 4155 quod

80 4165 328 4233 βαπάσατέ
375 4193 442 4245 με
477 4176 732 4244 λέγοντα,
767 4177 1126 4250 λογιζόμενοι,
1174 4181 1255 4232 ὅτι
1296 4180 1395 4250 οὐχ
1438 4180 1561 4252 ὕϐρι

1780 4173 2046 4229 trehensio
2107 4189 2223 4228 mea
2287 4191 2408 4230 cum
2465 4176 2789 4230 contumelia
2847 4191 2952 4230 non
3013 4177 3084 4230 sit
3130 4191 3261 4231 cou-

81 4259 233 4324 στικῶς
275 4264 491 4336 χρῶμαι
543 4266 625 4337 τῷ
675 4268 916 4340 ἐλέγχῳ,
983 4269 1119 4323 ἀλλὰ
1164 4269 1301 4341 πρὸς
1361 4273 1562 4324 ὲπιστα·

1785 4276 1900 4332 ποίει,
1929 4267 2021 4321 sed
2061 4267 2126 4321 ad
2145 4267 2500 4322 eruditionem
2530 4278 2760 4323 vestram
2786 4268 3118 4334 adhibeatur,
3150 4283 3266 4322 ser-

83 4347 188 4405 σίαν.
1701 4371 1889 4410 mones
1954 4371 2104 4412 meos
2174 4355 2438 4424 tolerate,
2491 4366 2546 4413 ct
2612 4368 2953 4429 perorantem
3009 4373 3096 4414 me
3142 4371 3264 4413 sus-

1702 4449 1888 4503 tincte.
2005 4448 2010 4452 ’
