3750 6350
96 443 191 499 1157

1195 413 1556 475 ΕΧΡΟΞΙΤΙΟ
1595 412 1660 467 lN
1700 412 2038 469 PSALMOS.

3110 396 3251 455 1158

92 556 315 624 ἀκούσητε,
351 568 367 599 ι
389 547 477 599 καὶ
500 544 570 597 τὰ
598 543 753 614 ἑξῆς·
778 540 916 612 πρὸς
938 537 1096 593 τοῦτο
1118 538 1212 592 καὶ
1227 540 1264 592 ’ό
1287 539 1395 591 τῶν
1426 536 1564 589 ἀπδ-

1703 546 1816 586 area
1844 544 2085 586 summus
2110 528 2300 583 Petrus
2336 527 2392 581 in
2426 523 2649 581 Actibus
2677 519 3042 592 apostolorum
3081 516 3253 585 paria

94 649 244 704 στόλων
286 640 555 711 πρόκριτος
608 634 816 705 Πέτρος
868 635 927 685 ὲν
972 634 1091 695 ταῖς
1146 630 1414 701 Πράξεσιν
1466 629 1573 683 τῶν

92 736 334 795 ἀποστόλων
350 731 601 799 σύμφωνα
614 716 781 794 λέγει,
796 726 927 778 ὅπου
951 724 1065 794 μέν·
1080 742 1098 774 ι
1129 723 1273 775 Ἔδει
1292 721 1397 792 πλη
1407 722 1579 792 ρωθῆ-

94 851 155 886 vat
178 828 254 897 τὴν
276 822 472 894 Γραφὴν
498 821 566 889 ἣν
594 821 850 889 προεῖπεν
876 816 936 868 τὸ
966 814 1188 885 Πνεῦμα
1217 813 1278 865 τὸ
1310 815 1462 880 ἆγιον
1493 811 1579 863 διὰ

92 924 295 989 στόματθῖ
330 911 479 965 Δαδὶδ
516 910 645 980 ’περἱ
704 908 877 961 Ἰούδα
911 906 1004 959 τοῦ
1052 905 1345 975 γενομένου
1384 902 1577 973 ὁδηγοῦ

92 1018 169 1074 τοῖς
202 1002 512 1061 συλλαῦοῦσιν
560 1000 789 1071 Ἰησοῦν,
829 1020 847 1051 ι
885 1001 979 1053 καὶ
1004 999 1072 1052 τὰ
1113 998 1241 1068 ἑξῆς
1262 1014 1276 1027 ·
1308 994 1389 1061 οἷς
1424 998 1579 1065 ὀλίγα

90 1098 272 1156 ἐπειπὼν
294 1096 551 1164 ἐπήγαγεν
572 1109 586 1122 ·
625 1111 642 1141 ι
680 1091 995 1160 Γέγραπται
1024 1089 1131 1159 γὰρ
1161 1092 1217 1141 ἐν
1243 1088 1409 1158 βίϐλῳ
1438 1087 1583 1140 Ψαλ-

94 1196 197 1266 μῶν
238 1187 493 1257 Γενηθήτω
543 1186 575 1253 ἡ
619 1183 843 1245 ἔπαυλις
888 1182 1051 1234 αὑτοῦ
1093 1182 1326 1252 ἔρημος,
1376 1181 1470 1233 καὶ
1506 1180 1578 1251 μὴ

88 1290 189 1339 ἔστω
210 1284 232 1334 ό
250 1277 494 1334 κατοικῶν
524 1279 583 1329 ὲν
611 1278 748 1346 αὐτῇ
769 1316 783 1339 ,
830 1276 923 1329 καὶ
950 1275 1048 1345 τὴν
1084 1273 1387 1343 ἐπισκοπὴν
1418 1272 1580 1325 αὑτοῦ

88 1377 249 1429 λαθέτω
289 1373 478 1441 ἕτερος.
524 1389 542 1421 ›
578 1368 746 1421 Οὐδὲν
792 1368 848 1421 δὲ
904 1367 1052 1433 ξένον
1101 1369 1148 1419 εί
1185 1368 1237 1418 οἱ
1298 1366 1581 1419 ἀπόστολοι

88 1470 215 1522 ταῦτα
244 1464 545 1535 γράφουσιν,
572 1461 735 1515 αὑτοῦ
766 1460 997 1531 μάλιστα
1025 1460 1118 1512 τοῦ
1144 1460 1392 1529 Σωτῆρος
1412 1458 1584 1511 ταῦτα

88 1554 576 1628 ἐπισφραγιζομὲνου·
633 1554 853 1623 μνήμης
894 1552 1001 1622 γὰρ
1052 1553 1357 1622 γεναμένης
1398 1554 1455 1604 ὲν
1505 1550 1582 1620 τῷ

88 1648 332 1717 Εὑαγγελίῳ
357 1646 449 1717 τῆς
476 1646 654 1716 ἀρχῆς
681 1644 775 1697 τοῦ
801 1644 1096 1697 ὲκατοστοῦ
1119 1645 1339 1697 ὲννάτου
1367 1642 1582 1713 ψαλμοῦ

179 1737 393 1809 ἐχούσης·
421 1755 438 1788 ι
466 1734 633 1789 Εἶπεν
657 1737 685 1788 6
712 1736 915 1807 Κύριος
939 1734 1019 1805 τῷ
1052 1736 1239 1805 Κυρίῳ
1260 1752 1380 1805 μου,
1401 1734 1582 1787 Κάθου

86 1835 131 1884 ἐκ
152 1830 304 1894 δεξιῶν
335 1846 453 1899 μου,
488 1828 595 1890 ἓως
629 1826 695 1881 ἂν
725 1826 799 1879 θῶ
832 1828 957 1890 τοὺς
991 1825 1217 1897 ἐχθρούς
1253 1842 1344 1878 σου
1380 1825 1583 1877 ὑποπό-

1646 1011 1709 1043 .‹
1739 990 2010 1059 Scriptum
2056 996 2139 1043 est
2188 987 2330 1041 enim
2384 987 2437 1039 in
2498 984 2634 1039 libro
2686 981 3021 1035 Psalmorum
3062 996 3079 1032 :

1680 623 1828 687 dicit,
1866 637 2060 691 nempe
2095 639 2115 673 ι
2145 620 2445 689 oportuisse
2478 615 2690 686 impleri
2716 614 3056 682 Scripturam
3088 625 3251 678 quam

1683 716 1917 786 Spiritus
1950 724 2169 770 sanctus
2190 713 2436 783 praadixit
2458 726 2553 779 per
2581 724 2641 763 os
2667 707 2881 761 Davidis
2907 706 2972 759 de
2998 702 3135 759 Juda
3160 701 3253 771 qui

1683 809 1862 862 factus
1915 816 1998 861 est
2042 808 2149 861 dux
2190 820 2377 859 eorum
2418 818 2447 857 a
2481 801 2680 872 quibus
2720 796 3146 865 comprehensus
3173 804 3256 847 est

1681 900 1837 956 Jesus
1861 904 1905 965 ²,
1928 918 1946 951 ι
2007 909 2060 953 et
2084 898 2309 965 reliqua.
2354 894 2421 948 Et
2467 893 2651 963 paucis
2684 888 2977 959 interjectis
3011 887 3214 941 addidit
3242 906 3253 939 :

3136 976 3257 1029 Fiat

1684 1082 2037 1140 commonatio
2088 1082 2203 1147 ejus
2250 1079 2485 1142 deserta,
2520 1085 2573 1128 et
2601 1089 2705 1129 non
2739 1074 2805 1128 sit
2842 1072 2933 1143 qui
2973 1069 3178 1123 habitet
3202 1069 3255 1120 in

1685 1191 1771 1241 ea,
1798 1184 1852 1229 et
1878 1174 2245 1242 episcopatum
2273 1169 2389 1237 ejus
2413 1167 2644 1237 accipiat
2672 1165 2807 1219 alter
2830 1164 2871 1218 ³.
2901 1182 2921 1215 ι
2963 1161 3108 1214 Nihil
3130 1175 3259 1212 vero

1685 1268 1880 1322 mirum
1913 1275 2016 1329 est,
2045 1262 2488 1333 quandoquidem
2522 1260 2637 1329 ipse
2667 1257 2949 1328 petissime
3001 1253 3252 1307 Servator

1685 1375 1749 1414 ea
1799 1358 2122 1423 conﬁrmat;
2170 1371 2293 1410 natu
2348 1354 2489 1408 facta
2542 1353 2596 1405 in
2644 1347 2938 1417 Evangelio
2986 1343 3259 1398 mentione

1687 1451 1822 1506 initii
1854 1449 2136 1505 centesitni
2201 1447 2324 1501 noni
2388 1443 2601 1515 psalmi,
2660 1441 2802 1510 quod
2845 1441 2916 1492 ita
2961 1453 3020 1491 se
3052 1437 3255 1490 habet:

1692 1560 1710 1593 ι
1741 1542 1885 1595 Dixit
1915 1540 2172 1595 Dominus
2205 1537 2429 1590 Domino
2463 1548 2614 1588 meo:
2638 1531 2775 1586 Sede
2805 1546 2834 1584 a
2863 1528 3069 1583 dextris
3102 1525 3257 1586 meis,

1686 1634 1857 1688 donec
1887 1646 2081 1703 ponam
2123 1630 2379 1685 inimicos
2425 1638 2545 1681 tuos
2583 1623 2873 1679 scabellum
2912 1621 3103 1690 pedum
3142 1629 3263 1671 tuo.

1686 1740 1826 1789 rum,
1854 1743 1872 1776 ι
1930 1724 2230 1779 Pharisaeos
2274 1718 2662 1788 interrogavit:
2699 1735 2717 1768 ι
2750 1716 2806 1770 Si
2861 1715 3025 1769 David
3055 1713 3105 1765 in
3138 1710 3260 1779 Spi-

1686 1817 1792 1871 ritu
1847 1825 2033 1871 sancto
2087 1813 2366 1869 Christum
2418 1811 2702 1865 Dominum
2756 1807 2935 1869 dixit,
2990 1806 3261 1874 quomodo

86 1926 162 1976 διον
186 1922 273 1975 τῶν
312 1920 473 1973 ποδῶν
510 1936 625 1983 σου,
669 1938 689 1972 ι
724 1919 970 1973 ἐπείθετο
1005 1919 1082 1990 (1)
1111 1918 1219 1970 τῶν
1250 1918 1578 1989 Φαρισαίων·

1703 1909 1834 1962 [ilius
1860 1908 1976 1977 ejus
2001 1916 2085 1960 est
2116 1906 2175 1959 ‘?
2204 1925 2223 1957 ι
2281 1905 2337 1959 Si
2372 1919 2502 1973 ergo
2529 1901 2801 1971 spiritales
2848 1913 3036 1953 sensus
3080 1896 3258 1949 conti-

88 2015 175 2066 «ΕΞ
218 2012 362 2065 Δαυὶδ
392 2014 446 2064 ὲν
488 2010 769 2081 Πνεύματι
806 2010 946 2081 ἁγίῳ
990 2010 1080 2063 τὸν
1112 2010 1344 2081 Χριστὸν
1383 2009 1585 2080 Κύριον

83 2102 209 2169 εἶπεν,
235 2105 337 2168 πῶς
373 2104 482 2167 υίὸς
522 2100 687 2156 αὐτοῦ
722 2103 909 2166 ὲστιν;
950 2122 967 2153 ι
1004 2104 1066 2155 EE
1112 2103 1292 2155 τοίνυν
1324 2103 1392 2155 τὰ
1424 2118 1586 2155 πνευ-

86 2196 238 2264 ματικὰ
258 2196 485 2265 νοήματα
511 2194 858 2264 περιέχουσιν
887 2196 935 2245 οἱ
960 2193 1199 2264 Ψαλμοὶ,
1235 2194 1332 2264 ούχ
1357 2194 1430 2257 ὡς
1462 2192 1581 2246 ἔτυ-

83 2304 149 2354 χεν
172 2285 445 2339 ἐντευκτέον
473 2286 540 2355 τῇ
576 2289 761 2356 γραφῇ
801 2285 1003 2339 αὐτῶν.

1692 2012 1825 2056 nent
1864 2001 2087 2063 Psalmi,
2122 2015 2227 2055 non
2260 1996 2627 2068 perfunctorie
2648 1996 2701 2049 itt
2732 1994 2969 2063 ipsorum
3004 1998 3257 2046 contextu

1692 2093 2011 2148 versandum
2036 2100 2136 2147 est.

2930 2169 3008 2193 υνθν

1437 2482 1759 2542 PSALMUS
1798 2487 1841 2538 Ι.

130 2624 197 2675 Στ.
226 2629 284 2677 α’.
322 2620 472 2674 Ἐστι
496 2620 555 2672 δὲ
588 2619 927 2690 ἁμαρτωλῶν
949 2618 1066 2673 ὁδὸν
1097 2622 1270 2673 εἰπεῖν
1298 2620 1388 2674 τὸν
1410 2620 1591 2675 διάϐο-

78 2708 271 2786 λοϊὲνῇ
289 2714 314 2765 ό
336 2712 623 2782 γενόμενος
652 2712 725 2782 μὴ
749 2713 1030 2783 ὲμμενέτω
1052 2728 1064 2738 ·
1094 2712 1234 2764 κατὰ
1264 2712 1340 2776 τὸ,
1366 2732 1383 2763 ‹
1418 2713 1590 2765 Ἀντί-

84 2822 199 2875 πητε
251 2804 320 2875 τῷ
366 2803 618 2873 διαϐόλῳ,
666 2805 761 2856 καὶ
812 2802 1065 2871 φεύξεται
1101 2804 1192 2871 ἀφ’
1241 2803 1419 2874 ὑμῶν.
1463 2823 1481 2855 ι
1532 2805 1590 2857 'U

80 2898 157 2966 γὰρ
183 2898 244 2967 μὴ
272 2896 391 2960 στὰς
416 2899 472 2949 ἐν
504 2899 665 2967 αὐτῇ,
690 2896 826 2968 πρὸς
854 2896 1057 2968 Κύριον
1081 2896 1199 2967 ἣξει
1225 2899 1316 2950 τὸν
1346 2898 1589 2963 εἰπόντα,

86 3007 96 3037 ι
136 2988 249 3056 Ἐγώ
278 2991 443 3060 εἰμιή
489 2988 641 3051 ὁδός·
681 3008 699 3039 ι
744 2990 800 3041 ὲν
908 2988 1199 3060 γενόμενος
1224 2989 1363 3042 κατὰ
1390 2990 1590 3043 σκοπὸν

78 3079 245 3149 δραμὼν
267 3080 502 3147 τεύξεται
527 3080 622 3133 τοῦ
656 3078 933 3152 βραϐείου.

1759 2620 1925 2675 Vens.
1958 2622 2008 2675 1.
2052 2620 2399 2674 Peccatorum
2429 2618 2567 2671 viam
2595 2616 2774 2671 dicere
2796 2616 2921 2670 licet
2947 2616 3217 2669 diabolum
3246 2633 3263 2682 ;

1696 2713 1782 2768 cui
1814 2714 1912 2767 via:
1944 2712 2036 2782 qui
2069 2712 2351 2773 institerit,
2382 2717 2570 2763 caveat
2606 2724 2672 2762 ne
2698 2707 2768 2761 ibi
2797 2718 3069 2772 moretur;
3112 2709 3266 2776 juxta

1699 2806 1868 2858 illud:
1929 2822 1947 2855 ι
1986 2803 2239 2857 Ιὶοεὶειὶιο
2288 2802 2534 2865 diabolo,
2594 2812 2648 2854 et
2693 2802 2859 2869 fugiet
2906 2816 2935 2853 a
2986 2800 3139 2853 vobis
3163 2801 3210 2857 ⁸.
3242 2820 3264 2851 ι

1696 2896 1829 2950 Nam
1854 2897 1943 2965 qui
1972 2897 2023 2949 in
2056 2897 2199 2949 dicta
2234 2894 2314 2947 via
2341 2910 2443 2947 non
2467 2893 2698 2954 steterit,
2735 2891 2801 2945 ad
2838 2891 3122 2945 Dominum
3169 2907 3264 2944 ve-

1695 2991 1808 3059 niet
1854 2988 2118 3042 dicentem
2147 3006 2161 3042 :
2192 3005 2209 3037 ι
2237 2988 2346 3054 Ego
2371 3002 2488 3040 sum
2519 2986 2602 3038 via
2629 2986 2687 3050 ⁶;
2716 3004 2733 3035 ι
2770 3000 2931 3053 quant
2964 2984 3053 3052 qui
3086 2994 3264 3037 secta-

1696 3089 1784 3135 tus
1826 3081 1988 3134 fuerit
2019 3080 2084 3135 ad
2117 3095 2337 3148 scopum
2363 3093 2614 3149 pergens,
2649 3076 2931 3145 praemium
2973 3092 3255 3145 conseque

1704 3180 1810 3227 tur.

124 3260 193 3311 Στ.
220 3264 280 3325 γ’.
318 3236 633 3329 Ὀμοιωθεὶς
664 3276 730 3330 τῃ
766 3275 963 3329 σοφιᾳ,
997 3259 1180 3330 ὅμοιος
1227 3259 1436 3328 γίνεται
1469 3258 1587 3330 Θεῷ

1760 3261 1927 3316 Vens.
1958 3263 2009 3317 5.
2053 3261 2153 3329 Qui
2193 3260 2471 3331 sapientia:
2523 3258 2873 3323 assimilatur,
2912 3257 3104 3312 similis
3128 3257 3175 3311 ei
3212 3256 3267 3310 ﬁt

77 3349 131 3417 τῷ
158 3350 387 3421 ποιότητα
436 3350 650 3404 τοιάνδε
701 3349 1081 3421 χαριζομένῳ·
1124 3350 1437 3424 δικαιοσύνῃ
1482 3351 1591 3423 γὰρ

76 3441 296 3507 ὁμοιοῦται
328 3441 473 3511 αὐτῷ
517 3444 546 3495 ὁ
581 3442 786 3504 δίκαιος
808 3481 823 3505 ,
858 3442 951 3494 καὶ
992 3441 1240 3512 ἁγιότητι
1281 3443 1455 3510 ἅγιος,
1498 3444 1592 3495 καὶ

76 3534 122 3600 τῇ
154 3533 288 3603 σοφία
326 3534 506 3601 σοφὸς,
542 3533 758 3596 σπάσας
800 3533 895 3586 ἀπ’
933 3534 1102 3604 αὐτῆς
1131 3534 1191 3586 τὸ
1229 3530 1367 3587 εἶναι
1408 3536 1589 3605 σοφὸς,

76 3624 182 3675 κατὰ
214 3624 265 3676 τὸ
296 3625 478 3694 λεχθὲν
524 3624 632 3677 ὑπὸ
674 3624 767 3678 τοῦ
815 3626 1097 3697 Σωτῆρος·
1135 3646 1153 3677 t
1214 3627 1467 3698 Ἀρκετδν
1513 3628 1591 3698 τῷ

79 3714 275 3785 inﬁmi},
305 3716 388 3768 ἵνα
427 3717 660 3787 γένηται
701 3717 776 3780 ὡς
810 3718 837 3770 6
870 3717 1187 3781 διδάσκαλος
1232 3718 1415 3771 αὑτοῦ.
1458 3738 1476 3769 ι
1534 3719 1591 3771 '0

73 3805 112 3857 δὲ
131 3808 442 3878 ὁμοιούμενος
464 3808 546 3879 τῷ
569 3809 667 3879 τῆς
694 3806 838 3878 ζωῆς
865 3808 1025 3877 ξύλῳ,
1060 3808 1267 3875 γίνεται
1301 3810 1398 3879 μὲν
1431 3811 1486 3861 ἐν
1514 3808 1593 3879 τῷ

77 3898 328 3967 παραδείσῳ
355 3897 440 3951 ἵνα
471 3899 571 3950 σῦν
601 3896 748 3966 αὐτῷ
772 3896 1033 3966 φυτευθῇ,
1061 3896 1135 3958 ὼς
1168 3896 1274 3948 ἀπὸ
1302 3894 1590 3965 προσώπου

75 3986 140 4037 τοῦ
176 3988 291 4041 Θεοῦ
329 4006 493 4059 φησιν
538 3988 799 4050 Ἡσαΐας·
845 4005 864 4037 t
923 3987 1080 4040 Κατὰ.
1106 3988 1206 4049 τὰς
1250 3986 1460 4057 ἡμέρας
1499 3985 1590 4038 τοῦ

77 4077 192 4140 ξύλου
247 4081 338 4150 τῆς
369 4081 517 4150 ζωῆς
567 4079 779 4132 ἔσονται
818 4080 873 4130 αἱ
905 4078 1107 4149 ἡμέραι
1143 4077 1236 4130 τοῦ
1266 4077 1394 4130 λαοῦ
1422 4094 1540 4147 μου.
1568 4096 1587 4127 υ

75 4171 235 4224 Οὐκοῦν
272 4172 667 4235 συνδιαιωνίζει
693 4173 721 4223 6
751 4170 956 4232 δίκαιος
984 4169 1061 4239 τῷ
1100 4168 1272 4239 ξύλῳ,
1311 4169 1593 4239 γινόμενος

76 4264 274 4334 σάμεξνὴς
302 4265 493 4328 κλάδος
525 4261 715 4324 αὑτοῦ,
743 4262 837 4315 καὶ
878 4261 1061 4331 κλῆμα
1090 4261 1370 4331 γινόμενος
1398 4260 1491 4311 ἐπὶ
1516 4258 1594 4329 τῷ

75 4351 180 4406 ῦεῖον
205 4358 400 4427 καρπὸν
427 4358 665 4425 ἀγαγεῖν
682 4370 695 4384 ·
724 4352 965 4424 ἄμπελος
989 4353 1097 4424 γὰρ
1120 4352 1385 4423 ἀληθινὴ,
1411 4351 1471 4403 τὸ
1501 4350 1593 4417 ξύ-

71 4443 136 4495 λον
160 4447 243 4514 τῆς
280 4448 419 4519 ζωῆς
463 4449 772 4519 τυγχάνον,
802 4448 936 4518 φησὶ
972 4445 1110 4516 πρὸς
1150 4446 1272 4507 τοὺς
1317 4442 1589 4513 μαθητάς’

76 4553 90 4585 t
122 4535 234 4605 Ἐγώ
250 4542 356 4611 είμι
380 4542 412 4612 ἡ
436 4541 687 4612 ἄμπελος
708 4542 741 4611 ἡ
767 4537 1015 4610 ἀληθινὴ,
1042 4538 1199 4608 ὑμεῖς
1220 4538 1287 4588 τὰ
1318 4535 1588 4605 κλήματα,

72 4627 266 4701 ὀῐῐατήρ
293 4651 388 4704 μου
420 4635 448 4687 6
477 4634 756 4703 γεωργός·
798 4633 907 4684 πᾶν
938 4631 1123 4700 κλῆμα
1163 4630 1220 4681 ὲν
1261 4630 1382 4699 ἐμοὶ
1411 4627 1588 4698 μένον,

72 4719 269 4792 καθαίρει
297 4725 424 4777 αὐτὸ
447 4727 477 4778 6
506 4724 718 4795 Πατὴρ,
752 4724 838 4776 ἵνα
870 4721 1079 4792 καρπὸν
1106 4720 1326 4773 πλείονα
1364 4719 1522 4791 φέρῃ.
1568 4739 1587 4770 ι

128 4810 173 4861 '0
186 4812 234 4864 δὲ
252 4813 485 4877 τοιοῦτος
497 4812 898 4867 κατευοδοῦται·
914 4830 931 4862 ι
942 4812 1065 4873 Τοῖς
1077 4828 1093 4860 ι
1119 4808 1253 4879 γὰρ(
1266 4808 1520 4875 ἀγαπῶσι
1535 4814 1596 4862 τὸ

72 4896 202 4965 Θείον,
218 4904 382 4958 πάντα
400 4907 747 4978 συνεργεῖείς
763 4903 965 4972 ἀγαθόν
986 4920 998 4932 ⁸
1014 4922 1032 4956 ι
1058 4932 1127 4942 -
1145 4900 1334 4972 «Παρὰ
1351 4900 1554 4971 Κυρίου
1568 4919 1585 4950 ι

69 4991 164 5060 γὰρ,
186 4997 323 5065 φησὶ,
352 5014 371 5048 t
392 4997 462 5050 τὰ
490 4996 806 5067 διαδήματα
831 4991 1117 5065 ἀνθρώπου
1151 4990 1588 5045 κατευθύνεται,»

79 5079 310 5148 Ἀσφαλῶς
337 5085 393 5137 δὲ
427 5085 490 5138 τὸ
520 5084 722 5138 πάντα
751 5079 894 5146 εἷπε,
929 5082 1066 5153 μετὰ
1092 5081 1151 5133 τὸ
1177 5080 1345 5144 δεῖξαι
1379 5081 1477 5149 τὴν
1508 5096 1596 5131 τε-

67 5169 298 5245 λειότητα·
326 5179 402 5249 τῷ
434 5180 550 5250 γὰρ
585 5178 715 5248 θείῳ
744 5178 892 5247 νόμῳ
927 5176 987 5227 τὸ
1006 5177 1203 5227 οἰκεῖον
1233 5172 1441 5243 θέλημα
1472 5189 1596 5225 συν·

68 5268 329 5333 αρμὸττων,
362 5271 521 5323 οὐδὲν
559 5269 798 5323 ἐναντίον
841 5268 1149 5337 ποιήσειεν·
1194 5266 1241 5316 εἰ
1291 5264 1347 5316 δὲ
1391 5264 1596 5334 γέγρασ

68 5370 181 5421 πται.
209 5380 224 5410 ι
274 5362 418 5426 Ὁδὸς
457 5362 676 5416 ἀσεϐῶν
706 5359 1006 5423 εύοδοῦται,
1047 5376 1066 5409 ι
1099 5356 1197 5427 οὐχ
1235 5355 1442 5421 ἁπλῶς,
1473 5354 1588 5409 ἀλλ’

1695 3357 1786 3428 qui
1832 3358 1972 3410 hanc
2006 3356 2318 3424 qualitatem
2363 3354 2607 3422 largitur.
2658 3351 2789 3406 Nam
2834 3351 3041 3420 justitia
3080 3351 3269 3404 similis

1694 3448 1873 3503 evadit
1908 3449 2241 3514 Deojustus,
2284 3446 2575 3499 sanctitate
2622 3456 2863 3506 sanctos,
2902 3453 2953 3497 et
3000 3442 3266 3513 sapientia

1692 3543 1924 3612 sapiens,
1978 3540 2230 3593 hauriens
2260 3539 2327 3591 ab
2360 3538 2473 3605 ipsa
2505 3546 2561 3590 ut
2615 3537 2687 3589 sit
2715 3536 2949 3605 sapiens,
2978 3533 3128 3601 juxta
3153 3533 3267 3586 Sal-
3318 3540 3323 3545 '

1698 3631 1901 3685 vatoris
1922 3628 2125 3683 dictum
2156 3645 2170 3680 :
2205 3646 2223 3678 ι
2247 3626 2454 3680 Sulﬁcit
2483 3626 2748 3694 discipulo
2779 3634 2835 3678 ut
2861 3625 2933 3679 sit
2967 3626 3111 3678 sicut
3143 3641 3262 3675 ma-

1696 3723 1859 3791 gister
1881 3720 2056 3787 ejus’.
2083 3738 2100 3768 ι
2137 3717 2235 3784 Qui
2265 3728 2445 3770 autem
2465 3716 2608 3786 ligno
2634 3716 2753 3768 vita:
2776 3730 2832 3769 se
2865 3715 2984 3768 fecit
3018 3715 3270 3780 similem,

1696 3817 1749 3870 in
1808 3814 2057 3883 paradiso
2128 3811 2409 3873 consistit,
2468 3820 2526 3863 ut
2585 3809 2790 3879 pariter
2843 3807 3261 3877 complantetur.

1692 3902 2156 3971 Quemadmodum
2216 3900 2268 3953 in
2352 3913 2579 3968 persona
2634 3897 2729 3951 Dei
2787 3896 2951 3951 Isaias
3012 3898 3270 3964 propheta

1692 3994 1862 4067 dicit:
1897 3993 2079 4057 «Quot
2103 3988 2219 4044 dies
2268 3989 2395 4059 ligni
2457 3988 2581 4042 vita:
2628 3997 2775 4054 sunt,
2834 3988 3055 4042 totidem
3111 3995 3268 4040 erunt

1694 4086 1811 4139 dies
1858 4083 2035 4153 populi
2082 4083 2182 4135 mei
2218 4081 2259 4138 ⁸.
2286 4100 2306 4132 ι
2340 4081 2504 4151 lgttur
2549 4080 2713 4135 simul
2745 4091 3002 4149 perennat
3049 4078 3227 4147 justus
3253 4116 3270 4141 ,

1694 4191 1814 4228 cum
1869 4175 1991 4228 vita:
2044 4174 2190 4243 ligno
2247 4172 2665 4240 complantatus,
2716 4170 2869 4239 cujus
2910 4172 2967 4225 lit
3015 4185 3197 4225 ramus
3218 4179 3269 4224 et

1695 4266 1899 4335 palmes
1926 4267 1993 4321 ob
2022 4266 2261 4320 divinutn
2297 4265 2531 4319 fructum
2569 4265 2910 4333 faciendum;
2972 4280 3095 4319 nam
3142 4278 3270 4317 vera

1695 4358 1782 4412 illa
1816 4359 1963 4421 vitis,
1995 4374 2113 4426 quae
2166 4356 2289 4412 vita:
2330 4357 2528 4427 lignum
2575 4365 2680 4419 est,
2726 4355 3003 4427 discipulis
3052 4356 3270 4409 aiebat:

1703 4449 1853 4519 «Ego
1900 4465 2016 4503 sum
2067 4449 2193 4503 vitis
2252 4462 2403 4514 vera,
2458 4464 2552 4503 vos
2599 4447 2865 4518 palmites,
2908 4446 3067 4501 Pater
3120 4431 3313 4502 meus.

1698 4540 1931 4607 agricola
1960 4549 2074 4606 est;
2109 4555 2326 4595 omnem
2372 4540 2649 4610 palmitem
2700 4542 2753 4593 in
2806 4552 2891 4593 me
2942 4545 3276 4600 manentem,

1622 4606 1669 4664 υ
1698 4606 1890 4701 purgat
1918 4630 2079 4686 Pater
2101 4645 2271 4695 meus,
2305 4606 2626 4686 ut—fructutn
2652 4628 2772 4701 plus
2800 4628 3007 4684 afferat.
3028 4630 3049 4661 ’
3073 4647 3106 4679 »-

1776 4810 1875 4878 Qui
1919 4811 2219 4880 bujusmodi
2251 4820 2335 4866 est
2364 4820 2746 4881 prosperatur:
2784 4826 2905 4865 nam
2947 4828 2967 4861 ι
2998 4808 3270 4881 diligenti-

1710 4903 1811 4957 bus
1844 4903 2031 4968 Deum,
2064 4906 2244 4958 omnia
2274 4917 2632 4974 cooperantur
2657 4908 2709 4961 in
2741 4906 2939 4959 bonunt
2966 4904 3029 4957 ¹⁰.
3064 4922 3189 4955 ι-ι
3228 4906 3273 4958 Α

1704 4994 1928 5050 Domino
1951 5015 1967 5047 ι
2002 4997 2145 5051 enim
2169 5038 2184 5063 ,
2230 4999 2422 5067 inquit,
2460 5017 2479 5050 ι
2504 5000 2805 5066 diriguntur
2832 5011 3048 5067 gressus
3101 4996 3260 5050 homi-

1703 5088 1869 5143 nis“.
1900 5109 1919 5141 ι
1962 5090 2227 5146 Accurate
2279 5102 2459 5146 autem
2514 5092 2689 5145 omnia
2741 5090 2898 5153 dixit,
2951 5099 3009 5142 ut
3038 5089 3113 5143 rei
3146 5104 3272 5156 per-

1705 5177 1990 5235 fectionem
2018 5185 2286 5237 ostendat.
2321 5182 2421 5249 Qui
2451 5183 2594 5237 enim
2629 5182 2719 5235 Dei
2759 5182 2859 5251 legi
2888 5181 3155 5249 propriam
3186 5197 3276 5233 vo-

1707 5270 1972 5325 luntatem
2026 5273 2351 5338 conformat,
2400 5274 2531 5327 nihil
2568 5274 2901 5327 contrarium
2938 5285 3080 5342 aget.
3121 5272 3281 5338 Quod

1704 5360 1748 5414 si
1778 5366 1938 5415 etiam
1971 5364 2168 5419 alicubi
2199 5366 2475 5427 scribitur,
2507 5382 2526 5415 ‹
2580 5365 2676 5418 Via
2722 5366 3005 5434 impiorum
3039 5379 3267 5434 prospe-

134 5564 148 5593 ‘
172 5567 276 5620 Art.
300 5584 340 5627 t‘.
364 5569 452 5623 16.
533 5567 557 5599 ⁸
583 5566 714 5621 Ibid.
737 5566 825 5619 20.
934 5564 1157 5618 ‘Malth.
1193 5580 1330 5618 xxu.
1364 5562 1449 5621 44,
1475 5563 1562 5617 45.

1716 5562 1830 5617 Jac.
1875 5580 1946 5630 tv,
1971 5565 2025 5620 7.
2101 5566 2120 5595 °
2144 5565 2299 5619 Joan.
2328 5582 2437 5632 xw,
2464 5566 2518 5621 6.
2595 5567 2613 5597 ⁷
2638 5566 2823 5621 Matth.
2862 5584 2913 5633 κ,
3117 5567 3137 5596 ⁸
3173 5565 3276 5620 lsa.

66 5644 159 5692 tu.
183 5636 263 5688 ἓξ.
323 5639 343 5668 ’
365 5638 524 5692 Joan.
554 5654 641 5703 xv,
672 5640 720 5700 l,
750 5637 805 5689 2.
881 5636 923 5667 ¹⁰
957 5636 1109 5688 Rom.
1151 5651 1264 5698 vm,
1292 5634 1383 5686 ‘28.
1463 5635 1501 5663 “
1536 5633 1694 5690 Prov.
1740 5650 1808 5687 xx
1842 5637 1935 5688 εἶά.

116 5754 177 5819 ll)
216 5735 523 5810 Ἐπείθετο.
570 5752 674 5807 Pro
706 5740 957 5817 ἐπύθετο,
1004 5762 1057 5805 et
1093 5767 1250 5821 supra
1294 5750 1599 5822 γεναμένης

66 5834 138 5884 βτί)
162 5827 455 5895 γενομένης·
496 5842 634 5893 quas
680 5826 897 5877 dialecli
946 5824 1322 5895 Alexandrina.-
1371 5822 1595 5895 {ou-mas,

66 5902 103 5943 et
134 5894 169 5946 δί
194 5893 299 5964 qua:
346 5893 473 5951 alibi
520 5899 877 5957 occurrerunt,
921 5894 985 5947 ad
1016 5894 1248 5946 litteram
1285 5893 1598 5945 exscriben-

1707 5755 1804 5808 das
1834 5754 2107 5819 duximus,
2159 5769 2228 5808 ne
2261 5756 2497 5809 auctoris
2545 5755 2888 5808 Alexandrini
2948 5766 3139 5824 stytnvn
3179 5771 3278 5807 nua

1711 5827 1840 5892 tivo,
1866 5839 1921 5881 ut
1943 5828 2110 5893 aiunt,
2137 5825 2315 5882 colore
2348 5825 2739 5880 l'raudarcmus.
2777 5826 2928 5879 Eutr.
2966 5824 3067 5878 PM
3085 5840 3204 5879 RDL.
