3774 6312
41 296 169 351 1161

1318 295 1678 355 EXPOSITIO
1718 301 1781 355 ΙΝ
1821 300 2160 357 PSALMOS.

3194 309 3331 364 1162

38 413 149 477 λία,
174 410 631 482 κηρυττομένου
657 408 752 463 τοῦ
778 408 1109 478 Εὑαγγελίου
1140 408 1198 463 ὲν
1221 410 1370 484 πάσῃ
1392 414 1458 483 τῇ
1483 413 1660 467 κτίσει

1815 425 2025 471 δειλίαι-ω
2046 417 2309 470 universm
2333 430 2450 486 quas
2474 416 2573 472 sub
2600 416 2736 472 cmlo
2758 425 2856 471 est.
2887 417 3140 474 Fortasse
3165 423 3329 478 etiam

38 510 103 577 τῇ
133 505 250 559 ὑπὸ
272 504 379 557 τὸν
405 502 689 574 οὐρανόνο
722 503 772 554 εί
799 501 1024 554 δυνατὸν
1052 501 1269 572 πέρατα
1300 503 1403 572 τῆς
1434 503 1539 573 γῆς
1562 522 1659 558 κα-

38 597 254 650 λεῖσθαι
282 596 562 651 ἐνταῦθα.
589 595 712 657 τοὺς
740 593 841 664 βίῳ
863 593 956 647 καὶ
982 595 1289 665 φρονήματι
1314 596 1663 667 περάσαντας

39 688 137 759 τὴν
166 704 304 759 γην.

109 782 205 837 Στ.
242 780 316 833 θ’.
362 781 649 851 Διδύμου
674 784 821 852 ὁμοῦ
850 783 994 855 [καὶ]
1027 784 1501 857 Θεώοῳίτουῶ).
1527 788 1590 840 Ei
1610 788 1667 841 δὲ

43 872 173 943 περὶ
207 870 329 924 τῶν
372 872 676 927 Ἰουδαίων
699 873 933 942 λέγοιτο,
978 893 997 926 ι
1043 874 1129 939 Ὠς
1161 875 1355 940 σκεῦος
1383 877 1668 948 κεραμέως

45 961 377 1033 συντρίψεις
418 962 665 1026 αὐτοὺς,
708 981 727 1015 ι
763 962 1184 1035 πληρωθήσεται
1209 964 1290 1030 τὸ,
1321 983 1341 1016 ι
1378 965 1497 1018 Υἱοὶ
1530 964 1668 1018 Σιὼν
1708 980 1715 987 δ

44 1055 91 1106 οί
122 1052 310 1123 τίμιοι
345 1053 682 1123 ἐπηρμένοι
714 1054 964 1126 ἀργυρίῳ
983 1094 998 1119 ,
1038 1055 1156 1119 πῶς
1186 1055 1542 1127 ἐλογίσθησαν
1588 1058 1668 1120 είς

46 1146 245 1213 ἀγγεῖα
273 1144 637 1215 ὀστράκινα,
668 1144 806 1215 ἔργα
829 1146 1027 1217 χειρῶν
1057 1147 1379 1218 κεραμέως;
1414 1168 1431 1199 ι
1461 1148 1537 1211 ὡς
1565 1165 1669 1219 μη-

46 1237 132 1289 δὲν
168 1236 256 1287 ἔτι
297 1236 612 1306 χρήσιμον
646 1237 738 1289 ὑπ’
779 1238 961 1290 αὐτῶν
1001 1237 1418 1291 ὑπολείπεσθαι·
1455 1239 1669 1311 εἴρηται

52 1330 105 1381 δέ
150 1344 247 1399 μοι
292 1326 499 1381 ταῦτα.
535 1328 969 1399 συμφερομένως
1004 1328 1084 1400 τῷ
1130 1330 1383 1401 προφήτῃ
1424 1328 1665 1398 λέγοντιο

57 1436 75 1469 ι
104 1421 219 1473 Καὶ
232 1419 404 1473 ἔσται
433 1420 510 1473 τὸ
543 1420 767 1491 πτῶμα,
801 1440 820 1471 ι
852 1420 946 1474 τοῦ
971 1421 1299 1494 ἀμαρτωλοῦ
1324 1422 1455 1475 λαοῦ
1479 1422 1668 1491 δηλον-

55 1513 162 1575 ότι,
216 1530 241 1565 ι
303 1513 391 1577 ὡς
445 1513 674 1580 πόλεως
728 1513 1064 1579 ἑαλωκυίας,
1114 1514 1210 1569 καὶ
1274 1514 1351 1579 ὡς
1412 1515 1673 1588 συντριϐῇ

58 1603 285 1669 σκεύους
316 1604 675 1678 ὀστρακίνου
702 1607 782 1669 είς
812 1606 1005 1661 λεπτά.
1041 1624 1061 1659 ι
1111 1606 1201 1673 Ἐξ
1227 1598 1301 1663 ὧν
1325 1607 1471 1678 (6)...

123 1695 215 1748 Στ.
250 1700 307 1758 ι’,
347 1701 451 1748 ια’.
492 1694 631 1749 Νόει
659 1694 715 1749 δὲ
743 1697 824 1761 τὸ,
868 1713 887 1747 ι
921 1695 1032 1750 Καὶ
1060 1694 1178 1763 νῦν,
1207 1696 1464 1768 βασιλεῖς,
1499 1718 1517 1751 ι
1548 1700 1669 1754 ἀντὶ

1769 507 2027 563 vocabulo
2057 509 2269 562 termini
2301 522 2393 562 eos
2435 510 2535 563 hoc
2576 510 2692 565 loco
2727 510 2995 579 appellare
3042 512 3192 579 licet,
3236 516 3327 585 qui

1766 602 1892 656 vita:
1930 615 2040 655 suae
2085 600 2391 669 mentisque
2424 600 2743 657 excellentia
2781 610 3027 658 terrenos
3068 606 3329 660 terminos

1766 692 2049 747 excedunt.

1836 782 1999 840 Vens.
2028 785 2079 840 9.
2123 786 2336 854 Didymi
2378 785 2535 838 simul
2564 794 2611 839 et
2658 783 2984 839 Theodoreti.
3028 784 3225 853 Quodsi
3272 788 3337 841 de

1767 871 1967 929 Judaeis
2031 874 2265 941 dicitur,
2314 874 2631 941 «Tanquam
2676 889 2772 929 vas
2826 876 2970 945 ﬁguli
3034 876 3337 944 r-ont'ringes

1767 978 1890 1029 eos;
1913 982 1932 1015 ι
1968 966 2154 1032 utique
2186 980 2373 1018 verum
2405 964 2595 1019 evadet
2631 964 2758 1018 illud
2792 982 2807 1019 :
2847 984 2865 1016 ι
2893 964 3015 1020 Filii
3042 964 3222 1021 Sionis
3257 968 3339 1020 in-

1768 1056 1920 1127 clyti,
1962 1066 2187 1123 argento
2214 1055 2611 1126 superbientes,
2647 1060 2916 1126 quomodo
2946 1059 3173 1126 repntati
3215 1069 3340 1113 sunt

1769 1162 1868 1204 ceu
1900 1163 2028 1204 vasa
2073 1148 2236 1213 lutea,
2274 1162 2439 1218 opera
2468 1163 2725 1203 manuum
2751 1147 2896 1219 ﬁguli
2918 1148 3001 1203 “?
3036 1151 3210 1219 Atque
3239 1149 3341 1205 hoc

1768 1240 1855 1295 aio
1880 1249 2235 1311 congruenter
2262 1242 2536 1310 prophetae
2558 1240 2755 1295 dicenti
2788 1258 2801 1293 :
2836 1257 2854 1291 ι
2882 1239 2949 1294 Ει
2976 1240 3078 1294 erit
3111 1240 3287 1307 ruina,
3316 1259 3334 1291 ι

1767 1335 2066 1401 peccatoris
2086 1332 2342 1387 nimirum
2386 1332 2591 1402 populi,
2635 1349 2655 1384 ι
2694 1342 2945 1401 tanquam
2975 1331 3123 1387 urbis
3146 1341 3338 1401 captm,

1768 1433 1824 1478 et
1878 1434 2135 1494 tanquam
2185 1423 2326 1480 vasis
2378 1423 2508 1478 lutei
2576 1425 2884 1478 minutatim
2942 1406 3283 1492 contriti'ﬁ
3315 1442 3334 1475 ι

1769 1512 1941 1569 Unde.
1966 1553 1980 1568 .
1999 1554 2014 1568 .

1839 1694 2003 1751 Vens.
2043 1695 2130 1759 10,
2182 1695 2267 1749 Η.
2306 1692 2548 1764 lntellige
2587 1702 2762 1748 autem
2795 1694 2995 1749 verba:
3030 1711 3050 1745 ι
3077 1693 3143 1748 Et
3176 1708 3342 1755 nunc,

62 1786 150 1839 20':
169 1802 185 1815 ο
226 1786 358 1840 Κᾶν
411 1785 522 1841 νῦν
572 1786 667 1840 τοῦ
708 1787 1118 1860 σταυρωθέντος
1147 1788 1309 1861 (ἀλλ’)
1339 1791 1668 1857 ἀναστάντος

1815 1802 1948 1860 eges,
1975 1807 1995 1842 ι
2024 1802 2156 1859 pro:
2183 1788 2294 1843 Etsi
2322 1801 2464 1842 nunc
2494 1786 2787 1842 cruciﬁxus
2817 1795 2921 1849 est,
2949 1796 3185 1839 attamen
3218 1799 3340 1839 mox

66 1877 125 1928 ὲκ
140 1874 247 1927 τῶν
262 1876 505 1947 νεκρῶν
525 1892 543 1907 ο
570 1876 665 1930 καὶ
688 1874 983 1947 φοϐήθητε,
1001 1875 1051 1929 οἱ
1069 1875 1348 1947 ἄρχοντες,
1370 1875 1669 1945 ἐγνωκότες

69 1968 139 2029 ὡς
172 1966 293 2020 ἔστι
326 1967 513 2031 Θεόςο
553 1967 701 2031 ὅπως
742 1966 808 2021 ἂν
842 1967 941 2037 τῆς
970 1968 1029 2020 ὲν
1074 1966 1223 2039 φόϐῳ
1250 1966 1490 2032 δουλείας
1539 1985 1670 2040 προ-

68 2054 345 2119 κοπτικῶς
372 2055 781 2127 πεπαυμένης,
814 2054 1135 2123 ἀγαλλίασις
1163 2056 1294 2126 ὑμῖν
1326 2054 1663 2126 ἐπιγένηται.

72 2148 327 2202 Τοιοῦτον
379 2150 490 2202 καὶ
536 2147 627 2213 τὸ,
666 2166 686 2201 ι
744 2146 1072 2213 Ἀλαλάξατε
1111 2146 1190 2217 τῷ
1232 2146 1354 2218 Θεῷ
1405 2148 1464 2200 ὲν
1515 2150 1666 2217 φωνῇ

74 2240 480 2308 ἀγαλλιάσεως,
505 2241 595 2294 ὅτι
614 2239 818 2312 Κύριος
845 2238 1068 2308 ὕψιστος
1093 2238 1321 2310 φοϐερός
1341 2256 1353 2268 ·
1385 2258 1406 2291 ι
1427 2239 1667 2293 τοιούτου

79 2330 178 2398 γὰρ
227 2330 424 2398 ὄντος,
482 2329 705 2402 ἀνάγκη
757 2330 897 2402 μετά
952 2331 1156 2403 τρόμου
1200 2331 1299 2403 τὴν
1351 2331 1670 2401 ἀγαλλίασιν

79 2422 235 2490 ἔχειν.

149 2514 237 2567 Στ.
274 2513 363 2584 ιβ’.
407 2512 657 2568 Δύναται
685 2512 742 2565 δὲ
767 2514 864 2567 καὶ
894 2516 1028 2585 πρὸς
1059 2516 1142 2577 τὸ,
1182 2534 1202 2566 ι
1237 2514 1515 2586 Δράξασθε
1546 2533 1670 2569 παι-

82 2603 241 2671 δείας,
272 2624 295 2658 ι
338 2607 610 2678 είρῆσθαι
651 2603 846 2675 δηλοῦν
876 2605 936 2657 τό
956 2618 970 2634 ⁸
1017 2606 1136 2658 Ἔτι
1169 2605 1321 2669 ὄντες
1356 2606 1416 2658 ὲν
1456 2605 1535 2676 τῷ
1569 2605 1669 2676 βίῳ

89 2696 251 2768 τούτῳ
279 2699 650 2771 παιδεύθητε.

153 2792 263 2845 03x
288 2791 587 2863 ἀλλότριον
622 2791 721 2862 τῆς
764 2788 1135 2861 χρηστότητος
1184 2788 1279 2843 τοῦ
1310 2790 1564 2862 Σωτῆρος
1606 2790 1668 2843 τὸ

94 2881 195 2944 τοῖς
225 2883 589 2953 παραστᾶσιν
640 2879 948 2952 βασιλεῦσιν
979 2879 1080 2950 τῆς
1121 2879 1224 2950 γῆς
1257 2878 1397 2950 μετά
1426 2880 1536 2933 τῶν
1566 2881 1668 2951 ἀρ-

96 2973 283 3041 χόντων
323 2973 438 3028 τῶν
492 2972 871 3045 συναχθέντων
925 2972 1046 3025 κατ’
1095 2969 1291 3035 αὑτοῦ,
1346 2971 1525 3039 λέγειν
1570 2970 1666 3036 τὸ,

105 3080 121 3112 ι
156 3061 258 3115 Καὶ
288 3063 387 3117 νῦν
407 3102 424 3128 ,
459 3063 727 3134 βασιλεῖς,
764 3060 973 3118 σύνετε.
997 3080 1018 3113 ι
1056 3061 1119 3113 Εἰ
1144 3060 1253 3132 γάρ
1280 3060 1375 3114 καὶ
1408 3060 1669 3133 πρότερον

101 3132 470 3225 ἀγνοήσαντες
517 3153 978 3219 ὲπεϐουλεύσατε,
1025 3152 1163 3207 ἀλλά
1210 3132 1460 3215 συνέντες
1507 3169 1671 3223 μετα·
1698 3132 1747 3196 C

104 3246 342 3315 νοήσατε,
380 3248 416 3317 ἦ
453 3246 674 3301 σύνεσιν
706 3246 934 3305 λάϐετε,
975 3243 1309 3307 ἀναστάντος
1355 3246 1419 3298 ὲκ
1464 3243 1671 3315 νεκρῶν

105 3336 188 3389 τοῦ
218 3340 654 3411 σταυρωθέντος.
696 3336 977 3392 Ἐντεῦθεν
1007 3335 1249 3408 μεταϐὰς
1274 3339 1302 3390 ὁ
1328 3336 1504 3405 λόγος,
1527 3335 1671 3389 διδα-

108 3432 320 3489 σκαλίαν
350 3436 635 3489 ἐκτίθεται
665 3437 775 3497 τοῖς
808 3432 1067 3505 ἄρχουσιν
1097 3433 1191 3487 καὶ
1222 3434 1334 3497 τοῖς
1364 3431 1673 3502 βασιλεῦσιν

109 3524 208 3585 τοῖς
242 3524 347 3577 ὑπὸ
384 3529 453 3597 τῇ
499 3524 696 3596 σιδηρᾷ
738 3522 920 3594 ῥάϐδῳ
964 3522 1492 3594 ποιμανθησομένοις
1512 3560 1530 3586 ,
1578 3520 1672 3576 καί

110 3624 279 3679 φησιν,
311 3612 397 3665 ὅτι
431 3611 677 3677 Γνῶντες
698 3653 714 3677 ,
759 3605 806 3665 ὦ
850 3604 1025 3673 οὗτοι,
1056 3612 1152 3666 καὶ
1184 3612 1434 3675 συνέντες
1464 3613 1611 3676 ὅπως
1636 3610 1671 3680 ἢ

114 3698 189 3763 τίς
226 3704 258 3770 ἡ
292 3703 529 3776 δύναμις
572 3704 669 3757 τοῦ
709 3704 859 3775 παρά
899 3703 994 3757 τοῦ
1027 3704 1241 3775 Πατρὸς
1286 3704 1565 3775 είληφότος
1604 3703 1673 3755 τὰ

114 3792 228 3865 ἐθιη
269 3796 661 3868 κληρονομίαν,
701 3798 797 3851 καὶ
822 3798 985 3851 ὁποία
1010 3814 1095 3861 τις
1122 3796 1379 3867 τυγχάνει
1408 3797 1443 3865 ἡ
1476 3795 1673 3865 σιδηρᾶ

121 3884 353 3959 ὀτῦδοςὴ
386 3889 511 3943 καθ’
546 3889 700 3959 ὑμῶν
732 3888 1149 3960 ὲπεγειρομένη,
1200 3887 1483 3943 παύσασθε
1509 3888 1672 3942 πολε-

120 3973 326 4043 μοῦντες
359 3980 547 4051 αὐτῷ’
574 3980 930 4044 ἀναλαϐόντες
961 3980 1019 4033 δὲ
1050 3979 1248 4051 μᾶλλον
1283 3979 1519 4047 σύνεσιν,
1548 3978 1672 4031 ἐπί-

120 4062 224 4118 δοτε
252 4068 477 4136 ἑαυτοὺς
512 4074 577 4142 τῇ
605 4071 799 4143 λογικῆ
828 4069 1065 4141 παιδείᾳι

183 4158 266 4211 Στ.
288 4168 377 4229 ιγ’.
402 4163 499 4227 Τὸ,
524 4182 542 4215 ι
571 4164 630 4216 ἐν
646 4165 823 4233 τάχει,
856 4182 875 4215 ι
894 4162 993 4233 τῷ,
1022 4182 1043 4215 ι
1066 4162 1344 4235 Δράξασθε
1366 4162 1631 4228 παιδείας,
1651 4179 1671 4212 ι

1775 1889 2053 1950 resurget;
2106 1880 2290 1933 timete
2341 1878 2560 1947 itaque,
2612 1891 2646 1930 o
2676 1875 2985 1945 principes,
3036 1884 3092 1929 et
3149 1874 3344 1929 scitote

1774 1974 1919 2028 hunc
1942 1986 2063 2028 esse
2103 1971 2269 2026 Deum
2291 2010 2307 2037 ,
2362 1981 2419 2024 ut
2460 1967 2645 2023 servili
2683 1967 2877 2021 timore
2912 1964 3117 2019 utiliter
3153 1965 3348 2019 deinde

1775 2073 2042 2130 cessante,
2096 2064 2281 2118 laetitia
2326 2060 2483 2116 vobis
2537 2060 2843 2115 oboriatur.
2913 2058 3006 2112 Sic
3052 2065 3137 2112 est
3176 2057 3343 2111 etiam

1776 2157 1955 2213 illud:
1991 2155 2268 2210 «Jubilate
2311 2154 2422 2208 Deo
2466 2153 2518 2207 in
2573 2164 2707 2205 voce
2753 2147 3167 2212 exsultationis,
3211 2160 3347 2217 quo-

1774 2248 1918 2302 niam
1949 2245 2201 2300 Dominus
2229 2243 2476 2298 excelsus
2511 2240 2769 2297 terribilis
2786 2239 2856 2293 “.
2884 2256 2904 2291 ι
2936 2237 3089 2305 Quod
3117 2250 3241 2290 cum
3268 2235 3345 2289 ita

1774 2339 1865 2399 sit,
1921 2350 2139 2391 necesse
2186 2345 2271 2390 est
2327 2348 2432 2389 non
2479 2333 2597 2387 sine
2642 2341 2880 2387 tremore
2927 2328 3344 2385 exsultationem

1777 2427 1914 2483 ﬁeri.

1850 2518 2013 2574 Vens.
2050 2519 2137 2573 12.
2213 2517 2331 2571 lam
2362 2515 2548 2579 dictio,
2598 2531 2618 2565 ι
2644 2513 3047 2585 Apprehendite
3103 2511 3346 2582 discipli-

1777 2624 1924 2672 nam,
1958 2628 1977 2660 ι
2025 2619 2203 2679 potest
2232 2609 2335 2662 hoc
2377 2607 2540 2661 etiam
2586 2604 2929 2676 signiﬁcare:
2963 2603 3211 2671 Quandin
3242 2602 3347 2657 hac
3400 2590 3401 2593 “

1774 2701 1886 2755 vita
1924 2699 2156 2764 utimini,
2189 2697 2532 2767 disciplinam
2562 2695 2881 2752 condiscite.

1846 2792 1963 2847 Non
2000 2800 2084 2846 est
2134 2789 2370 2844 alienum
2425 2802 2457 2843 a
2509 2788 2817 2843 Servatoris
2872 2788 3225 2859 benignitate,
3289 2798 3349 2844 ut

1775 2884 2073 2941 astantibus
2102 2891 2259 2939 terra:
2304 2880 2547 2954 regibus.
2589 2896 2711 2937 cum
2736 2880 3070 2953 principibus
3090 2883 3349 2936 adversus

1775 2992 1834 3033 se
1857 2974 2215 3046 congregatis,
2243 2974 2383 3029 dicat
2410 2990 2424 3028 :
2453 2991 2472 3025 ι
2496 2973 2564 3028 Et
2596 2988 2761 3039 nunc,
2793 2986 2970 3044 reges,
2998 2972 3339 3043 intelligite.»

1778 3068 2002 3123 Etiamsi
2046 3066 2192 3123 extim
2236 3080 2333 3136 per
2380 3065 2649 3121 inscitiam
2714 3075 2873 3121 antea
2919 3065 3156 3121 insidiati
3183 3063 3340 3129 estis,

1776 3169 1832 3214 at
1870 3175 2012 3214 nunc
2038 3158 2212 3214 edocti
2242 3157 2572 3226 resipiscite;
2616 3156 2699 3211 vel
2755 3156 2821 3213 ad
2867 3156 3192 3212 intellectum
3227 3157 3350 3211 red-

1776 3252 1905 3316 dite,
1934 3258 2214 3320 postquam
2264 3265 2295 3303 a
2346 3257 2519 3305 morte
2547 3248 2788 3305 surrexit
2824 3248 2915 3317 qui
2960 3248 3134 3303 fuerat
3175 3247 3350 3303 cruci-

1774 3344 1935 3398 ﬁxus.
1967 3342 2101 3397 Hinc
2130 3355 2357 3412 pergens
2390 3340 2589 3405 oratio,
2637 3339 2976 3410 disciplinam
3010 3340 3172 3394 tradit
3202 3341 3350 3409 prin-

1774 3432 1986 3503 cipibus
2016 3432 2360 3501 regibusque,
2394 3445 2533 3500 quos
2569 3427 2749 3483 terrea
2780 3430 2929 3498 virga
2964 3440 3212 3485 recturus
3242 3440 3348 3493 est,

1773 3525 1987 3595 aitque:
2014 3522 2158 3579 Heus
2180 3523 2300 3577 vos!
2334 3520 2533 3576 eruditi
2552 3519 2689 3589 jam,
2704 3528 2759 3575 et
2778 3518 3137 3589 intelligentes
3148 3527 3353 3586 quanta

1776 3617 1850 3672 sit
1870 3618 1952 3672 vis
1975 3615 2116 3671 illius
2135 3614 2227 3685 qui
2248 3622 2438 3683 gentes
2463 3611 2793 3667 hareditatis
2824 3612 2994 3666 instar
3020 3626 3049 3665 a
3077 3610 3238 3665 Patre
3257 3624 3351 3665 ac-

1774 3708 1955 3777 cepit;
2010 3714 2068 3762 et
2107 3704 2282 3777 qualis
2314 3713 2639 3773 quantaque
2660 3702 2812 3771 virga
2862 3702 2935 3757 sit
2976 3701 3238 3756 adversus
3255 3714 3353 3757 vos

1776 3800 2005 3862 intenta,
2042 3795 2111 3851 ab
2150 3808 2217 3851 eo
2251 3794 2610 3863 oppugnando
2655 3791 2925 3858 desinite;
2961 3791 3057 3845 sed
3088 3790 3351 3859 prudente

1777 3890 1955 3959 potius
1989 3886 2175 3943 animo
2202 3886 2416 3952 imbuti,
2448 3883 2697 3939 rationali
2720 3893 2930 3941 vosmet
2962 3884 3157 3939 tradite
3185 3883 3352 3940 disci-

1776 3978 1962 4048 plinte.

1849 4157 2013 4213 Vens.
2044 4156 2134 4220 1⁸5,
2172 4153 2425 4218 Locutio,
2467 4169 2489 4207 ι
2518 4154 2572 4208 in
2603 4152 2777 4217 brevi,
2805 4172 2825 4207 ι
2861 4152 3138 4209 referenda
3167 4160 3250 4208 est
3280 4152 3351 4207 ad

125 4246 394 4305 ἀποδοτέον
440 4255 565 4309 καθ’
608 4253 914 4325 ὑπερϐατὸν
957 4254 1279 4326 εἰρημένον,
1314 4253 1389 4317 ὠς
1432 4249 1568 4308 εἶναι
1615 4254 1668 4307 τὸ

1820 4248 1958 4303 lam:
2003 4265 2023 4299 ι
2050 4246 2452 4316 Apprehendite
2485 4244 2842 4315 disciplinam,
2866 4262 2886 4297 ι
2924 4242 3354 4313 tanquaml'uerit

127 4335 396 4396 ἀκόλουθον
436 4346 538 4416 τῆς
573 4345 827 4415 φράσεως
865 4343 1067 4408 οὕτως·
1102 4344 1381 4415 Δράξασθε
1429 4344 1677 4410 παιδείας

1780 4356 1874 4411 per
1921 4340 2252 4410 hyperbaton
2297 4337 2501 4407 posita;
2530 4347 2589 4391 ut
2621 4337 2692 4391 sit
2718 4337 2973 4392 dictionis
3003 4338 3171 4392 series
3196 4337 3310 4391 haec
3333 4377 3351 4392 .

129 4424 177 4475 ἒν
206 4429 374 4501 τάχει,
406 4437 503 4490 καὶ⁵
526 4435 608 4489 ἔτι
635 4437 694 4489 ὲν
719 4435 797 4506 τῷ
829 4435 929 4506 βίῳ
954 4435 1127 4506 τούτῳ
1153 4436 1509 4507 τυχχάνοντες
1526 4454 1540 4469 ο
1572 4438 1668 4509 μή·

1815 4430 2179 4501 ιρντθιιεηιιίιθ
2230 4428 2568 4499 disciplinam
2600 4427 2798 4498 ,brevi,
2856 4428 2981 4484 dum
3029 4428 3207 4484 adhuc
3252 4428 3355 4482 hac

131 4534 240 4573 ποτε
271 4526 653 4599 ῥᾳθυμούντων
686 4526 837 4596 ὑμῶν
898 4528 1123 4599 ὀργισθῇ
1154 4529 1377 4601 Κύριος,
1407 4530 1502 4583 καὶ
1536 4530 1668 4582 ἀπο-

1815 4537 1901 4577 tce
1930 4521 2080 4576 vitali
2120 4521 2363 4585 utimini;
2410 4535 2481 4575 ne
2507 4520 2661 4589 torte
2704 4520 3136 4591 pigrescentibus
3200 4519 3355 4574 vobis

127 4607 282 4667 λεῖσθε
303 4617 361 4682 ἐξ
382 4620 505 4674 ὁδοῦ
527 4620 762 4684 δικαίας.
784 4648 857 4664 ο-
878 4620 951 4672 Τὸ
976 4620 1033 4672 δὲ
1061 4621 1395 4685 πεποιθέναι,
1420 4621 1675 4691 ἐμφαίνει

131 4700 290 4759 πίστιν
334 4714 449 4780 μετ’
482 4712 693 4775 ἐλπίδος
719 4710 969 4765 ἀπτώτου
1002 4710 1387 4781 βεϐαιοτάτηψ
1420 4712 1539 4765 οὐδὲ
1565 4712 1676 4781 γὰρ

131 4790 181 4841 ὲν
218 4800 320 4863 τοῖς
364 4801 580 4856 δοκοῦσι
623 4802 1026 4874 χαλεπωτάτοις
1070 4804 1283 4873 καιροῖς
1327 4804 1355 4855 ό
1398 4802 1675 4864 πεποιθὼς

135 4878 469 4954 ἀπογινώσκει
498 4896 596 4950 τὴν
628 4895 722 4947 τοῦ
746 4895 949 4965 Κυρίου
987 4895 1067 4957 είς
1096 4894 1257 4947 αὑτὸν
1289 4894 1610 4963 παρουσίαν.

1783 4614 2048 4669 irascatur
2076 4612 2353 4677 Dominus,
2376 4621 2430 4667 et
2457 4612 2523 4666 de
2555 4611 2639 4665 via
2660 4610 2804 4681 justa
2835 4611 3085 4678 pereatis.
3120 4637 3190 4649 —
3220 4608 3354 4664 Ver-

1785 4706 1908 4760 bum
1942 4714 2123 4759 autem
2154 4705 2415 4773 conﬁdere
2449 4702 2605 4757 ﬁdem
2649 4702 2889 4769 denotat,
2921 4716 3042 4756 cum
3068 4715 3165 4768 spe
3200 4700 3353 4754 inde-

1784 4798 2019 4862 ﬁciente,
2065 4796 2447 4851 ﬁrmissimam.
2506 4794 2713 4849 Etenim
2742 4809 2808 4848 ne
2836 4793 2891 4847 in
2924 4792 3083 4847 rebus
3110 4790 3352 4859 quidem,

1783 4906 1903 4959 quae
1928 4891 2180 4944 videntur
2226 4890 2553 4957 asperrimas,
2576 4887 2657 4941 vir
2688 4886 2776 4956 pia
2806 4885 3003 4940 ﬁducia
3026 4882 3255 4953 pollens,
3286 4882 3354 4937 de

1787 4980 2016 5037 aﬁ‘uturo
2042 4981 2143 5036 sibi
2176 4980 2377 5034 Domini
2407 4979 2606 5031 auxilio
2642 4977 2912 5046 desperat.

1516 5093 1839 5151 PSAIMUS
1878 5094 1964 5150 Ill.

196 5196 275 5250 Στ.
302 5208 368 5258 α’.
405 5205 623 5279 Ἀφίησι
642 5206 698 5259 δὲ
711 5205 841 5268 Θεὸς
864 5205 1090 5269 πολλοὺς
1108 5204 1309 5260 θλίϐειν
1330 5207 1419 5259 τὸν
1438 5207 1669 5273 δίκαιον,

144 5280 287 5354 διδοὺς
314 5294 561 5370 ἀφορμὴν
607 5297 755 5368 αὐτῷ
788 5298 985 5368 βάρους
1016 5296 1196 5367 δόξης,
1224 5299 1332 5351 ἀπὸ
1357 5299 1465 5351 τῶν
1494 5300 1672 5371 ὑπερ-

144 5372 410 5442 εαλλουσῶν
448 5389 677 5460 θλίψεων
704 5390 1075 5460 ὑφισταμένης
1098 5405 1112 5418 ο
1154 5389 1250 5442 καὶ
1278 5391 1330 5444 εί
1364 5407 1497 5443 ποτε
1526 5393 1554 5442 ὁ
1583 5391 1663 5443 δί-

204 5520 241 5550 ¹⁹
263 5518 447 5585 Tl'tren.
502 5544 577 5594 ιν,
605 5528 660 5583 2.
733 5530 779 5561 ’⁸
805 5528 915 5583 Jer.
945 5543 1059 5595 χιι,
1088 5529 1176 5583 Η.
1251 5529 1294 5559 ⁸⁸
1327 5528 1470 5584 Psal.
1495 5545 1604 5595 xu,
1631 5530 1688 5585 5.

183 5656 435 5739 ,ίῶᾼιψῑ
468 5670 605 5735 apud
637 5667 1033 5725 Tlteodoretum
1059 5668 1193 5739 nihil
1248 5668 1547 5739 huiusmodi
1585 5668 1661 5723 le-

156 5737 285 5792 Sttur.
311 5734 515 5793 Scimus
559 5748 734 5793 tamen
758 5754 881 5793 eum
912 5738 1126 5793 nonnisi
1150 5754 1211 5795 ex
1249 5734 1453 5795 catenis
1471 5741 1662 5795 decer-

347 5828 610 5894 Ρηιιοι..
649 5832 765 5893 (in.
810 5829 1113 5893 XXXIX.

1850 5211 2015 5267 Vsus.
2059 5212 2110 5266 1.
2152 5210 2295 5266 Sinit
2329 5208 2465 5265 Deus
2521 5208 2790 5265 hominem
2832 5209 3033 5279 justum
3093 5226 3124 5266 a
3175 5211 3359 5268 multis

1780 5298 1978 5370 aﬁligi,
2026 5301 2159 5355 dans
2208 5299 2281 5354 illi
2327 5299 2663 5355 occasionem
2707 5303 2914 5371 pondus
2953 5303 3133 5373 gloriae
3173 5306 3359 5373 acqui-

1786 5394 1957 5457 rendi,
1987 5408 2105 5462 qua:
2134 5406 2199 5447 ex
2233 5393 2384 5462 copia
2425 5392 2833 5449 tribulationum
2880 5396 3182 5452 conﬁcitur.
3223 5397 3287 5451 Et
3310 5395 3361 5450 si

1768 5673 1916 5736 ptum
1944 5663 2103 5736 nobis
2131 5675 2437 5736 superesse.

1841 5732 1916 5803 (6)
1957 5732 2157 5790 Desunt
2187 5733 2241 5789 in
2268 5732 2452 5790 codice
2481 5734 2691 5805 paginae
2720 5744 2973 5807 quatuor.

2973 5825 3050 5887 37
