3774 6346
361 284 382 335 l
400 281 501 336 163

1628 276 1863 335 DIDYMI
1902 277 2366 335 ALEXANDRINI

3471 281 3601 337 "Si

359 395 645 465 aliquando
690 395 870 464 justus
932 406 1195 465 angustus
1256 406 1472 467 pressus
1529 396 1725 452 uixerit
1775 399 1921 453 Deo:

2044 416 2181 462 ιαιος
2210 398 2498 469 ὲπαπορῶν
2523 397 2670 467 λέγοι
2697 398 2774 469 τῷ
2802 397 2921 468 Θεῷ
2938 413 2951 427 ·
2990 414 3008 448 ι
3031 396 3227 470 Κύριε,
3258 398 3311 451 τί
3338 399 3599 469 ἐπληθύν-

363 505 381 536 ι
411 486 655 549 Domine,
680 487 806 554 quid
835 486 1169 557 multiplicati
1197 489 1426 556 suntqui
1459 488 1715 542 tribulant
1758 490 1878 543 me?
1902 507 1920 539 ι

306 624 307 627 η
355 578 529 638 adhuc
543 592 607 632 eo
627 577 897 647 loquente,
931 598 949 630 ι
971 579 1109 633 Ecce
1126 580 1314 633 adsum
1337 580 1381 610 "
1402 598 1420 630 ι
1446 581 1735 647 reSpondet
1750 580 1929 635 Domi-

355 684 474 735 nus,
494 688 513 721 ι
532 679 588 723 ιιι
607 671 813 737 pondus
828 670 1009 740 gloria:
1021 671 1115 725 tibi
1136 672 1381 740 protinus
1396 671 1562 726 levem
1581 672 1741 726 faciat
1760 674 1928 727 tribu-

355 760 607 814 lationem
626 761 691 826 ”,-
718 780 736 812 ι
777 763 845 816 ita
870 777 964 831 per
983 761 1327 832 hyperbolem
1350 762 1571 817 dictam.
1591 762 1744 817 Unde
1763 763 1924 817 illud:

359 869 377 901 ι
400 850 969 907 ΜυίιωηιιὶιιυιθιῙοηεε
983 852 1251 921 justorum
1271 852 1334 905 “.
1358 871 1376 903 ι
1402 853 1466 906 Et
1482 868 1548 909 ne
1565 854 1711 909 salus
1724 855 1929 924 absque

360 943 468 996 Deo
492 958 612 997 esse
642 945 908 1009 videatur,
936 945 1055 999 ideo
1091 945 1257 999 David
1284 946 1526 1014 adjungit
1568 963 1588 995 ι
1615 947 1667 1001 in
1691 946 1822 1002 Deo.
1859 965 1877 999 ι

424 1032 591 1088 Vens.
630 1035 686 1089 4.
721 1035 982 1101 Quoniam
1012 1036 1248 1105 psalmus
1304 1046 1557 1106 tanquam
1594 1053 1660 1092 ex
1697 1053 1926 1109 persona

358 1125 570 1181 Domini
621 1128 1022 1196 pronuntiatur,
1057 1130 1341 1184 dicendum
1370 1140 1464 1184 est
1500 1130 1667 1199 ipsius
1714 1145 1929 1200 quoque

355 1228 515 1286 caput
543 1218 790 1282 exaltari,
832 1220 973 1287 quod
1009 1219 1101 1275 Dei
1131 1230 1243 1288 est;
1280 1236 1401 1275 cum
1440 1237 1638 1292 nempe
1670 1221 1786 1290 ejus
1811 1223 1927 1279 dei—

358 1322 441 1365 tas
471 1311 923 1366 demonstratione
955 1321 1176 1366 externa
1227 1311 1471 1369 ﬁdelibus
1520 1315 1579 1367 lit
1622 1315 1924 1371 manifesta.

357 1401 637 1470 Signiﬁcat
683 1403 876 1471 capitis
920 1400 1241 1458 vocabulum
1292 1403 1396 1458 hoc
1441 1404 1559 1461 loco
1605 1407 1924 1477 principem.

357 1485 562 1547 Idcirco
603 1502 908 1549 sanctorum
940 1495 1178 1549 virorum
1218 1498 1470 1568 princeps
1504 1496 1774 1563 Christus,
1813 1514 1926 1553 me—

354 1584 461 1639 rito
503 1599 593 1640 rex
621 1600 807 1641 eorum
837 1597 956 1653 est;
998 1598 1157 1657 atque
1188 1590 1257 1642 ita
1288 1600 1449 1660 caput
1481 1593 1791 1646 eorumdem
1821 1600 1923 1645 est.

358 1706 430 1717 -—
456 1675 696 1748 Namque
726 1679 862 1748 ejus,
900 1680 992 1749 qui
1022 1695 1145 1735 cum
1185 1681 1403 1737 Christo
1439 1684 1697 1748 surrexit,
1728 1693 1781 1739 et
1810 1700 1929 1753 qua:

357 1785 570 1826 sursum
605 1783 730 1827 sunt
751 1774 913 1841 sapit,
948 1789 1053 1829 non
1075 1790 1192 1843 quae
1215 1791 1380 1845 super
1404 1783 1603 1831 terram
1619 1778 1690 1842 ’⁸,
1720 1776 1927 1831 exalta-

360 1861 508 1916 bitur
559 1873 722 1933 caput
767 1880 796 1917 a
834 1863 1073 1921 Domino
1103 1866 1193 1936 qui
1241 1865 1479 1922 Verbum
1520 1878 1623 1923 est.
1650 1898 1718 1908 --
1743 1868 1928 1923 Gloria

357 1953 473 2020 ejus
498 1953 589 2021 qui
628 1953 801 2021 ipsum
833 1954 1040 2025 selegit,
1076 1971 1237 2025 quam
1290 1960 1358 2012 ab
1381 1972 1446 2013 eo
1478 1959 1593 2014 solo
1625 1959 1858 2029 postulat
1884 1960 1930 2014 is

359 2045 449 2113 qui
485 2044 711 2114 gloriam
743 2046 1023 2102 hominum
1061 2064 1166 2102 non
1198 2049 1416 2117 accipit.

432 2136 593 2190 Vens.
636 2136 690 2190 5.
722 2136 871 2194 Mons
900 2150 1119 2196 sanctus
1161 2140 1278 2206 Dei,
1307 2142 1501 2196 eximia
1530 2142 1673 2199 illius
1693 2145 1930 2213 cognitio

353 2236 538 2298 potest
571 2228 794 2299 intelligi
826 2244 842 2283 :
874 2246 1029 2286 mons
1070 2244 1291 2288 sanctus
1328 2234 1442 2301 Dei,
1475 2236 1618 2289 unde
1661 2236 1931 2305 supplices

360 2320 582 2374 exaudit
612 2319 755 2375 Deus
794 2322 1104 2393 unigenitns
1146 2324 1314 2379 Filius
1348 2326 1460 2380 Dei.
1495 2328 1569 2381 De
1607 2343 1716 2396 quo
1752 2338 1930 2381 monte

361 2411 560 2465 dictqu
604 2423 689 2467 est
716 2430 729 2467 :
765 2433 783 2465 ι
806 2413 924 2468 Erit
957 2417 1281 2485 conspicuus
1312 2433 1465 2472 mons
1500 2417 1591 2473 Dei
1626 2420 1930 2475 novissimis

361 2504 548 2559 diebus
568 2505 636 2559 ".
666 2523 686 2557 ι
718 2505 847 2573 Quae
880 2506 1081 2562 locutio
1131 2508 1615 2564 manifestationem
1665 2510 1805 2565 illius
1840 2512 1931 2565 dc-

361 2606 512 2651 notat
556 2598 816 2666 futuram,
852 2615 973 2657 cum
1011 2601 1063 2655 in
1100 2601 1418 2656 Steculorum
1467 2604 1931 2658 consummatione

360 2689 629 2745 adveniet.

434 2779 601 2836 Vens.
636 2780 689 2836 6.
734 2780 945 2853 Cubare
992 2783 1258 2854 signiﬁcat
1300 2784 1708 2839 reclinationem
1733 2824 1747 2849 ,
1812 2794 1931 2855 post

362 2886 525 2939 quant
556 2874 870 2942 supervenit
897 2890 1138 2930 somnus.
1172 2874 1309 2941 Quia
1352 2890 1481 2943 ergo
1510 2878 1743 2932 animam
1778 2894 1930 2933 suam

363 2974 553 3030 sponte
592 2964 859 3031 deposuit,
897 2976 1083 3035 postea
1124 2969 1452 3023 decumbens
1496 2982 1779 3038 soporatos
1826 2982 1929 3027 est.

2040 489 2212 559 θησαν
2238 490 2289 541 oi
2319 488 2596 551 θλίϐοντες
2619 504 2718 558 με;
2751 506 2769 539 ι
2804 486 2885 539 ἔτι
2906 484 3071 540 αὐτοῦ
3102 484 3420 547 λαλοῦντος,
3442 486 3602 537 εἰπὼν

2034 600 2052 632 ι
2098 582 2227 635 ’ἰδοὺ
2247 582 2482 653 πάρειμι
2504 599 2521 631 ι
2546 579 2921 648 ἀποκρίνεται,
2959 597 2978 629 ι
3001 577 3088 630 ἵνα
3128 576 3296 648 βάρος
3326 575 3490 645 δόξης
3516 577 3597 645 ἑρ-

2030 673 2264 743 γάσηταί
2281 690 2362 725 σοι
2376 673 2437 724 τὸ
2460 670 2773 743 παραυτίκα
2792 668 3025 738 ἐλαφρὸν
3038 669 3138 737 τῆς
3159 667 3429 735 θλίψεωςο
3449 685 3470 717 ι
3490 667 3597 719 καθ’

2030 764 2357 836 ὑπερϐολήν.
2389 763 2509 816 Διό·
2558 781 2577 813 ι
2612 761 2813 815 Πολλαὶ
2842 763 2898 813 αἱ
2927 760 3136 829 θλίψεις
3157 758 3271 812 τῶν
3302 759 3547 814 δικαίων.
3575 780 3590 811 ι

2030 857 2092 908 Εἰ
2127 855 2184 908 δέ
2213 856 2329 907 ἐστι
2373 853 2614 924 σωτηρία
2658 852 2756 923 μὲν
2783 852 2884 904 οὐκ
2915 853 2972 905 ὲν
3005 851 3083 920 τῷ
3125 850 3269 921 Θεῷ,
3301 849 3471 904 Δαυῖδ
3496 854 3595 914 τοῖς

2022 946 2164 1008 τέως
2191 945 2510 1016 πρόσκειται
2535 943 2595 997 τὸ
2626 963 2645 994 ι
2683 945 2742 996 ὲν
2771 942 2851 1013 τῷ
2880 942 2997 1013 Θεῴ
3022 942 3121 1013 (7).
3156 961 3175 995 ι

2099 1036 2189 1088 Στ.
2225 1035 2287 1090 δ’.
2332 1034 2550 1105 Ἐπειδὴ
2573 1033 2616 1085 δ’
2647 1032 2842 1103 ἐλέχθη
2872 1032 2948 1095 ὡς
2980 1034 3044 1084 ἐκ
3076 1030 3376 1103 προσώπου
3405 1031 3593 1101 Κυρίου

2028 1128 2056 1180 ό
2092 1126 2305 1197 ψαλμὸς
2338 1126 2733 1195 ἐπαγγέλλεται
2752 1165 2767 1189 ,
2801 1124 2991 1196 ῥητέον
3019 1125 3095 1187 ὡς
3130 1126 3223 1178 καὶ
3250 1122 3420 1177 αὐτοῦ

2030 1237 2118 1274 ται
2148 1221 2183 1291 ὴ
2210 1220 2422 1290 κεφαλὴ
2451 1220 2479 1271 6
2509 1218 2640 1282 Θεὸς
2664 1214 2818 1283 οὐσα,
2846 1219 2922 1270 ὅτ’
2947 1217 3013 1270 ἂν
3038 1220 3071 1288 ἡ
3101 1217 3295 1291 θεότης
3319 1216 3487 1270 αὐτοῦ
3511 1232 3592 1283 φα-

2030 1290 2247 1384 νερὰδΰ
2274 1311 2601 1376 ἀποδείξεως
2621 1313 2732 1373 τοῖς
2759 1311 2970 1373 πιστοῖς
2992 1309 3227 1379 γίνηται.
3256 1290 3515 1378 έημαίνει
3538 1308 3590 1361 τὸ

2028 1407 2127 1476 τῆς
2160 1404 2396 1475 κεφαλῆς
2424 1404 2595 1474 ὄνομα
2632 1405 2688 1455 ὲν
2722 1402 2930 1465 τούτοις
2957 1403 3219 1472 ἄρχοντα·
3257 1402 3343 1454 διὸ
3373 1401 3483 1454 τῶν
3508 1402 3588 1453 ἀν-

2028 1499 2168 1570 δρῶν
2196 1499 2378 1569 ἄρχων
2406 1499 2434 1550 6
2458 1496 2693 1569 Χριστὸς
2720 1496 2894 1564 ἁγίων
2921 1495 3110 1557 ὅντων,
3140 1493 3399 1563 βασιλεὺς
3427 1485 3590 1548 mea

2030 1587 2253 1651 εἰκότως
2279 1587 2426 1640 ἐστίν
2450 1604 2463 1617 ο
2490 1587 2584 1639 καὶ¹
2610 1585 2782 1657 ταύτῃ
2814 1586 3023 1657 κεφαλὴ
3051 1585 3230 1638 αὐτῶν
3255 1584 3585 1655 χρηματίζει.

2028 1712 2101 1723 —-
2132 1682 2193 1734 Εἰ
2231 1680 2341 1751 γὰρ
2375 1678 2681 1751 συνηγέρθη
2722 1678 2962 1749 Χριστῷ,
3002 1680 3097 1731 καὶ
3134 1678 3202 1731 τὰ
3244 1678 3359 1731 ἀνω
3399 1681 3585 1748 φρονεῖ,

2030 1775 2091 1827 οὐ
2123 1773 2191 1827 τὰ
2218 1773 2314 1831 ἐπὶ
2342 1773 2464 1844 γῆς,
2497 1771 2844 1844 ὑψωθήσεται
2875 1771 3039 1824 αὐτοῦ
3074 1772 3107 1841 ἡ
3136 1770 3345 1842 κεφαλὴ
3374 1772 3481 1823 ἀπὸ
3506 1771 3587 1822 τοῦ

2031 1864 2236 1936 Κυρίου
2264 1863 2322 1926 ὃς
2349 1864 2497 1917 ἐστιν
2527 1864 2556 1915 6
2584 1862 2777 1930 Λόγος.
2804 1891 2874 1901 —
2902 1860 3037 1925 Δόξα
3063 1860 3130 1913 ἂν
3156 1860 3249 1913 τοῦ
3273 1861 3588 1931 χωρίσαντος

2030 1955 2214 2019 αὐτὸν,
2241 1956 2308 2026 ἣν
2330 1954 2438 2008 ἀπὸ
2455 1953 2550 2007 τοῦ
2575 1953 2651 2025 (8)
2680 1953 2841 2025 μόνου
2866 1952 3128 2025 ἐζήτησεν
3146 1954 3176 2005 6
3204 1954 3281 2024 μὴ
3312 1952 3589 2023 λαμϐάνων

2029 2048 2185 2114 δόξαν
2224 2046 2545 2121 ἀνθρώπων.

2100 2142 2190 2193 Στ.
2230 2147 2290 2193 ε’.
2331 2142 2493 2211 Ὄρος
2528 2140 2682 2208 ἆγιον
2706 2139 2863 2205 Θεοῦ,
2902 2139 2935 2209 ἡ
2964 2138 3249 2209 ὑπερφυὴς
3275 2136 3475 2205 γνῶσις
3501 2138 3585 2189 αὐ-

2029 2234 2124 2287 τοῦ
2157 2233 2377 2287 δύναται
2406 2231 2744 2305 [νοεῖσθαι]·
2781 2232 2907 2301 ὅρος
2933 2231 3087 2300 ἆγιον
3123 2231 3216 2283 τοῦ
3254 2229 3424 2290 Θεοῦ.
3454 2229 3510 2294 ἐξ
3533 2222 3590 2283 οὗ

2031 2326 2307 2380 είσακούει
2330 2325 2437 2379 τῶν
2466 2324 2774 2396 εὐχομένων
2800 2323 2933 2388 Θεὸς
2963 2326 2993 2377 6
3028 2324 3325 2394 μονογενὴς
3356 2324 3481 2386 Υἱὸς
3503 2324 3589 2376 a6-

2029 2418 2125 2472 τοῦ
2143 2436 2157 2450 ⁸
2189 2419 2317 2489 περὶ
2340 2412 2401 2472 οὗ
2427 2418 2668 2489 εἴρηται·
2710 2437 2729 2469 ι
2770 2418 2961 2470 Ἔσται
2988 2416 3228 2488 ἐμφανὲς
3248 2416 3312 2493 τὸ
3344 2416 3467 2486 ὅρος
3490 2416 3589 2467 Κυ-

2034 2512 2149 2585 ρίου
2177 2510 2263 2564 ἐπ’
2301 2510 2546 2581 ἐσχάτων
2580 2508 2687 2562 τῶν
2730 2508 2986 2580 ἡμερῶν
3030 2527 3049 2560 ι
3090 2508 3357 2579 δηλούσης
3382 2508 3478 2579 τῆς
3510 2506 3588 2558 λέ-

2032 2602 2167 2669 ξεως
2212 2600 2413 2673 ταύτης
2457 2600 2554 2673 τὴν
2587 2600 2887 2671 γενομένην
2922 2599 3085 2654 αὐτοῦ
3128 2600 3433 2670 φανέρωσιν
3468 2598 3590 2652 κατὰ

2029 2690 2127 2761 τὴν
2158 2690 2455 2761 ἐπιδημίαν
2488 2689 2581 2742 ἐπὶ
2610 2689 2891 2759 συντελείᾳ
2918 2690 3026 2743 τῶν
3055 2688 3287 2742 αἰώνων.

2103 2782 2192 2836 Στ.
2342 2781 2415 2832 Τὸ
2448 2781 2548 2851 μὲν
2580 2780 2906 2853 κοιμηθῆναι
2953 2780 3206 2851 σημαίνει
3248 2780 3351 2851 τὴν
3386 2780 3592 2834 ἀνακλι-

2034 2889 2117 2925 σιν
2152 2872 2272 2943 μεθ’
2313 2873 2379 2943 ἢν
2420 2874 2449 2925 6
2483 2872 2646 2936 ὐπνος
2690 2873 3023 2941 ἐπιγίνεται·
3056 2874 3179 2926 ἐπεὶ
3216 2868 3311 2927 οῦν
3347 2874 3591 2936 ἑκουσίως

2030 2964 2129 3035 τὴν
2182 2963 2360 3037 ψυχὴν
2414 2963 2579 3017 αὐτοῦ
2633 2962 2850 3033 ἔθηκεν,
2911 2963 3051 3017 κατὰ
3116 2963 3272 3017 τοῦτο
3325 2964 3591 3035 κοιμηθές

365 3056 472 3110 Sed
497 3072 622 3111 mox
654 3073 682 3110 a
706 3059 937 3113 mortuis
969 3076 1280 3130 resurgens,
1312 3061 1418 3116 Deo
1448 3062 1791 3132 suscipiente,
1824 3065 1923 3133 pri-

2044 3057 2313 3112 ὒπνωσεψ
2364 3057 2672 3129 ἐξεγερθεὶς
2707 3057 2765 3111 δὲ
2806 3059 2871 3112 ὲκ
2911 3055 3153 3128 νεκρῶν,
3185 3056 3591 3129 ὰντιλαῦομένου

365 3149 665 3217 mogenitus
698 3160 1034 3206 mortuorum
1061 3152 1236 3209 factus
1266 3165 1348 3207 est
1369 3155 1434 3208 ³⁷.

357 3302 361 3308 ί
432 3240 596 3297 Vsus.
643 3242 695 3296 7.
727 3241 891 3298 Decet
920 3246 1092 3299 virum
1121 3256 1385 3313 sanctum,
1420 3249 1527 3304 Deo
1552 3252 1929 3320 confidentem,

361 3342 516 3388 extra
552 3344 751 3389 metum
793 3337 1016 3392 versari.
1050 3337 1141 3392 Sic
1183 3339 1233 3393 in
1287 3341 1549 3397 vicesimo
1599 3354 1753 3399 sexto
1794 3347 1935 3414 psal-

364 3440 492 3481 mo:
525 3445 545 3477 ι
592 3425 648 3480 Si
698 3428 999 3483 consistant
1034 3431 1293 3485 adversus
1338 3448 1426 3487 me
1466 3443 1663 3498 castra,
1710 3452 1818 3491 non
1866 3439 1936 3491 ti-

364 3517 529 3573 mebit
577 3533 671 3573 cor
711 3534 887 3573 meum
909 3519 1022 3573 ⁸⁸.»
1053 3519 1307 3576 Prazdieit
1364 3534 1545 3580 autem
1598 3520 1713 3584 haec
1762 3529 1923 3585 etiam

362 3611 614 3666 Salvator
660 3612 973 3695 innumeros
1000 3631 1229 3673 cernens
1272 3620 1363 3688 qtti
1400 3635 1522 3675 eum
1555 3624 1797 3695 cruciligi
1840 3640 1931 3694 po-

360 3704 611 3759 stulaturi
644 3716 836 3765 erunt:
869 3688 1057 3762 cbutra
1090 3725 1224 3778 quos
1252 3726 1312 3767 se
1338 3714 1568 3781 praebuit
1599 3688 1928 3772 interritum.

432 3796 595 3850 Vens.
624 3797 683 3852 8.
724 3797 953 3854 Temere
991 3800 1235 3857 inimicos
1272 3804 1455 3869 habet,
1498 3808 1590 3877 qui
1621 3810 1727 3864 odii
1770 3818 1933 3879 atque

360 3891 659 3946 inimicitiae
681 3906 901 3947 causam
932 3908 1037 3948 non
1067 3897 1316 3965 praebuit.
1356 3898 1517 3956 Tales
1567 3912 1694 3957 sunt
1742 3918 1930 3960 omnes

358 3984 449 4053 qui
504 3984 935 4053 persecutionem
995 3987 1292 4055 patiuntur,
1329 4000 1613 4059 propterea
1660 3995 1803 4063 quod
1845 3996 1932 4064 pie

358 4076 543 4127 vivunt
571 4075 622 4127 in
660 4074 878 4129 Christo
916 4072 1045 4130 Jesu
1067 4076 1134 4131 ”.
1164 4077 1370 4143 Quibus
1397 4095 1427 4134 a
1456 4080 1744 4138 Servatore
1793 4085 1932 4139 dici—

361 4175 486 4221 tur:
522 4184 540 4217 ι
563 4164 711 4221 Beati
739 4165 875 4222 estis
900 4166 1024 4222 cum
1057 4169 1502 4237 exprobraverint
1531 4188 1647 4239 vos,
1687 4184 1741 4229 et
1780 4177 1929 4231 dixe-

362 4260 469 4311 rint
494 4271 652 4310 omne
690 4258 887 4311 malum
912 4259 1233 4314 mentientes
1260 4272 1479 4332 pmpter
1510 4279 1598 4319 me
1615 4265 1683 4330 “,
1706 4284 1724 4316 ι
1755 4273 1811 4320 et
1842 4283 1930 4322 re-

358 4350 525 4416 liqua.
569 4347 681 4401 lioc
709 4362 921 4401 morum
954 4348 1200 4403 instituto
1221 4366 1344 4406 cum
1376 4364 1521 4409 esset
1550 4356 1713 4410 etiam
1739 4357 1925 4424 David,

2034 3150 2192 3216 Θεοῦ,
2221 3150 2562 3220 πρωτότοκος
2589 3152 2653 3203 ὲκ
2670 3150 2883 3221 νεκρῶν
2907 3150 3220 3221 γεγένηται.

2106 3244 2197 3295 Στ.
2235 3242 2303 3306 ζ’.
2338 3244 2545 3314 Πρέπει
2582 3242 2639 3295 δὲ
2680 3242 2822 3313 ἁγίῳ
2864 3242 3144 3295 πεποιθότι
3180 3241 3299 3313 Θεῷ
3336 3241 3435 3312 τὴν
3474 3244 3595 3310 ἀφο-

2036 3337 2157 3391 ϐίαν
2190 3336 2399 3390 ἀσκεῖν.
2428 3335 2615 3399 Οῦτως
2638 3337 2697 3389 ὲν
2729 3342 2819 3400 κς¹
2845 3334 2995 3404 λέγει
3023 3333 3223 3405 ψαλμῷ
3241 3351 3257 3366 ⁸
3286 3353 3307 3387 ι
3356 3335 3479 3388 Ἐὰν
3501 3351 3596 3386 παι

2039 3431 2336 3502 ρατάξηται
2380 3428 2468 3484 ἐπ’
2516 3431 2617 3501 ἐμὲ
2656 3428 3009 3502 παρεμϐολὴ,
3048 3430 3110 3482 οὐ
3150 3428 3517 3501 φοϐηθήσεται
3563 3431 3593 3496 ἡ

2034 3522 2230 3594 καρδία
2250 3540 2373 3594 μου.
2402 3543 2421 3574 ι
2444 3524 2707 3595 Προλέγει
2732 3523 2789 3576 δὲ
2812 3522 3093 3576 ταῦτακαὶ
3120 3524 3148 3575 6
3175 3521 3364 3594 Σωτὴρ
3379 3520 3477 3584 τὰς
3501 3539 3591 3592 μυο

2038 3615 2223 3685 ριάδας
2255 3616 2466 3685 βλέπων
2495 3616 2604 3669 τῶν
2637 3615 2971 3687 αἰτουμένων
3003 3614 3163 3667 αὐτὸν
3202 3614 3591 3686 σταυρωθῆναι,

2035 3709 2171 3781 πρὸς
2197 3708 2265 3771 ἃς
2298 3708 2587 3778 ἀταράχως
2616 3707 2867 3761 διέκειτο.

2103 3802 2193 3853 Στ.
2238 3806 2309 3870 η’.
2355 3799 2615 3864 Ματαίως
2647 3799 2875 3871 ἐχθροὺς
2906 3796 3018 3869 ἔχει
3045 3800 3074 3850 6
3120 3796 3195 3869 μὴ
3225 3797 3479 3868 παρέχων
3516 3798 3593 3865 μί-

2034 3910 2159 3955 σους
2191 3895 2284 3947 καὶ
2311 3892 2511 3965 ἔχθρας
2538 3893 2832 3964 πρόφασιν.
2866 3890 3105 3943 Τοιοῦτοι
3142 3890 3197 3943 δέ
3228 3892 3366 3942 εἰσιν
3403 3891 3591 3950 πάντες

2031 3989 2079 4040 oi
2112 3985 2431 4057 διωκόμενοι
2457 3986 2543 4039 διὰ
2574 3985 2634 4037 τὸ
2662 3986 2761 4055 ζῇν
2787 3982 3025 4045 εὐσεϐῶς
3053 3984 3110 4035 ὲν
3144 3982 3363 4053 Χριστῷ
3405 3980 3589 4052 Ἰησοῦν

2032 4080 2168 4149 πρὸς
2190 4078 2282 4143 οὓς
2318 4078 2534 4148 λέγεται
2570 4076 2673 4130 ὐπὸ
2699 4076 2793 4132 τοῦ
2830 4078 3096 4148 Σωτῆρος·
3127 4092 3148 4126 ι
3180 4073 3453 4144 Μακάριοί
3479 4075 3591 4125 ἐστε

2030 4174 2105 4226 ὅτ’
2154 4172 2222 4226 ἂν
2263 4170 2592 4224 ὀνειδίσωσιν
2630 4170 2806 4240 ὑμᾶς,
2841 4170 2936 4222 καὶ
2969 4168 3194 4221 εἴπωσιν
3223 4167 3331 4219 πᾶν
3370 4164 3591 4235 πονηρὸν

2029 4264 2347 4335 ψευδόμενοι
2378 4264 2565 4317 ἕνεκεν
2595 4263 2757 4335 ἐμοῦ,
2800 4281 2817 4313 ι
2855 4263 2948 4316 καὶ
2976 4261 3045 4313 τὰ
3073 4260 3218 4331 ἑξῆς.
3253 4259 3471 4329 Ταύτης
3501 4257 3590 4326 τῆς

2032 4355 2341 4426 προθέσεως
2381 4354 2456 4407 ὣν
2498 4354 2591 4407 καὶ
2623 4355 2652 4405 6
2693 4351 2873 4417 Δαυῒδ,
2920 4351 3147 4415 πολλοὺς
3181 4346 3326 4420 εἶχεν
3356 4348 3591 4420 ματαίως

359 4440 557 4494 multos
602 4439 791 4493 habuit
834 4440 954 4495 sine
996 4454 1158 4497 causa
1199 4443 1469 4509 inimicos,
1508 4457 1569 4502 ut
1620 4447 1836 4503 Saulem
1874 4458 1923 4504 et

2044 4449 2277 4521 ἐχθροὺς,
2300 4451 2376 4514 ὡς
2402 4450 2494 4502 τὸν
2517 4447 2706 4512 Σαοὺλ,
2738 4448 2831 4501 καὶ
2858 4448 2949 4501 τὸν
2982 4445 3321 4517 Ἀὅεσαλὼμη
3350 4445 3447 4499 καὶ
3474 4445 3591 4505 τοὺς

358 4531 736 4585 Abesalomum
760 4532 1057 4603 horumque
1074 4535 1380 4605 stipatores.
1410 4536 1546 4593 Nam
1575 4548 1765 4595 sanato
1784 4541 1922 4606 viro,

357 4636 409 4676 et
456 4622 546 4693 qni
586 4622 806 4677 multam
853 4628 1319 4682 mansuetudinem
1359 4628 1766 4701 bonitatemque
1795 4647 1925 4703 erga

248 4710 249 4713 “
356 4727 449 4766 eos
477 4726 621 4781 saepe
649 4726 1077 4783 exprompserat.
1106 4716 1228 4769 sine
1260 4732 1421 4773 causa
1450 4718 1643 4774 inlensi
1677 4733 1853 4780 erant.

428 4803 590 4857 Vens.
626 4804 681 4859 9.
718 4805 972 4871 Quaenam
1004 4817 1085 4860 est
1126 4807 1425 4862 benedictio
1453 4810 1645 4879 populo
1669 4828 1925 4880 superve-

357 4895 532 4959 niens,
565 4897 665 4952 nisi
697 4896 875 4953 Patris
909 4896 1159 4953 voluntas
1197 4899 1265 4955 de
1291 4898 1413 4954 Filii
1450 4903 1503 4955 in
1538 4904 1798 4957 mundum
1830 4904 1926 4959 ad-

356 4987 556 5042 ventu?

2035 4541 2132 4593 σύν
2159 4540 2360 4602 αὐτοῖς.
2388 4540 2494 4593 Τοῦ
2515 4539 2622 4609 γὰρ
2644 4538 2799 4607 ἁγίου
2823 4537 3026 4608 πολλὴν
3053 4537 3335 4607 πραότητα
3354 4538 3446 4589 καὶ
3466 4538 3589 4603 ἁγα-

2035 4632 2231 4703 θότητα
2281 4633 2360 4695 είς
2407 4631 2602 4694 αὐτοὺς
2637 4628 2894 4691 πολλάκις
2950 4626 3361 4697 ἐνδειξαμένου,
3425 4626 3589 4696 μάτην

2032 4721 2172 4798 ἦσαν
2197 4725 2400 4796 ἐχθροί.

2106 4817 2195 4869 Στ.
2229 4818 2295 4869 θ’.
2324 4817 2364 4868 Τ
2372 4817 2417 4878 i;
2456 4816 2490 4885 ἡ
2515 4812 2732 4882 εὐλογία
2764 4813 2797 4882 ἡ
2836 4812 2929 4865 ἐπὶ
2957 4811 3048 4864 τὸν
3073 4809 3203 4862 λαὸν
3230 4807 3496 4878 ἐρχομένη
3514 4846 3527 4865 ,
3559 4805 3586 4874 ἦ

2037 4909 2287 4980 βούλησις
2311 4908 2404 4962 τοῦ
2430 4905 2638 4977 Πατρὸς
2661 4907 2694 4975 ἡ
2722 4905 2853 4974 περὶ
2874 4902 2974 4964 τῆς
2994 4900 3283 4970 ἐπιδημίας
3304 4916 3317 4962 ;

1891 5105 2080 5160 LMUS
2118 5103 2206 5160 iV.

1891 5106 1931 5160 L
2118 5105 2206 5160 iV.

676 5193 887 5263 Didymi
910 5194 1255 5250 Alexandrini
1283 5197 1346 5251 de
1366 5196 1516 5250 titulo
1538 5198 1726 5267 psalmi
1754 5105 2136 5269 ξιῗῇιὶδξῐίὸιη
2156 5198 2334 5264 ﬁnem,
2367 5170 2421 5249 in
2457 5192 2693 5263 psalmis,
2729 5189 2989 5244 canticum
3016 5185 3228 5240 Daviat.
3257 5203 3275 5235 ι

1000 5287 1128 5356 (Mn
1166 5288 1494 5343 Bibliotheca
1523 5305 1683 5356 nova,
1719 5301 1757 5344 t.
1792 5291 1880 5355 Ill,
1914 5320 1923 5334 ι

2074 5290 2205 5351 284,
2232 5304 2297 5343 ex
2327 5288 2449 5342 cod.
2485 5286 2658 5339 Vatic.
2696 5283 2737 5346 l,
2770 5281 2812 5335 l°
2850 5281 2965 5345 18.)

426 5377 660 5447 Didymi.
684 5375 964 5431 Canticum
989 5387 1070 5431 est
1087 5378 1423 5448 triumphalis
1440 5388 1533 5433 aut
1556 5381 1912 5435 eucharistica

425 5498 470 5527 υ
499 5495 602 5550 isa.
625 5510 777 5559 Lvm,
810 5494 863 5549 8.
938 5494 987 5525 ³³
1019 5492 1061 5546 ll
1091 5493 1198 5546 Cor
1232 5510 1306 5559 tv,
1339 5495 1425 5549 Π.
1502 5494 1550 5527 ’δ
1586 5493 1729 5548 Psal.
1758 5512 1851 5559 vn,
1875 5495 1964 5548 ‘20.

899 5563 945 5595 "
975 5562 1016 5617 ll
1046 5563 1185 5618 Tim.
1207 5580 1288 5627 ιιι,
1327 5565 1416 5619 12.
1490 5565 1535 5596 ³⁰
1566 5564 1758 5624 Matth.
1792 5582 1840 5631 ι’,
1868 5567 1953 5619 ll.

355 5568 398 5598 "
424 5566 560 5621 Psal.
588 5582 734 5628 XXVI,
769 5565 822 5619 5.

427 5681 503 5751 (7)
541 5679 758 5734 Phrasis
788 5676 1065 5751 mcpdosa.

2092 5378 2367 5447 Διδύμου.
2401 5376 2521 5447 ’ῼδή
2561 5378 2708 5428 ἐστιν
2734 5370 2994 5433 ὲπινίκιος
3018 5370 3053 5441 ἢ
3081 5369 3428 5441 χαριστήριός
3447 5360 3577 5426 αἶνος

2068 5498 2086 5525 ⁸
2117 5495 2323 5551 Coloss.
2358 5510 2439 5560 ιιι,
2463 5494 2519 5547 9..
2620 5494 2665 5525 ’θ
2694 5490 2797 5546 isa.
2828 5502 2961 5555 nu,
2994 5486 3048 5544 5.
3128 5485 3171 5519 ⁸⁷
3202 5481 3408 5539 Coloss.
3437 5498 3452 5513 κ
3499 5479 3574 5533 l8.

424 5742 499 5818 (8)
541 5751 674 5803 Ἀπὸ
708 5749 831 5803 τοῦ.
862 5748 1019 5803 Forte
1054 5749 1331 5817 legendum
1372 5748 1466 5802 ἀπ’
1506 5744 1694 5799 αὐτοῦ.
1742 5742 1923 5801 Ειιιτ.1

2044 5760 2145 5799 ιοι..
