3774 6306
35 257 203 313 “65
1286 261 1649 319 EXPUSITiO
1685 262 1753 318 IN
1791 262 2128 321 PSALMOS.
3205 271 3340 331 “66

35 382 201 452 μόνῃ
242 382 422 451 φωνῇ
452 379 892 451 προφερόμενος·
926 381 1135 452 sum:
1172 382 1231 436 δὲ
1256 384 1422 456 ὕμνος
1450 386 1525 456 ὀρ·

1848 387 2029 453 Idalio,
2083 402 2213 442 voce
2246 396 2453 443 tantum
2486 389 2710 459 prolata.
2754 389 2998 445 Psahuns
3056 400 3138 445 est
3182 393 3338 461 hym-

34 472 123 541 τῷ
161 470 521 542 καλουμένῳ
552 470 832 542 ψαλτηρίῳ
875 472 907 543 ἢ
954 473 1046 527 καὶ
1078 473 1278 546 κιθάρᾳ
1321 476 1524 547 κρουόμ

1847 493 1884 533 ιε
1905 478 1997 549 qui
2025 479 2094 533 ad
2124 479 2559 545 instrumentum,
2589 481 2674 536 cui
2698 496 2889 534 nomen
2920 480 3226 548 psalterium
3255 482 3337 536 vel

34 567 150 636 Εῖη
188 565 259 618 δὲ
298 564 447 637 πρὸς
478 564 786 633 ἀναγωγὴν,
973 567 1007 636 ἡ
1037 566 1238 639 θεωρία
1267 568 1367 639 τῆς
1411 569 1524 640 ἀλη4

1846 574 1940 625 iam
1973 570 2200 636 cithara,
2255 571 2488 625 canitur.
2535 571 2842 626 Secundum
2888 586 3015 625 vero
3039 586 3336 643 anagogen,

38 658 204 729 μόνῃ
234 658 440 728 νοήσει
463 656 858 728 μεμουσωμένῃ
878 658 1142 731 γενομένη
1163 676 1177 690 ο
1203 659 1415 732 ψαλμὸς
1433 662 1511 728 δὲ,

1845 672 1988 718 eest
2014 662 2393 732 contemplatio
2421 663 2665 718 veritatis
2716 679 2834 732 qua:
2882 663 2997 718 solo
3044 663 3335 726 intellectu,

42 751 174 815 ξεις
208 749 376 803 κατά
423 748 583 818 λόγον
615 748 706 802 τὸν
746 749 903 819 ὀρθὸν
935 749 1383 821 ὲπιτελούμεναι’
1432 754 1509 818 ὼς

1850 754 1978 810 tsica
2032 754 2195 810 veluti
2257 756 2536 811 harmonia
2595 764 2913 826 temperato,
2962 755 3040 809 ﬁt.
3098 755 3340 810 Psalmns

40 846 172 898 λειν
190 846 354 915 μὲν,
376 846 471 898 τὸν
500 844 803 916 πρακτικὸν
855 842 968 914 βίον
996 844 1217 915 ἔχοντα·
1256 846 1403 918 ᾅδειν
1450 847 1528 914 δὲ,

1848 860 1902 899 ιιι
1931 843 2171 903 actiones
2200 844 2445 909 denotat,
2475 858 2593 915 qua:
2618 846 2909 900 secundum
2939 856 3138 900 rectam
3170 847 3336 901 ratio-

44 936 445 1007 θεωρητικόν.
501 936 655 990 Ἐπεὶ
698 937 876 992 τοίνυν
932 935 961 990 6
1004 940 1169 993 Δαῦὶδ
1218 937 1415 1013 θεωρεῖ
1456 945 1534 993 καί

1846 953 1895 992 ιιι
1929 938 2106 995 fiunt:
2143 939 2216 992 ita
2247 948 2307 993 ut
2340 937 2556 1009 psallat,
2596 937 2689 1009 qui
2726 938 2973 1009 practicze
3021 940 3143 993 vita:
3169 954 3336 1007 genus

44 1031 278 1102 καρδίᾳ
309 1031 409 1084 τὸν
440 1030 572 1084 Θεὸν
599 1032 692 1086 καὶ
722 1031 820 1104 τὴν
856 1033 1115 1105 ἀλήθειαν
1144 1033 1329 1098 αὐτοῦ,
1365 1034 1506 1104 ᾠδὴν
1531 1056 1534 1068 ι

1848 1032 2051 1101 nitur;
2098 1040 2485 1096 cauatautem,
2534 1032 2629 1102 qui
2666 1032 3040 1088 theoreticum.
3075 1031 3338 1100 Quoniam

48 1123 256 1193 φέρει,
298 1123 371 1193 ῆν
400 1117 542 1176 εῖναι
572 1124 632 1177 ὲν
652 1124 885 1195 ψαλμοῖς
916 1125 1084 1195 λέγει,
1123 1127 1213 1181 διὰ
1241 1127 1301 1180 τὸ
1326 1127 1495 1180 πολλά
1523 1145 1538 1179 1

1852 1135 1955 1190 que
2002 1120 2171 1176 David
2206 1120 2600 1189 contemplatur
2628 1136 2761 1191 puro
2792 1122 2955 1177 corde
2997 1114 3162 1178 Deum
3196 1121 3342 1192 ejus-

49 1216 285 1279 κτικῶς
322 1214 475 1286 αὐτῷ
507 1216 922 1288 κατωρθῶσθαι.
958 1218 1106 1291 Αὕτη
1133 1221 1165 1290 ἡ
1190 1219 1321 1291 ᾠδή.
1357 1222 1462 1284 Εις
1483 1220 1539 1273 τέ

1849 1226 1876 1268 e
1926 1212 2233 1279 veritatem,
2279 1212 2550 1267 canticum
2586 1211 2812 1283 profert,
2847 1214 2990 1283 quod
3020 1213 3096 1268 ait
3126 1228 3246 1269 esse
3285 1213 3339 1269 in

48 1310 175 1372 ,ιος
208 1306 377 1359 ἐστὶν
408 1308 607 1373 ἐκεῖνο,
628 1307 656 1359 ὃ
684 1306 869 1360 καλεῖν
901 1308 1152 1363 εἰώθασιν
1173 1310 1397 1380 ἔσχατον
1421 1312 1538 1381 ὁρει

1851 1302 2012 1370 ιιιιιὶε,
2059 1311 2339 1373 pr0pterea
2380 1302 2521 1372 quod
2550 1302 2668 1372 ipse
2699 1303 2926 1372 plurima
2955 1304 3160 1374 agendo
3195 1313 3341 1359 recte

50 1398 139 1469 τῷ
163 1398 352 1453 αὑτοῦ
378 1399 544 1453 ἕνεκα
574 1398 643 1452 τά
669 1399 804 1453 ἄλλα
832 1400 1010 1455 πάντα
1037 1397 1177 1455 εἶναι
1203 1402 1393 1474 αἱρετὰ
1425 1403 1519 1456 καὶ

1854 1396 1976 1452 erit.
2017 1394 2144 1452 Haec
2189 1402 2255 1451 de
2290 1397 2521 1451 cantico.
2574 1395 2691 1451 Jam
2736 1397 2899 1451 dictio
2923 1396 2981 1451 in
3022 1397 3177 1461 ﬁnem
3211 1396 3341 1453 illud

52 1493 174 1546 κτὰ.
192 1510 209 1523 ο
248 1493 394 1546 αὐτὸ
423 1493 482 1546 δὲ
511 1492 613 1546 οὐκ
632 1492 793 1547 ἄλλου
822 1491 1013 1563 χάριν,
1207 1493 1356 1547 ἐστὶν
1382 1495 1416 1565 ἡ
1449 1494 1542 1548 πάι

1846 1488 2039 1549 :nillcat
2065 1488 2209 1559 quod
2233 1488 2391 1560 vulgo
2414 1494 2721 1544 extremum
2745 1487 3032 1559 appetibile
3054 1488 3157 1544 dici
3181 1488 3336 1555 solet,

52 1586 382 1650 τελείωσις.
415 1586 551 1657 Περὶ
576 1577 637 1638 οὗ
666 1584 761 1637 καὶ⁵
796 1585 825 1637 6
855 1583 1067 1648 Παῦλός
1102 1601 1285 1655 φησιν.
1320 1579 1453 1637 Εἶτα
1476 1588 1537 1637 τὸ

1850 1580 1893 1635 ia
1924 1582 2080 1652 hujus
2108 1582 2279 1652 gratia
2312 1592 2507 1637 caetera
2529 1580 2709 1636 omnia
2737 1581 2969 1650 optanda
2997 1589 3053 1636 et
3073 1581 3340 1650 appetlbi-

56 1680 180 1742 λος,
218 1678 354 1731 καθ’
382 1678 452 1749 ἢν
490 1675 673 1747 ὅμοιός
710 1692 795 1739 τις
825 1674 904 1747 τῷ
934 1674 1053 1746 Θεῷ
1086 1674 1471 1746 γεγενημένος,
1537 1676 1546 1726 l

1864 1672 2028 1741 sunt;
2056 1674 2234 1744 ipsum
2272 1689 2402 1731 vero
2433 1675 2573 1729 haud
2613 1672 2833 1729 alterius
2871 1674 3074 1742 gratia;
3105 1687 3224 1743 qua:
3247 1687 3340 1727 cu-

56 1790 156 1825 ται
184 1770 389 1825 αὐτόν.
418 1769 572 1823 Κατά
603 1768 657 1822 τί
688 1767 744 1821 δὲ
772 1767 1021 1838 βούλεται
1050 1766 1228 1821 καὶτὸ
1250 1765 1331 1833 τῷ
1353 1768 1531 1821 Δαϐὶδ

1850 1766 1947 1842 .vis_
1969 1767 2046 1821 rei
2079 1765 2342 1836 perfectio
2378 1776 2484 1821 est.
2520 1766 2593 1821 De
2616 1780 2723 1836 quo
2755 1770 2915 1821 etiam
2943 1764 3141 1820 Paulus
3172 1764 3340 1834 loqui-

58 1864 237 1935 ιξιδὴν,
258 1862 406 1917 ἀλλὰ
426 1861 499 1933 μὴ
520 1860 629 1916 τοῦ
651 1858 827 1915 Δαϐὶδ
841 1858 1281 1931 ἀναγεγράφθαι;
1306 1859 1473 1913 Φασὶν
1487 1876 1547 1912 το

1851 1874 1875 1911 ι.
1905 1856 2152 1914 Secundo
2177 1859 2297 1914 loco
2321 1858 2446 1913 finis
2477 1866 2583 1923 est,
2624 1873 2730 1928 quo
2756 1859 2879 1928 quis
2905 1858 3013 1911 Deo
3056 1857 3232 1935 factus
3264 1856 3341 1912 si-

58 1934 240 2024 τινες,
273 1955 388 2011 τοῦ
414 1955 589 2009 Δαόὶδ
610 1949 746 2008 εἶναι
770 1954 863 2007 τὸν
884 1954 1097 2024 ψαλμὸν
1122 1952 1155 2023 ἢ
1182 1950 1282 2022 τὴν
1305 1951 1467 2022 ᾠδὴν,
1497 1953 1548 2005 ὂτ

1846 1949 1941 2014 lis,
1979 1949 2152 2019 ipsum
2204 1948 2424 2005 videbit.
2469 1947 2580 2005 Cur
2617 1959 2794 2005 autem
2825 1950 3089 2004 canticum
3129 1934 3336 2010 Da’vidi.

64 2049 241 2112 αὐτὸς
349 2045 733 2117 προσενεγκὼν
782 2044 1189 2109 θεοπνευσθείς·
1248 2041 1330 2109 τῷ
1386 2042 1554 2097 Δαϐιδ

1852 2058 1880 2097 n
1912 2052 2091 2097 autem
2114 2042 2385 2098 canticum
2414 2042 2628 2098 Davidis
2653 2043 2998 2098 inscribitur?
3021 2042 3183 2097 Aiunt
3207 2055 3342 2095 non-

67 2136 218 2194 εἶναι
251 2141 357 2212 τὴν
383 2139 524 2211 ᾠδὴν
551 2138 586 2210 ἢ
624 2138 719 2192 τὸν
757 2136 991 2208 ψαλμὸν.
1044 2136 1196 2191 ὅτ’ἂν
1227 2138 1367 2210 πρὸς
1403 2136 1557 2192 αὑτὸν

1850 2132 1920 2199 lli,
1944 2132 2164 2189 Davidis
2192 2147 2313 2189 esse
2341 2132 2600 2203 psalmum
2631 2144 2721 2187 aut
2740 2136 3031 2200 canticum,
3055 2150 3176 2190 cum
3196 2133 3340 2205 ipse-

64 2227 356 2298 λεγόμινα
381 2225 658 2297 ἀναφοράν
690 2226 822 2299 ἑχῃσ
860 2225 1159 2296 συμπίπτει
1186 2226 1244 2281 δὲ
1280 2226 1541 2290 πολλάκις

1848 2236 1876 2281 τι
1926 2240 1956 2281 a
2004 2226 2113 2281 Deo
2143 2226 2437 2296 inspiratus
2487 2228 2717 2293 recitat;
2755 2225 2947 2283 Davidi
2981 2237 3159 2283 autem
3217 2242 3338 2283 esse

68 2320 270 2375 αὑτοῦ
303 2320 401 2373 καὶ
444 2318 607 2385 αὐτῷ
645 2315 784 2372 εἶναι
828 2318 890 2371 τὸ
938 2318 1433 2389 ἀπαγγελλόμενον,
1484 2319 1558 2373 ὅτ’

1848 2318 2033 2373 tticum
2066 2328 2157 2372 aut
2190 2316 2479 2388 psalmum,
2509 2332 2631 2375 cum
2655 2333 2717 2374 ea
2741 2334 2861 2389 qua:
2890 2319 3141 2374 dicuntur
3162 2318 3337 2389 ipsum

73 2409 250 2466 αὑτοῦ
297 2409 759 2481 διακονησαμένου
803 2409 881 2481 τῷ
929 2410 1209 2481 Πνεύματι
1244 2410 1315 2464 τὰ
1363 2409 1563 2464 ύποὸαλ

1851 2412 2061 2481 ιρίοἰιιιιι
2096 2410 2199 2479 (9).
2240 2408 2394 2480 Swpe
2440 2420 2618 2467 autem
2663 2410 2878 2478 accidit,
2918 2421 2975 2465 ut
3009 2421 3063 2466 et
3102 2412 3261 2480 ipsius
3285 2420 3341 2468 et

76 2524 221 2575 μενα
254 2506 349 2559 ὑπ’
378 2505 541 2560 αὑτοῦ
572 2503 892 2576 προελεχθῇ.
927 2500 1083 2568 Εἶτα,
1120 2504 1365 2568 δοθέντος
1402 2502 1495 2557 τοῦ
1524 2505 1566 2573 ψ

1852 2504 1870 2556 i
1901 2502 1992 2565 sit,
2035 2504 2185 2571 quod
2214 2502 2499 2568 recitatur;
2536 2516 2728 2571 nempe
2759 2516 2879 2557 cum
2922 2502 3089 2557 David
3118 2502 3340 2572 Spiritui

77 2596 186 2669 μοῦ
219 2598 333 2653 τινὶ
372 2598 483 2651 τῶν
526 2597 760 2667 ᾀδόντων
780 2636 796 2661 ,
849 2596 1171 2669 ἀπηγγέλθη
1220 2596 1287 2649 δι’
1324 2595 1545 2649 ἐκείνων

1849 2594 2158 2661 secundans,
2192 2610 2309 2664 qua:
2333 2594 2433 2649 sibi
2461 2594 2529 2649 ab
2559 2595 2662 2650 hoc
2687 2605 3046 2666 suggeruntur
3074 2596 3339 2653 vaticina-

74 2690 282 2745 Δαϐἱδ·
320 2689 597 2762 ὁποτέρως
625 2688 671 2743 δ’
713 2690 824 2760 ἔχει
856 2689 1089 2744 ’ἑκαστον
1121 2688 1229 2743 τῶν
1273 2691 1332 2743 ὲν
1362 2690 1481 2752 ταῖς
1526 2689 1564 2741 Γ

1849 2702 1899 2741 ἐ
1935 2685 2127 2741 deinde
2176 2685 2416 2756 psalmus
2464 2685 2623 2741 alicui
2686 2686 2895 2742 cantori
2930 2687 3107 2751 datur,
3153 2703 3185 2744 a
3228 2702 3339 2759 quo

80 2786 212 2854 φαῖς
243 2783 553 2855 κειμένων,
610 2782 772 2853 μόνου
804 2781 899 2837 τοῦ
932 2784 1072 2837 κατά
1116 2782 1249 2837 Θεὸν
1302 2782 1467 2852 σοφοῦ
1523 2784 1570 2835 εί

1850 2781 2004 2837 issim
2049 2779 2238 2835 Davidi
2280 2778 2561 2835 recitatur.
2596 2779 2874 2848 Quomodo
2923 2792 3103 2836 autem
3151 2796 3340 2851 reapse

79 2893 195 2931 ναι.
1764 2886 1827 2928 se
1878 2872 2134 2937 habeant,
2173 2885 2291 2941 quae
2323 2870 2377 2926 in
2439 2870 2611 2927 sacris
2660 2870 2844 2940 jacent
2890 2870 3203 2942 Scripturis,
3254 2872 3341 2927 ille

1768 2964 2162 3027 tantummodo,
2197 2960 2289 3030 qui
2319 2961 2611 3017 secundum
2638 2962 2804 3017 Deum
2833 2962 3049 3032 sapiens
3071 2971 3174 3027 est,
3197 2962 3341 3017 scire

1842 3055 1986 3109 terit.

158 3139 252 3191 Στ.
286 3137 352 3206 β’.
377 3133 641 3189 Πλατύνει
664 3134 722 3189 δὲ
746 3134 805 3188 ἐν
829 3134 1004 3207 θλίψει
1030 3138 1060 3190 ὀ
1086 3134 1239 3203 Θεὸς,
1266 3138 1326 3191 ού
1353 3139 1537 3193 παύων
1562 3142 1648 3211 τὴι

1851 3070 1986 3109 ιθιιι.
2278 3078 2283 3083 λ

1851 3146 2002 3203 Vsus.
2031 3146 2086 3202 2.
2126 3148 2326 3204 Dilatat
2371 3150 2425 3203 in
2474 3146 2820 3203 tribulatione
2869 3145 3030 3213 Deus,
3080 3160 3184 3201 non
3247 3161 3341 3202 ca-

88 3229 441 3301 περίστασιν,
471 3229 573 3281 οὐκ
615 3228 938 3300 ἀνατρέπων
973 3228 1100 3293 τοὺς
1147 3231 1473 3296 κακοῦντας,
1528 3232 1578 3286 ἁ]

1852 3241 2063 3295 ιίιειιοιιι
2104 3240 2326 3306 sedans,
2374 3251 2552 3309 neque
2597 3235 2872 3294 maleficos
2920 3239 3203 3300 cohibens.
3243 3242 3342 3296 sed

87 3321 347 3392 παρέχων
383 3320 789 3391 μεγαλοψυχίαν
811 3320 1074 3391 γενναίως
1102 3322 1290 3395 φέρειν
1314 3322 1383 3376 τά
1406 3340 1577 3395 περιση

1850 3331 2262 3400 κιιιιιιὶιιιίιειιειη
2308 3333 2554 3400 praebens
2600 3330 2814 3385 fortiter
2858 3330 3064 3385 ferendi
3119 3331 3340 3387 calami-

89 3416 251 3470 τικά·
285 3415 426 3469 κατὰ
461 3413 667 3485 ταύτην
703 3413 803 3487 τὴν
841 3414 1080 3468 διάνοιαν
1118 3415 1414 3469 ἀκουστέον
1455 3416 1551 3469 καὶ

1845 3437 1952 3476 em.
2010 3418 2120 3476 Hoc
2168 3434 2333 3475 sensu
2419 3418 2545 3473 illud
2615 3431 2830 3489 quoque
2894 3418 3335 3489 intelligendum:

97 3528 119 3561 ι
164 3507 361 3561 Πολλαὶ
388 3508 443 3561 αἱ
479 3506 687 3577 θλίψεις
712 3508 822 3560 τῶν
856 3506 1100 3571 δικαίων,
1129 3508 1222 3561 καὶ
1254 3509 1319 3562 ἐκ
1344 3508 1533 3562 πασῶν
1576 3527 1587 3562 ι

1850 3513 1993 3569 lulta:
2052 3512 2426 3567 tribulationcs
2455 3509 2725 3582 justorum
2748 3550 2762 3576 ,
2794 3521 2850 3565 et
2876 3527 2941 3566 ex
2968 3512 3054 3566 his
3092 3510 3340 3565 omnibus

92 3602 199 3655 τῶν
229 3602 449 3674 ῥύσεται
491 3602 721 3669 αὐτοὺς,
761 3620 780 3655 ι
813 3601 1092 3675 ὑπομονὴν
1124 3601 1507 3674 χαριζόμενοςο
1548 3604 1582 3657 ἐι

1846 3606 1956 3677 piet
2023 3604 2254 3671 003",»
2319 3604 2630 3672 patientiam
2704 3604 2912 3659 scilicet
2967 3604 3336 3673 suppeditans.

94 3699 140 3751 δ’
180 3698 268 3750 ὅτε
304 3698 395 3750 καὶ
432 3694 538 3761 ἔξω
583 3694 693 3749 τῶν
724 3695 1097 3767 περιστάσεων
1125 3700 1267 3750 ποιεῖ
1302 3696 1394 3749 τὸν
1434 3696 1584 3768 μεγαῖ

1851 3697 2099 3765 audoque
2172 3696 2335 3751 etiam
2398 3709 2430 3750 ο
2493 3694 2893 3750 calamitatibus
2932 3708 3122 3764 reapse
3174 3694 3338 3764 eripit

97 3793 278 3863 ψύχως
306 3791 443 3863 πρὸς
466 3789 567 3853 τὰς
595 3790 945 3861 περιστάσεις
976 3789 1197 3853 στάντα,
1227 3790 1303 3854 ὼς
1331 3790 1424 3843 τὸν
1466 3788 1587 3844 Ἰωσ

1849 3802 1907 3842 us
1939 3786 2144 3856 justum
2183 3785 2459 3840 hominem
2494 3782 2584 3854 qui
2618 3784 2720 3839 fuit
2752 3794 2939 3840 contra
2968 3784 3084 3839 illas
3109 3800 3339 3855 magna-

99 3887 303 3941 καὶτὸν
335 3884 476 3951 Ἰὼδ,
500 3882 638 3939 ἀλλά
663 3883 756 3936 καὶ
777 3882 937 3937 αὐτὸν
966 3882 1095 3955 περ)⁸
1126 3875 1188 3936 οὗ
1209 3882 1278 3937 τά
1304 3883 1589 3954 προκείμει

1848 3895 1963 3946 nus,
2001 3879 2165 3934 veluti
2198 3877 2492 3950 Josephum
2534 3894 2599 3935 ac
2625 3877 2848 3948 Jobum,
2877 3890 2933 3936 et
2966 3879 3112 3936 hunc
3136 3880 3202 3937 de
3228 3896 3338 3951 quo

1765 3988 1908 4027 nunc
1936 3986 2115 4028 sermo
2136 3982 2240 4029 851.

168 4064 256 4116 Στ.
289 4066 358 4130 γ’.
392 4060 511 4115 Υιοὶ
538 4060 863 4129 ἀνθρώπων
890 4046 1221 4133 περίφρασίς
1251 4062 1390 4125 ἐστι,
1423 4060 1499 4125 ὼς
1528 4060 1658 4132 παρ’

1850 4057 1998 4119 Vsus.
2036 4066 2091 4120 3.
2134 4064 2289 4121 «Filii
2328 4063 2602 4121 hominum
2628 4083 2648 4118 ι
2690 4065 3023 4136 periphrasis
3060 4074 3166 4131 est,
3194 4064 3340 4123 velut

106 4156 318 4226 Ἕλλησι
346 4153 427 4217 τὸ,
462 4149 593 4219 Υἶες
632 4151 1084 4224 Ἀχαιιῖινοίπολλά
1107 4153 1165 4208 δὲ
1188 4148 1412 4207 τοιαῦτα
1440 4153 1596 4225 φέρε-ε

1851 4159 1907 4210 ιιι
1953 4157 2217 4220 ethnicos,
2271 4158 2373 4225 ﬁlii
2433 4156 2766 4214 Aelurorum.
2811 4159 2974 4213 Multa
3033 4160 3341 4229 huiusmodi

105 4250 193 4302 καὶ
224 4250 282 4300 ὲν
322 4248 388 4317 τῇ
426 4246 648 4317 Γραφῇο
690 4239 766 4299 ὧν
798 4246 945 4299 ἐστιν
992 4246 1088 4299 καὶ
1131 4245 1225 4313 τὸ,
1264 4264 1283 4297 ι
1326 4246 1523 4318 Βροτὸς
1556 4262 1595 4314 γη

1849 4263 2001 4304 sacra
2026 4263 2243 4319 quoque
2282 4250 2559 4319 Scriptura
2592 4250 2877 4316 feruntur;
2921 4252 3104 4315 veluti,
3143 4271 3162 4305 ι
3192 4252 3338 4307 Mor-

104 4338 347 4410 γεννητὸς
377 4337 666 4406 γυναικόςσ
720 4356 739 4388 ι
783 4337 990 4401 καὶτὸ,
1031 4357 1049 4389 ι
1111 4338 1199 4391 Ἐν
1231 4340 1509 4409 γεννητοῖς
1560 4354 1594 4405 γ

1851 4342 1891 4396 is
1917 4352 2001 4407 est
2023 4341 2094 4407 ⁸¹,
2129 4346 2195 4397 de
2224 4341 2450 4397 muliere
2482 4354 2638 4398 natus
2658 4342 2725 4397 ³⁸.
2750 4363 2768 4397 ι
2808 4344 2940 4399 Item
2980 4362 2993 4397 :
3032 4364 3050 4397 ι
3072 4344 3215 4400 Inter
3244 4362 3341 4401 na-

109 4427 315 4491 ναικῶν,
362 4426 608 4480 Ἰωάννου
636 4427 810 4491 οὐδεὶς
843 4426 1043 4498 μείζων
1073 4428 1241 4481 ἐστίν.
1290 4447 1309 4480 ι
1346 4429 1459 4483 Καὶ
1503 4422 1599 4484 aia":

1875 4432 2177 4499 mulierum,
2208 4447 2368 4487 nemo
2402 4433 2573 4503 major
2605 4434 2812 4490 Joanne
2831 4435 2897 4488 “.
2926 4454 2945 4487 ι
2982 4434 3117 4490 Nam
3163 4447 3219 4492 et
3260 4440 3342 4493 hu:

108 4521 210 4593 γὰρ
233 4522 287 4574 αἱ
312 4520 482 4587 λέξεις
512 4520 631 4573 ἀντὶ
661 4518 757 4573 τοῦ
791 4538 811 4572 ι
849 4519 1126 4591 ἄνθρωποι
1172 4540 1191 4572 ι
1222 4520 1487 4593 εἴρηνται.

1765 4522 2060 4579 locutiones
2089 4523 2220 4579 nihil
2250 4533 2447 4594 praeter
2476 4544 2495 4577 ι
2524 4525 2771 4581 homines
2795 4544 2816 4577 ι
2850 4528 3053 4581 dicunt.

179 4613 245 4666 Ἢ
278 4611 336 4663 ού
359 4608 764 4681 θαυμαστοῦται
785 4610 813 4662 6
831 4608 977 4673 ὅσιος
999 4608 1091 4663 τοῦ
1113 4608 1248 4663 Θεοῦ
1274 4610 1351 4663 ὅτ’
1370 4609 1437 4663 ἂν
1457 4608 1665 4679 θλίψεις

1848 4615 1932 4671 Vel
1954 4631 2138 4671 nonne
2162 4616 2360 4688 dignus
2385 4617 2745 4673 admiratione
2772 4627 2854 4673 est
2876 4619 2958 4671 vir
2974 4618 3062 4673 Dei
3090 4626 3338 4681 sanctus,

111 4705 253 4775 φέρει
283 4702 690 4775 μεγαλοψύχως,
723 4702 985 4767 δοκούσας
1017 4703 1157 4773 ὑπὲρ
1187 4702 1473 4775 ἄνθρωπον
1500 4699 1601 4757 sive

1850 4721 1885 4760 ιι
1947 4705 2326 4762 tribulationes
2379 4722 2576 4776 magno
2636 4708 2821 4761 animo
2884 4706 3010 4770 fert,
3069 4723 3189 4775 qua:
3244 4724 3340 4762 su-

110 4796 237 4850 ἀλλὰ
264 4797 354 4848 καὶ
389 4794 466 4848 ὅτ’
504 4793 572 4849 ἂν
606 4794 1028 4865 ἐπικαλούμενος
1060 4794 1191 4849 Θεὸν
1224 4794 1541 4849 ὲπινεύοντα
1574 4812 1597 4849 ε

1850 4816 1858 4851 ι
1902 4797 2138 4853 hominis
2189 4797 2506 4865 patientiam
2538 4799 2832 4865 videntur;
2866 4801 3170 4868 prmscrtim
3213 4800 3340 4868 quia

112 4890 239 4951 θέως
266 4887 397 4959 ἔχῃς
437 4888 619 4959 "Amp
648 4887 825 4941 πάντα
873 4888 1113 4956 ἀγνοεῖὸ
1151 4886 1373 4958 βαρεῖαν
1413 4886 1602 4958 καρδία

1847 4904 1933 4943 um
1980 4888 2256 4957 invocans,
2292 4890 2437 4946 illico
2484 4890 2589 4946 sibi
2651 4900 2978 4946 annuentem
3019 4892 3335 4961 experitur?

108 4981 243 5033 τοῦτ’
278 4979 418 5034 ἔστιν
450 4980 638 5051 νόησιν
672 4981 812 5051 μετὰ
856 4980 1053 5044 κακίας
1096 4979 1254 5049 ἔχων.
1287 4981 1355 5032 Ἦ
1404 4980 1531 5049 περὶ
1568 4996 1597 5031 τ

1850 4996 1892 5033 ae
1934 4982 2114 5035 omnia
2148 4982 2360 5053 ignorat
2399 4983 2579 5051 gravis
2608 4982 2787 5037 cordis
2832 4981 3013 5048 homo,
3040 4982 3093 5038 id
3125 4991 3209 5038 est
3245 4985 3340 5055 qui

112 5072 329 5147 Χριστοῦ
354 5075 566 5145 εῐρηται
594 5072 733 5144 πρὸς
770 5071 1053 5135 Ἰουδαίους
1082 5072 1111 5124 ὁ
1136 5070 1313 5141 λόγος,
1349 5070 1438 5124 διὰ
1474 5071 1534 5124 τὸ
1567 5069 1597 5141 β

1855 5083 2002 5126 ntem
2049 5088 2270 5142 pravam
2317 5074 2500 5130 habet.
2535 5072 2654 5140 Vel,
2690 5074 2756 5130 de
2787 5073 3007 5131 Christo
3052 5089 3234 5130 sermo
3280 5075 3343 5130 ﬁt

117 5168 379 5241 ρυκάρδιον
402 5168 519 5222 σῦκ’
548 5166 629 5221 ἔτι
661 5165 797 5222 Θεοῦ
836 5165 952 5220 ἀλλ’
980 5162 1284 5236 ἀνθρώπων
1325 5162 1496 5227 υἱούς.
1540 5161 1607 5214 Ili

1874 5162 2108 5232 Judzeos,
2144 5175 2361 5235 propter
2398 5167 2578 5223 cordis
2648 5167 2900 5223 duritiam
2946 5166 3056 5236 jam
3093 5183 3199 5223 non
3246 5167 3338 5223 Dei

113 5263 211 5333 γὰρ
242 5260 333 5348 οὐκ
362 5258 783 5330 ὲθαυμάστωσεν
809 5260 868 5312 ὲν
906 5257 1056 5329 αύτῷ
1093 5256 1187 5310 καὶ
1216 5256 1284 5308 δι’
1325 5254 1491 5308 αὑτοῦ
1526 5254 1603 5306 πλ-

1851 5259 1854 5309 l
1890 5246 2165 5312 hominum
2207 5259 2366 5315 filios.
2412 5259 2606 5327 Quidni
2668 5260 2812 5315 enim
2856 5260 2909 5315 in
2960 5276 3021 5316 se
3050 5276 3254 5333 perque
3280 5277 3341 5315 se

182 5417 219 5448 “
247 5415 375 5471 Psal.
395 5430 492 5483 vn,
520 5416 611 5471 20.
688 5417 734 5448 “
757 5415 885 5487 Sap.
909 5431 1007 5480 vn,
1044 5414 1109 5481 l;
1140 5429 1227 5480 xv,
1262 5414 1350 5467 l7.
1449 5410 1495 5445 ³³
1520 5412 1621 5467 Job
1646 5431 1759 5481 xiv,
1786 5417 1835 5470 ι.
1950 5417 1995 5448 ³⁸
2023 5415 2153 5473 Luc.
2182 5418 2394 5483 vn,'28.

180 5567 249 5637 (9)
282 5566 525 5623 Canones
557 5564 1088 5645 grammaticiaiunt,
1113 5574 1173 5619 ut
1198 5564 1391 5634 cuique
1417 5565 1662 5621 hehrmo-
1774 5580 1879 5625 tam
1910 5567 2127 5626 Davidi:
2169 5572 2438 5640 significat
2460 5587 2620 5643 quam
2660 5574 2865 5631 Davidi.
2899 5576 3075 5632 Licuit
3102 5590 3229 5645 ergo
3256 5572 3340 5628 al-

117 5662 247 5733 philo
289 5670 466 5714 notum
524 5668 630 5725 est,
685 5658 969 5713 articulum
997 5640 1029 5717 5
1061 5666 1170 5711 tam
1217 5657 1456 5711 secundo
1498 5672 1659 5739 quam
1768 5670 2030 5716 terutrum
2056 5678 2188 5733 pure
2211 5640 2574 5733 interpretari.
2598 5665 2789 5721 Caneri
2821 5683 2950 5739 ergo
2981 5640 3189 5724 sensus
3205 5667 3337 5739 figu-

117 5755 258 5814 tertio
289 5755 434 5814 casui
476 5754 615 5827 apud
666 5753 920 5814 Hebraeos
950 5753 1231 5812 inservire.
1274 5753 1455 5824 Itaque
1475 5738 1601 5815 7115
1767 5765 1895 5809 ratae
1924 5753 2237 5825 altiorisque
2261 5768 2553 5826 exegeseos
2577 5768 2723 5813 sunt.
