3750 6352
410 277 543 331 1167

1648 349 1677 394 θ

1661 271 1893 328 DIDYMI
1931 262 2399 328 ALEXANDRlNl

3504 280 3621 337 “68

406 392 663 447 mirabilis
678 393 919 450 Christus
947 395 1034 460 sit,
1060 394 1340 464 completis
1361 392 1659 461 vaticiniis,
1679 403 1733 451 et
1755 403 1975 464 stupen-

2101 396 2264 459 ubo-ac
2292 396 2648 467 προφητείας,
2692 397 3007 469 παραδόξων
3033 397 3314 470 δυναμεων
3342 402 3624 470 γενομένων

407 484 492 537 dis
521 484 793 540 miraculis
820 502 917 555 per
957 486 1131 555 ipsum
1164 486 1414 554 patratis,
1448 496 1501 540 et
1536 488 1749 539 demum
1780 501 1971 541 antor-

409 577 513 630 tuis
542 578 864 647 resurgens?
892 577 1023 644 Quae
1055 592 1152 632 vos
1183 578 1511 648 agnoscetis,
1548 577 1592 631 si
1621 577 1821 631 omissa
1852 592 1974 632 cor-

406 667 489 720 dis
523 668 744 732 duritie,
772 668 1084 738 Scripturas
1116 669 1181 724 de
1228 669 1428 724 Sancto
1462 669 1742 739 loquentes
1767 679 1977 726 scruta-

407 759 614 814 bimini.
642 760 882 830 Namque
908 776 939 815 a
992 760 1148 816 vobis
1185 761 1550 816 scrutantibus
1584 760 1794 816 novitas
1822 760 1979 830 spiri-

402 859 494 904 tus
532 850 853 907 invenietur.

494 943 658 997 Vens.
692 943 933 999 5.<llanc
994 944 1261 1014 arripiens
1300 942 1627 999 iocationem
1669 944 1979 1015 Apostolus,

400 1049 538 1089 mox
568 1034 838 1103 subjecit:
879 1036 1009 1091 «Sol
1037 1052 1143 1091 non
1192 1037 1403 1091 occidat
1442 1051 1603 1108 super
1643 1038 1980 1093 iracundiam

411 1134 673 1191 vestram,
709 1136 764 1182 et
812 1142 880 1182 ne
926 1128 1066 1183 detis
1102 1128 1283 1183 locum
1322 1128 1539 1183 diabolo
1556 1129 1624 1182 ³⁸.
1648 1148 1675 1201 Ir
1709 1130 1812 1196 Qui
1845 1130 1984 1185 hanc

412 1215 691 1269 admiserit
741 1216 1091 1286 apostolicam
1146 1216 1605 1280 adhortationem,
1651 1214 1719 1270 ad
1767 1216 1984 1270 iracuno

415 1306 557 1360 diam
602 1316 908 1362 commotus
949 1322 1055 1361 non
1115 1315 1326 1376 peccat,
1368 1307 1493 1374 quia
1542 1305 1631 1359 ille
1674 1303 1852 1374 potius
1890 1305 1983 1375 qui

414 1392 549 1446 iram
596 1392 761 1460 fovet,
792 1394 954 1449 habet
995 1394 1143 1450 illam
1190 1405 1665 1464 perseverantem;
1693 1410 1854 1465 quem
1889 1395 1985 1450 iraa

392 1494 660 1541 ‘tenacem
710 1501 828 1542 mos
872 1496 956 1542 est
996 1486 1275 1557 appellari.
1325 1487 1624 1559 Conﬁrmat
1691 1488 1834 1543 hunc
1882 1488 1984 1544 loci

392 1590 652 1642 sensum,
671 1580 813 1647 quod
842 1593 967 1633 mox
997 1579 1370 1648 subsequitur,
1404 1594 1526 1634 nam
1559 1578 1719 1645 «Quae
1736 1579 1935 1643 dicitis,
1959 1598 1980 1632 ι

413 1667 608 1737 inquit,
644 1669 765 1725 irati
823 1670 1029 1725 scilicet
1062 1688 1080 1722 ι
1108 1673 1159 1724 in
1205 1670 1457 1725 cordibus
1509 1670 1719 1736 vestris,
1749 1672 1874 1727 r’de
1903 1670 1989 1726 bis

2079 483 2148 540 δι’
2174 486 2362 550 αὑτοῦ,
2391 486 2471 539 ἔτι
2494 487 2599 558 μὴν
2621 488 2715 540 καὶ¹
2734 488 3061 552 ἀναστάντος
3080 491 3144 543 ὲκ
3169 491 3383 561 νεκρῶν
3403 509 3418 556 ;
3443 493 3623 548 Tuba:-

2084 577 2178 631 σθε
2203 578 2260 630 δὲ
2288 578 2652 641 άποὸαλόντες
2680 579 2742 631 τὸ
2775 579 3137 650 βαρυκάρδιον
3154 622 3168 645 ,
3200 584 3295 635 καὶ
3325 584 3624 653 ἐρευνήσαν-

2080 686 2172 732 τες
2206 668 2307 732 τὰς
2336 669 2463 739 περὶ
2494 668 2588 721 τοῦ
2644 669 2820 722 Ὀσίου
2859 671 3097 741 Γραφάς.
3143 673 3499 743 Ἐρευνήσασι
3538 680 3624 749 γὰρ

2082 763 2231 832 ὑμῖν,
2263 762 2298 833 ὴ
2330 761 2583 833 καινότης
2604 761 2698 815 τοῦ
2724 762 3033 834 πνεύματος
3058 765 3440 836 εὑρεθήσεται.

2152 934 2243 988 Στ.
2270 939 2333 987 ε’.
2363 933 2579 1005 Ταύτην
2600 935 2699 1005 τήν
2725 934 2868 1001 λέξιν
2892 935 3221 1008 παραλαϐὼν
3247 939 3279 991 ὁ
3315 938 3624 1004 Ἀπόστολος,

2082 1025 2359 1095 ἐπήγαγεν
2385 1027 2523 1098 αὐτῇ
2541 1044 2555 1056 ·
2591 1044 2611 1078 ι
2656 1027 2715 1080 '0
2741 1029 2889 1097 ἥλιος
2914 1028 2989 1100 μὴ
3015 1030 3281 1083 ἐπιδυέτω
3312 1032 3406 1085 ἐπὶ
3428 1031 3499 1102 τῷ
3516 1052 3627 1104 παρ-

2081 1116 2330 1187 οργισμῷ
2358 1116 2529 1187 ὑμῶν,
2568 1117 2704 1188 μηδὲ
2732 1118 2900 1172 δίδοτε
2929 1121 3093 1173 τόπον
3119 1122 3195 1192 τῷ
3227 1122 3483 1192 διαϐόλῳ.
3521 1143 3539 1175 ι
3582 1126 3629 1178 '0

2084 1207 2285 1278 ταύτην
2321 1209 2751 1281 καταδεξάμενος
2783 1211 2884 1282 τὴν
2916 1212 3279 1284 άποστολικὴν
3324 1218 3624 1287 προτροπὴν,

2083 1298 2357 1369 ὀργισθεὶς
2384 1301 2482 1372 οὐχ
2511 1304 2851 1374 ἁμαρτάνει,
2899 1305 2991 1359 τοῦ
3023 1306 3142 1359 κατ’
3176 1307 3354 1377 ὀργὴν
3391 1308 3627 1378 διακειμέ-

2084 1410 2175 1446 νου
2207 1392 2464 1463 ἐπίμονον
2496 1395 2665 1466 αὐτὴν
2692 1396 2941 1466 ἔχοντος,
2977 1397 3036 1450 δν
3068 1399 3163 1451 καὶ
3193 1399 3499 1470 μηνιαστὴν
3539 1402 3625 1471 (l0)

2086 1482 2205 1547 ἔθος
2234 1484 2436 1539 καλεῖν.
2472 1486 2689 1539 Βεϐαιοί
2714 1486 2917 1557 ταύτην
2949 1487 3047 1559 τὴν
3075 1489 3262 1559 νόησιν
3293 1488 3360 1542 τὸ
3388 1490 3508 1560 ἑξῆς
3532 1495 3627 1545 ἐπι-

2087 1574 2384 1646 φερόμενον
2408 1592 2423 1607 ·
2461 1595 2480 1627 ι
2529 1578 2597 1630 ’Δ
2639 1576 2824 1647 λέγετε
2861 1598 2880 1632 ι
2918 1579 3049 1651 γὰρ,
3084 1582 3274 1652 φησὶν,
3322 1581 3629 1653 ὀργισθέντες

2085 1665 2347 1737 δηλονότι,
2393 1685 2412 1719 ι
2443 1668 2499 1722 ἐν
2526 1672 2645 1733 ταῖς
2674 1671 2921 1741 καρδίαις
2953 1672 3139 1742 ὑμῶν,
3175 1674 3274 1726 ἐπὶ
3306 1677 3429 1738 ταῖς
3457 1677 3628 1739 κοίτας

400 1778 439 1811 αι
465 1760 517 1813 in
535 1760 808 1817 cubilibus
835 1761 1259 1832 compttngimini
1282 1779 1297 1829 ;
1320 1780 1340 1813 ι
1374 1762 1445 1814 ita
1481 1772 1543 1815 ut
1575 1776 1767 1816 somno
1793 1776 1986 1831 exper-

2101 1755 2450 1827 ιιατανὺγητε,
2479 1777 2500 1809 ι
2533 1758 2673 1813 ὥστε
2702 1761 3031 1825 ἀναστάντες
3060 1762 3119 1829 ἐξ
3141 1763 3317 1817 ὕπνου
3349 1766 3508 1835 μηδὲν
3524 1771 3628 1838 πρᾶ-

416 1852 551 1907 recti
604 1851 737 1906 nihil
793 1867 981 1907 eorum
1033 1852 1205 1923 agatis
1229 1852 1313 1907 vel
1356 1853 1551 1908 dicatis
1582 1868 1705 1923 quae
1743 1852 1796 1908 in
1825 1854 1989 1910 corde

2101 1844 2179 1910 Ξαι
2202 1846 2238 1916 ἢ
2257 1847 2433 1901 εἰπεῖν
2457 1848 2566 1901 τῶν
2588 1849 2648 1902 ὲν
2670 1852 2737 1921 τῇ
2758 1850 2958 1923 καρδίᾳ
2991 1852 3051 1906 ὲν
3070 1854 3207 1925 ὀργῇ
3233 1854 3625 1927 διεσκεμμένιινι-

400 1958 514 2012 per
546 1943 681 1998 iram
710 1943 1073 1999 deliberastis.

490 2032 659 2091 Vens.
693 2034 747 2088 7.
779 2034 1074 2090 Possumus
1101 2035 1278 2090 lumen
1308 2034 1485 2090 vultus
1514 2035 1608 2091 Dei
1642 2036 1826 2091 dicere
1857 2036 1991 2106 ligu-

417 2139 536 2178 ram
586 2124 957 2181 substantiae”
994 2136 1049 2182 et
1088 2127 1377 2196 imaginem
1422 2127 1589 2197 ipsius
1612 2127 1702 2181 Dei
1740 2128 1987 2181 invisibi-

414 2217 488 2272 lis
510 2216 574 2270 ³⁷.
601 2216 753 2284 Quod
780 2216 960 2273 lumen
987 2217 1240 2289 deinceps
1264 2219 1531 2289 signatum
1558 2218 1656 2272 fuit
1682 2234 1846 2288 super
1868 2236 1985 2281 nos,

418 2309 486 2363 ad
519 2307 640 2378 ejus
662 2308 947 2378 imaginem
978 2307 1362 2367 conformatos.
1388 2308 1504 2365 Non
1535 2318 1617 2364 est
1637 2310 1988 2379 ignorantium

418 2399 684 2470 quosdam
718 2398 897 2468 legere
922 2400 1038 2455 sic:
1069 2401 1323 2467 «Quidam
1343 2402 1591 2456 ostendet
1620 2401 1772 2456 nobis
1796 2402 1985 2457 bona.»

418 2489 555 2544 Nam
606 2504 715 2544 non
766 2488 1086 2558 multorum,
1130 2492 1223 2545 sed
1264 2491 1427 2546 unius
1480 2501 1586 2554 est.
1636 2493 1774 2547 bona
1810 2502 1987 2549 osten-

419 2583 581 2648 dere;
626 2581 716 2636 hie
755 2592 935 2636 autem
980 2582 1288 2653 unigenitus
1326 2591 1409 2639 est
1443 2583 1612 2639 Filius
1656 2584 1772 2639 Dei.
1801 2584 1872 2639 lis
1902 2585 1991 2656 qui

418 2671 497 2727 ita
536 2670 865 2743 intelligunt,
899 2673 1226 2729 vocabulum
1257 2676 1375 2744 quis
1410 2675 1679 2747 (quidam)
1726 2677 1995 2748 signiﬁcat

420 2764 474 2818 id
500 2765 641 2834 quod
674 2752 892 2835 proprie
916 2765 1219 2835 appellatur
1247 2775 1397 2822 certa
1442 2766 1536 2821 tali
1563 2766 1829 2838 qualitate
1858 2783 1996 2836 pra:-

422 2854 615 2920 ditum,
644 2863 698 2910 et
750 2855 1110 2921 individuum,
1139 2866 1305 2924 atque
1334 2872 1437 2910 una
1483 2873 1709 2913 numero
1738 2859 1993 2913 substan-

424 2944 519 2998 tia.
555 2944 786 3000 Utuntur
812 2956 989 3002 autem
1020 2946 1123 3002 hoc
1152 2946 1463 3002 testimonio
1494 2966 1510 3003 :
1539 2966 1560 2999 ι
1588 2946 1759 3003 Homo
1777 2950 1997 3017 quidam

424 3036 622 3091 nobilis
648 3036 716 3091 ³⁸.
738 3057 757 3090 ι
799 3037 930 3103 Nam
960 3050 1015 3094 et
1042 3039 1145 3094 hoc
1186 3039 1305 3094 loco
1341 3041 1461 3109 quis
1506 3040 1766 3111 (quidam)
1796 3040 1997 3111 aliquid

427 3130 648 3184 denotat
671 3131 812 3199 quod
846 3130 1063 3200 proprie
1093 3131 1196 3186 tale
1227 3138 1329 3185 est.

496 3218 660 3275 Vsus.
697 3220 747 3274 8.
786 3220 1103 3289 Quanquam
1146 3220 1200 3275 hi
1228 3221 1479 3291 jucundis
1539 3222 1644 3277 sibi
1712 3222 1872 3277 rebus
1917 3219 1995 3275 vi-

426 3307 618 3363 dentur
662 3309 888 3378 expleri,
945 3318 1184 3363 attamen
1233 3324 1334 3380 ego
1367 3311 1622 3366 sarculum
1674 3321 1997 3382 exspectans

423 3401 663 3456 futurum
710 3412 975 3472 rectaeque
1026 3403 1153 3457 vitae
1212 3403 1540 3471 mercedem,
1590 3413 1743 3459 extra
1782 3420 1995 3459 omnem

424 3494 884 3564 perturbationem
912 3504 1133 3564 propter
1168 3510 1319 3564 spem
1362 3496 1709 3564 constitutus,
1766 3497 1819 3551 in
1860 3497 1998 3567 idip-

426 3601 545 3640 sum
581 3587 889 3640 recumbam
931 3595 986 3641 et
1038 3586 1378 3656 soporabor;
1411 3585 1822 3643 reclinationem
1851 3603 1999 3643 som-

426 3692 661 3746 numque
693 3677 875 3733 dicens
908 3691 975 3731 ex
1014 3676 1114 3732 hac
1160 3678 1267 3731 vita
1312 3677 1629 3733 discessum.
1676 3677 1795 3734 1am
1838 3694 2001 3735 causa

428 3779 669 3835 narrata,
701 3783 798 3822 cur
837 3768 1146 3823 recubuerit
1174 3778 1231 3823 et
1262 3768 1316 3823 in
1346 3783 1480 3839 pace
1512 3770 1851 3836 dormiverit,
1890 3780 2000 3827 sta-

433 3858 530 3912 tim
578 3857 765 3911 addit:
805 3856 1115 3923 rQuoniam
1177 3857 1230 3911 in
1278 3872 1413 3928 pace
1479 3857 1805 3916 constituisti
1846 3872 1996 3912 me.»

440 3946 649 4017 Quippe
691 3945 853 4001 etiam
895 3946 1035 4015 apud
1081 3944 1277 4002 Oseam
1329 3946 1526 4003 dicitur
1558 3946 1751 4002 animze
1776 3962 1843 4001 ex
1880 3962 2004 4016 per-

431 4053 565 4095 sona
604 4038 736 4093 Dei:
769 4057 787 4089 ι
818 4036 1152 4093 Constituam
1196 4046 1249 4093 te
1292 4040 1342 4092 in
1388 4039 1602 4107 pace".
1633 4057 1651 4091 ι
1700 4038 1852 4093 Facit
1903 4039 2004 4095 hoc

434 4140 613 4183 autem
649 4130 808 4193 Deus,
857 4130 1159 4183 futurorum
1209 4144 1357 4199 spem
1393 4130 1694 4184 divinorum
1740 4130 2002 4183 bonorum

437 4221 704 4275 exhibens
734 4220 1045 4275 constitutis
1072 4220 1139 4274 ab
1171 4234 1236 4275 eo
1269 4221 1321 4273 in
1357 4219 1711 4274 intellectuali
1739 4221 2003 4289 practica-

429 4326 537 4381 que
570 4310 794 4375 virtute,
826 4310 960 4366 etin
993 4310 1239 4366 veritatis
1280 4309 1626 4380 dogmatibus
1659 4318 1715 4366 et
1743 4311 2001 4366 ecclesia-

428 4402 583 4458 sticis
610 4400 838 4470 legibus.

2162 2021 2253 2075 Στ.
2298 2022 2363 2088 ζ’.
2398 2026 2633 2079 Δυνατὸν
2664 2027 2778 2096 φῶς
2802 2028 2897 2081 τοῦ
2927 2030 3222 2100 προσώπου
3252 2032 3352 2087 τοῦ
3378 2033 3504 2088 Θεοῦ
3522 2076 3535 2103 ,
3557 2038 3628 2090 τὸν

2090 2118 2417 2187 χαρακτῆρα
2457 2118 2556 2188 τῆς
2598 2119 2949 2182 ὑποστάσεως
2989 2122 3084 2175 καὶ
3126 2124 3318 2177 είκὸνα
3363 2126 3516 2179 αὑτοῦ
3555 2129 3628 2181 τοῦ

2092 2204 2323 2274 ἀοράτου
2385 2206 2520 2261 Θεοῦ
2565 2210 2755 2263 εἰπεῖν.
2792 2212 2969 2283 Ὅπερ
3001 2213 3117 2281 φῶς
3181 2216 3507 2271 ἀπεντεῦθεν
3532 2221 3626 2289 €07,-

2097 2294 2303 2365 μειώθη
2363 2297 2448 2366 ἐφ’
2504 2300 2652 2369 ἡμᾶς
2701 2304 3086 2371 μορφωθὲντας
3145 2308 3269 2358 κατ’
3322 2307 3496 2361 αὑτόν.
3542 2312 3629 2362 0'32

2094 2384 2395 2453 άγνωστέον
2428 2387 2503 2449 ὡς
2535 2389 2964 2458 ἀναγινώσκουσί
3005 2410 3149 2457 τινες
3174 2395 3237 2448 τὸ
3258 2438 3274 2461 ,
3323 2415 3343 2447 ι
3384 2398 3473 2461 Τίς
3502 2398 3627 2463 δείξει

2093 2475 2228 2545 ἡμῖν
2252 2476 2318 2530 τά
2343 2476 2543 2545 ἀγαθὰ,
2582 2498 2602 2531 ι
2631 2479 2822 2544 οὕτως.
2852 2481 2933 2535 Τὰ
2954 2483 3134 2552 ἀγαθά
3163 2486 3225 2539 οὑ
3262 2487 3470 2541 πολλῶν
3493 2490 3625 2547 ἐστιν.

2096 2567 2210 2620 ἀλλ’
2245 2569 2363 2633 ἑνός
2390 2572 2535 2625 ἐστιν
2561 2571 2729 2637 δεῖξαι
2751 2589 2765 2603 ο
2796 2567 2951 2638 οὗτος
2982 2575 3038 2629 δὲ
3058 2578 3086 2630 ό
3113 2581 3414 2650 μονογενής
3436 2582 3536 2635 ἐστι
3555 2582 3624 2636 τσῦ

2097 2659 2231 2713 Θεοῦ
2260 2661 2405 2726 Υἱός.
2434 2664 2507 2736 Ση
2516 2664 2697 2735 μαίνει
2717 2668 2827 2729 τοῖς
2847 2667 3017 2732 οὕτως
3037 2670 3443 2743 ὲκλαμόἀνουσι
3465 2676 3518 2727 τὸ
3541 2678 3623 2742 τίς.

2096 2751 2157 2804 τὸ
2191 2753 2586 2825 ὀνομαζόμενον
2624 2757 2769 2821 ἰδίως
2804 2758 2954 2813 ποιὸν
2986 2760 3021 2832 ἢ
3069 2762 3273 2834 ἄτομον
3308 2768 3400 2819 καὶ
3430 2767 3544 2837 μίαν
3568 2769 3624 2839 τῷ

2097 2844 2318 2916 ἀριθμῷ
2356 2848 2563 2902 οὐσίαν.
2610 2850 2959 2922 Συγχρῶνται
3013 2856 3304 2927 μαρτυρίῳ
3343 2858 3420 2922 τὸ,
3469 2878 3484 2911 ι
3532 2863 3625 2912 Ἀν-

2101 2932 2318 3005 θρωπος
2345 2935 2429 3000 τὶς
2457 2937 2684 3011 εὐγενής
2705 2956 2719 2971 ·
2771 2959 2791 2993 ι
2836 2942 2930 2996 καὶ
2968 2940 3199 2999 ἐνταῦθα
3224 2948 3339 3018 γὰρ
3368 2948 3427 3001 τὸ
3454 2949 3532 3016 τίς
3553 2950 3623 3021 61;-

2098 3023 2182 3078 λοῖ
2200 3026 2289 3080 τὸν
2321 3026 2466 3092 ἰδίως
2488 3030 2662 3086 ποιόν.

2170 3209 2261 3261 Στ.
2288 3215 2358 3282 η’.
2386 3210 2451 3263 Εἰ
2481 3209 2575 3263 καὶ
2597 3203 2742 3264 οὗτοι
2777 3210 2889 3266 ἀπὸ
2914 3211 3021 3266 τῶν
3058 3212 3231 3283 ήδὲων
3270 3215 3447 3277 αὑτοῖς
3481 3215 3624 3280 ἔδοξαν

2099 3300 2497 3372 πληθύνεσθαι,
2536 3301 2672 3357 άλλά
2720 3320 2785 3372 γε
2823 3302 2934 3372 ἐγὼ
2972 3306 3291 3376 προσδοκῶν
3332 3308 3490 3361 αἰῶνα
3530 3307 3625 3376 μέλε

2098 3393 2258 3447 λοντα
2289 3395 2383 3449 καὶ
2418 3394 2609 3466 μισθὸν
2655 3395 2823 3467 ὀρθῆς
2860 3396 3168 3465 πολιτείας,
3208 3399 3392 3470 πάσης
3426 3400 3620 3469 ταραχῆς

2100 3488 2256 3551 ἐκτὸς
2282 3487 2371 3541 διὰ
2397 3489 2496 3559 τὴν
2532 3489 2722 3543 ἐλπίδα
2749 3489 3007 3559 γεγονὼς,
3033 3491 3126 3544 ἐπὶ
3150 3491 3211 3544 τὸ
3238 3492 3374 3545 αὑτὸ
3409 3492 3623 3563 κοιμηθή·

2102 3593 2266 3645 σομαι
2297 3578 2392 3633 καὶ
2431 3578 2695 3634 ὑπνώσω’
2744 3581 2998 3652 κοίμησιν
3032 3583 3126 3635 καὶ
3172 3582 3342 3638 ὑπνον
3380 3584 3530 3653 λέγων
3552 3586 3621 3653 τὴν

2102 3669 2210 3723 ἀπὸ
2255 3669 2348 3723 τοῦ
2400 3669 2516 3740 βίου
2565 3670 2939 3745 ἀναχώρησιν’
2973 3675 3003 3727 ὁ
3031 3674 3320 3739 ἀποδιδοὺς
3361 3676 3453 3745 τὴν
3484 3676 3621 3727 αἰτίαν

2101 3758 2197 3812 τοῦ
2246 3760 2610 3833 κεκοιμῆσθαι
2655 3763 2747 3815 καὶ
2792 3764 3100 3818 ὑπνωκέναι
3146 3766 3204 3819 ἐν
3254 3768 3460 3838 εἰρήνῃ,
3500 3766 3619 3827 5W3;

2103 3851 2382 3921 ἐπήγαγεν
2401 3868 2415 3882 ·
2458 3869 2478 3904 ι
2520 3853 2641 3906 Ὅτι
2675 3854 2760 3907 ἐπ’
2787 3854 2965 3909 ἐλπίδι
2991 3856 3307 3928 κατῴκισάς
3332 3875 3415 3929 με.
3451 3878 3467 3909 ι
3493 3859 3617 3928 Εἴρη-

2102 3959 2188 3994 ται
2210 3941 2265 3994 δὲ
2288 3942 2382 3995 καὶ
2402 3942 2459 3995 ὲν
2491 3943 2650 4013 Ὠσηὲ
2671 3945 2803 4016 πρὸς
2831 3946 2929 4017 τὴν
2950 3948 3146 4019 ψυχὴν,
3169 3949 3235 4002 ὲκ
3261 3948 3528 4020 προσώπου
3548 3947 3617 3999 τώ

2103 4031 2261 4098 Θεοῦ,
2301 4051 2320 4085 ι
2372 4034 2648 4088 Κατοικιῶ
2700 4052 2759 4089 σε
2807 4038 2894 4090 ἐπ’
2929 4038 3123 4093 ἐλπίδι.
3162 4058 3182 4092 ι
3218 4041 3374 4093 Ποιεῖ
3409 4040 3461 4093 δὲ
3500 4038 3618 4092 τοῦτο

2103 4122 2257 4190 Θεὸς,
2318 4124 2507 4179 ἐλπίδα
2559 4126 2861 4198 μελλόντων
2912 4129 3070 4184 θείων
3108 4131 3332 4200 ἀγαθῶν
3378 4132 3617 4205 προτείνων

2104 4217 2214 4279 τοῖς
2261 4215 2721 4287 κατοικιζομένοις
2774 4219 2865 4272 ὑπ’
2910 4221 3073 4275 αὑτοῦ
3122 4224 3179 4276 ἐν
3216 4224 3509 4295 διανοητική
3550 4224 3617 4274 καὶ

2105 4309 2381 4381 πρακτικῇ
2433 4309 2623 4381 ἀρετῇ,
2670 4310 2764 4364 καὶ
2821 4311 2879 4366 ὲν
2933 4313 3196 4384 δόγμασιν
3244 4315 3519 4387 ἀληθείας,
3548 4316 3615 4367 καὶ

2105 4400 2327 4473 θεσμοῖς
2365 4402 2855 4474 ὲκκλησιαστικοῖς.

1824 4594 2144 4655 PSALMUS
2176 4598 2242 4655 V.

500 4767 662 4821 Vens.
720 4766 770 4819 1.
812 4763 880 4819 In
911 4765 1087 4833 ﬁnem.
1137 4764 1219 4821 Ob
1254 4764 1546 4834 gratiarum
1600 4762 1863 4817 actionem
1910 4760 2007 4833 hy-
2037 4797 2082 4851 Β

430 4875 589 4917 mnus
630 4859 862 4923 canitur,
901 4873 1004 4927 pro
1050 4859 1226 4913 anima
1255 4872 1348 4914 seu
1404 4856 1643 4912 Ecclesia
1671 4858 1737 4911 ad
1764 4857 1997 4910 divinam

432 4950 799 5007 bacreditatcm
823 4959 1031 5014 evecta,
1058 4963 1165 5004 non
1190 4946 1523 5005 materialem
1548 4948 1641 5003 sed
1672 4945 1992 5017 spiritalem.

429 5042 761 5098 Attolluntur
785 5042 927 5097 enim
970 5040 1066 5095 Dei
1092 5040 1298 5107 famuli,
1329 5040 1621 5096 secundum
1646 5037 1991 5109 Apostolum,

431 5134 495 5187 ad
559 5134 924 5188 htereditatem
974 5129 1458 5200 incorruptibilem,
1516 5128 1991 5185 incontaminatam

431 5235 487 5280 et
524 5224 1055 5289 immarcescibilem,
1110 5223 1165 5278 in
1191 5223 1345 5278 caelis
1389 5230 1761 5277 conservatam
1783 5219 1849 5273 "°.
1911 5221 1991 5274 Ad

432 5326 592 5381 quam
623 5310 877 5366 Servatur
914 5312 1166 5379 inVillllS,
1198 5312 1274 5366 ait
1301 5329 1313 5365 :
1346 5329 1365 5364 ι
1390 5311 1578 5366 Venite
1603 5309 1694 5380 qui
1724 5324 1753 5365 a
1786 5309 1992 5364 dextris

442 5403 580 5458 meis
606 5404 759 5473 estis,
787 5404 1052 5460 benedicti
1095 5421 1126 5459 a
1166 5403 1326 5460 Patre
1356 5418 1495 5469 meo,
1528 5402 1800 5471 possidete
1830 5418 1993 5473 para-

2178 4762 2271 4814 Στ.
2304 4768 2376 4816 α’.
2411 4762 2513 4828 Εἰς
2544 4767 2608 4816 τὸ
2657 4765 2851 4829 τέλος.
2894 4764 3258 4837 Χαριστήριος
3294 4766 3447 4836 ὕμνος
3470 4765 3609 4836 ᾅδεται

2105 4852 2244 4925 ὑπὲρ
2289 4853 2388 4924 τῆς
2416 4853 2825 4926 ἀναφερομένης
2863 4854 3039 4926 ψυχῆς
3076 4858 3193 4927 ήτοι
3249 4858 3607 4928 Ἐκκλησίαςεὶς

2103 4944 2256 4998 θείαν
2282 4944 2645 5017 κληρονομίαν
2674 4947 2773 4999 οὐκ
2801 4947 3083 5019 αἰσθητὴν,
3112 4949 3248 5002 ἀλλὰ
3292 4950 3497 5019 νοητήν·
3527 4949 3605 4998 εἰσ-

2102 5036 2323 5104 άγονται
2355 5036 2462 5108 γὰρ
2478 5039 2525 5090 οί
2542 5036 2631 5090 τὸν
2656 5038 2784 5091 Θεὸν
2811 5037 3201 5111 θεραπεύοντες
3230 5040 3365 5094 κατὰ
3381 5042 3460 5093 τὸν
3490 5038 3606 5090 Ἀπό-

2104 5126 2285 5180 στολον
2318 5127 2396 5190 είς
2427 5127 2788 5199 κληρονομίαν
2829 5129 3102 5200 ἄφθαρτον
3142 5133 3240 5185 καὶ
3278 5132 3510 5203 ἀμίαντον
3534 5128 3601 5181 καὶ

2102 5216 2409 5289 ἀμάραντον
2438 5218 2810 5291 τετηρημένην
2848 5222 2906 5273 ὲν
2935 5222 3210 5293 οὐρανοῖς·
3262 5224 3341 5287 είς
3380 5224 3439 5292 ἦν
3466 5218 3599 5274 καλῶν
3632 5250 3639 5263 λ

2100 5310 2129 5361 ὁ
2154 5309 2343 5381 Σωτὴρ
2386 5309 2519 5381 ἔφη’
2556 5328 2575 5361 ι
2607 5310 2769 5364 Δεῦτε
2809 5312 2857 5365 οί
2900 5312 2964 5365 ὲκ
2991 5311 3179 5378 δεξιῶν
3209 5331 3308 5384 μου
3351 5315 3397 5367 οἱ
3421 5311 3595 5378 εὑλογη-
3700 5364 3701 5369 η

2107 5401 2257 5472 μένοι
2304 5403 2396 5456 τοῦ
2445 5405 2654 5475 Πατρός
2704 5423 2826 5476 μου,
2875 5406 3313 5480 κληρονομήσατε
3359 5406 3446 5478 τήν
3486 5405 3596 5474 iml-
3700 5442 3701 5461 ι

2154 5647 2183 5656 ..ο

504 5585 548 5617 ³⁸
581 5584 775 5655 Ephes.
804 5599 879 5651 tv,
914 5582 1004 5651 26,
1026 5583 1115 5640 27.
1196 5586 1241 5617 ³⁸
1269 5582 1429 5640 Hebr.
1459 5597 1498 5647 ι,
1527 5583 1581 5636 5.
1666 5582 1707 5614 ³⁷
1730 5580 1935 5651 Coloss.
1964 5596 1989 5649 t1

2101 5622 2109 5636 .
2154 5582 2232 5656 ⁴³⁸
2262 5581 2389 5639 Luc.
2420 5599 2529 5652 τις,
2557 5585 2646 5642 12.
2676 5650 2686 5658 η
2727 5588 2771 5621 ³⁸
2797 5586 2916 5646 Ose.
2942 5604 3002 5656 tt,
3031 5589 3085 5645 5.
3126 5586 3257 5663 (4⁸⁸1,
3277 5587 3411 5648 Petr.
3443 5580 3540 5654 1,4.

504 5765 618 5836 (10)
656 5768 1030 5827 Animadverte
1068 5768 1383 5831 vocabulum
1416 5770 1740 5842 μηνιαστήςο
