3774 6310
29 380 93 436 59
1222 352 1592 439 exposmo
1621 381 1686 435 IN
1727 381 2057 440 PSALMOS.

3088 384 3243 443 “70‘

30 497 252 569 σμένην
284 498 435 568 ὑμῖν
472 497 770 567 βασιλείαψ
805 517 822 548 ι
847 499 913 569 ἢν
942 500 971 551 ὁ
998 500 1168 568 λέγων
1194 502 1453 573 ποθήσας,
1483 503 1564 555 εὑ-

1686 517 1780 555 ,um
1823 503 1973 558 vobis
2008 517 2228 571 regnum
2246 501 2364 568 ⁸¹·;›
2411 516 2519 571 quo
2606 501 2675 566 is,
2709 502 2800 571 qui
2843 500 2930 555 hic
2968 500 3222 571 loquitur,

29 608 45 641 θ
86 588 449 659 ἀναπέμπει
484 586 562 640 τῶ
592 588 971 657 εὐτρεπίσαντι
1000 590 1167 661 αὐτὴν
1192 592 1331 662 Θεῷ.

29 785 111 837 Et.
145 782 215 853 β’.
250 782 337 835 Τὸ
368 783 436 836 δὲ
473 784 773 847 ἐνωτισαι,
800 784 874 856 μὴ
898 785 1196 856 φερόμενον
1247 788 1304 849 ὲν
1335 790 1401 858 τῇ
1440 805 1566 842 συν-

30 877 129 945 εἱα,
163 876 229 927 ὲν
253 878 329 945 τῇ
366 876 577 946 Γραφῇ
603 878 778 928 κεῖται
806 877 1061 947 συνεχῶς,
1086 878 1279 949 δηλοῦν
1312 878 1372 932 τὸ
1394 882 1473 943 είς
1498 880 1569 935 τὰ

30 986 66 1021 α
90 967 365 1037 δέχεσθαι
393 968 502 1021 τὸν
523 968 789 1021 ἀκούοντα
809 969 935 1032 τοὺς
959 970 1460 1042 ἁπαγγελλομένους
1483 972 1571 1026 λό-
1620 1038 1621 1041 η

29 1080 80 1123 δς
101 1060 202 1114 τοῦ
232 1060 522 1129 λέγοντος
549 1061 766 1124 αὐτοὺς,
792 1059 882 1113 διὰ
903 1062 965 1114 τὸ
994 1063 1159 1130 ἐγγὺς
1190 1059 1326 1117 εἶναι
1346 1082 1359 1093 ·
1389 1064 1571 1134 σχέσει

30 1151 200 1219 ὲγγῦς
246 1151 303 1203 οἱ
339 1150 563 1204 δίκαιοι
591 1148 757 1203 Θεοῦ·
789 1150 912 1203 ὅθεν
946 1152 1130 1222 εὐχαῖς
1185 1153 1409 1207 δικαίων
1473 1157 1571 1208 ἑπ-

30 1242 177 1295 ούειν
219 1240 467 1312 εῐρηται
495 1242 525 1293 ὁ
558 1242 709 1309 Θεὸς,
736 1243 829 1295 καὶ
855 1242 935 1295 τάν
968 1237 1080 1296 ὦτα
1110 1242 1253 1313 ἔχειν
1288 1247 1366 1307 εἰς
1392 1245 1572 1315 δέησιν

30 1331 139 1383 τῶν
161 1347 178 1361 ⁶
214 1330 504 1401 βασιλεὺς
527 1331 572 1383 δ’
602 1332 717 1402 ἅμα
757 1333 848 1385 καὶ
867 1332 1193 1403 δημιουργὸς
1222 1336 1251 1387 ὁ
1276 1334 1410 1398 Θεὸς
1441 1353 1573 1404 τυγ-

30 1440 133 1486 vat,
176 1422 293 1476 τῶν
348 1422 434 1494 μὴ
493 1423 935 1479 διαπτασάντων
986 1428 1175 1495 χεῖρας
1219 1427 1396 1482 αὐτῶν
1436 1429 1574 1500 πρὸς

29 1516 79 1567 ὸν
103 1515 444 1587 ἀλλότριον,
492 1517 628 1587 μηδὲ
652 1516 1082 1588 βασιλευομένων
1108 1519 1227 1589 ,ὑπὸ
1258 1518 1358 1590 τῆς
1391 1521 1574 1591 ἀμαρ-

29 1625 101 1671 ις.

36 1699 123 1751 Στ.
151 1699 223 1754 δ’.
272 1699 458 1753 Κατὰ
518 1699 750 1771 θεωρίαν
810 1701 888 1763 δὲ,
929 1694 975 1769 ᾧ
1021 1704 1051 1755 ὁ
1090 1701 1191 1772 τῆς
1236 1702 1575 1775 δικαιοσύνης

30 1805 116 1850 tto;
161 1788 490 1901 ἀνέτειλετν,
527 1790 584 1842 ἐν
631 1791 771 1862 ἀρχῇ
812 1790 1010 1861 νοητῆς
1054 1791 1267 1862 ἡμέρας
1312 1792 1571 1861 γεγονὼς,
1601 1838 1647 1901 Β

29 1880 325 1950 ιριστήριον
369 1875 537 1934 αἶνον
578 1881 900 1951 προσφέρων
936 1880 1015 1951 τῷ
1064 1882 1221 1952 αἰτίῳ
1278 1880 1372 1935 τοῦ
1409 1900 1574 1951 φωτι-

30 1971 133 2037 ιοῦ,
172 1989 194 2025 ι
250 1972 332 2024 Τὸ
382 1971 563 2043 πρωῒ,
616 1992 634 2024 ι
682 1971 808 2042 ἔφη,
853 1989 873 2024 ι
923 1974 1215 2045 είσακούσῃ
1248 1974 1345 2044 τῆς
1392 1976 1573 2045 φωνῆς

30 2080 100 2114 ου.
144 2080 163 2113 ι
196 2062 322 2115 Τίνι
356 2063 482 2134 γάρ
527 2064 634 2117 ἔδει
678 2065 839 2134 χάριν
872 2063 1203 2134 ὁμολογῆσαι
1245 2065 1382 2137 ὑπὲρ
1426 2066 1577 2137 τηλι-

29 2153 171 2206 ούτου
191 2154 436 2223 ἀγαθοῦ,
466 2155 503 2225 ἦ
530 2156 632 2219 σοὶ,
656 2149 702 2208 ὦ
727 2156 989 2219 Δέσποτα,
1013 2156 1094 2226 τῷ
1116 2158 1454 2212 ἀνατείλαντί
1486 2176 1575 2230 μοι

30 2244 128 2308 ὡς,
161 2244 341 2298 αἴτιόν
393 2262 494 2315 μοι
549 2246 808 2317 μεγίστης
858 2246 1091 2317 Θεωρίας
1129 2247 1403 2320 ὑπάρχον;
1466 2250 1578 2303 Ἀεὶ

30 2332 112 2385 οῦν
140 2333 278 2404 έρως
308 2335 637 2405 εἰσέρχεται
659 2335 764 2407 πρὸ
789 2338 907 2399 ταῖς
932 2337 1273 2408 ύπαρξάσαις
1299 2338 1574 2411 θεωρίαις,

30 2426 82 2475 καὶ
112 2425 190 2479 ἔτι
221 2427 404 2480 θέλειν
432 2426 661 2497 βλέπειν
690 2428 758 2480 τὰ
795 2427 964 2499 κάλλη
1008 2430 1106 2499 τῆς
1128 2429 1401 2500 ἀληθείας.
1437 2433 1580 2503 Παρ-

30 2531 195 2569 παται
230 2516 396 2581 τοῦτο
450 2520 526 2569 ὲκ
570 2516 664 2569 τοῦ
720 2517 815 2570 καὶ
864 2519 1199 2588 ἐπόψομαν
1249 2520 1325 2583 ὡς
1366 2520 1477 2591 γὰρ
1515 2522 1579 2574 τὸ

30 2604 309 2675 κτέρχομαι
355 2608 791 2663 ἀκατάπαυστον
832 2610 1122 2681 πρόσωπον
1152 2611 1321 2683 δηλοῖ,
1352 2612 1494 2667 οῦτω
1520 2614 1582 2668 τὸ

30 2698 323 2767 ίπόψομαι,
422 2700 670 2770 συνεχῶς
753 2702 1185 2773 προστιθεμένην
1255 2706 1579 2776 κατανόησιν

29 2790 267 2855 ἐμφαίνει.
292 2794 424 2859 Πῶς
451 2796 569 2866 γὰρ
594 2796 695 2850 οὐκ
728 2797 815 2849 ἀεὶ
849 2796 1037 2866 βλέπει
1073 2800 1102 2851 ὁ
1128 2798 1462 2866 ἐπαγγελίας
1487 2817 1580 2853 τυο

29 2878 249 2952 ιὼντῆς,
282 2904 303 2935 ι
341 2887 551 2941 Ἔσται
581 2888 665 2941 σοὶ
696 2887 899 2959 Κύριος
929 2886 1045 2957 φῶς
1074 2887 1311 2953 αἰώνιον,
1344 2890 1438 2944 καὶ
1466 2890 1581 2960 φῶς

30 2968 223 3039 δικαίοις
255 2976 347 3031 διὰ
400 2980 639 3045 παντός;
696 2999 721 3033 ι
767 2980 921 3032 Ἐπεὶ
950 2980 1007 3033 δὲ
1049 2982 1143 3034 καὶ
1193 2982 1356 3054 ἑτέρα
1388 2983 1579 3054 Γραφὴ

30 3058 216 3130 ἔχουσα,
250 3087 269 3120 ι
304 3072 744 3143 Παραστήσομαί
780 3090 862 3126 σοι
892 3073 978 3125 ἐπ’
1008 3073 1128 3143 ὕψει
1162 3090 1263 3144 με’
1302 3092 1321 3127 ι
1354 3074 1490 3146 ὅπερ
1517 3075 1579 3128 οὐ

1671 593 1914 661 cupiens,
1965 609 2152 665 preces
2189 595 2400 650 extollit
2472 594 2539 649 ad
2598 594 2739 650 illius
2803 602 3218 665 pmparatorem

1668 682 1853 739 Deum.

1745 773 1902 831 Vens.
1939 777 1996 833 2.
2032 777 2257 833 Verbum
2312 777 2585 845 ὲνώτισαι,
2613 779 2753 849 quod
2803 778 3068 834 insuetum
3124 785 3228 843 est,

1673 876 1987 923 constanter
2037 870 2090 924 in
2136 869 2417 941 Scriptura
2466 885 2615 927 sacra
2654 872 2889 941 ponitur,
2921 870 3230 941 signiﬁcans

1669 959 1813 1029 quod
1852 959 1905 1014 in
1940 975 2124 1016 aurem
2159 964 2391 1033 excipiat
2430 965 2477 1019 is
2522 965 2617 1034 qui
2667 963 2817 1019 audit
2849 977 3124 1019 sermones
3163 963 3230 1016 ab

1670 1051 1851 1120 aliquo
1898 1052 2297 1121 pronuntiatos,
2332 1056 2417 1110 cui
2445 1056 2729 1125 proximus.
2758 1055 2875 1124 ipse
2911 1064 3014 1110 est.
3063 1053 3233 1108 Porro

1672 1155 1849 1199 autem
1872 1144 1981 1200 Deo
2016 1146 2250 1215 proximi
2281 1146 2473 1203 atl‘ectu
2503 1159 2630 1203 sunt
2661 1147 2787 1215 iusti
2832 1150 3093 1203 homines.
3124 1150 3233 1205 Un-

1673 1236 1742 1291 de
1784 1236 1865 1301 fit,
1895 1246 1957 1290 ut
1984 1236 2259 1305 iustorum
2296 1253 2486 1308 preces
2513 1240 2701 1295 audire
2746 1239 2956 1295 dicatur
2990 1242 3150 1306 Deus,
3180 1250 3235 1295 et

1672 1342 1829 1383 aures
1853 1330 2138 1398 postulatis
2169 1330 2384 1385 illorum
2412 1332 2677 1401 praebere.
2719 1332 2834 1385 Rex
2864 1343 3042 1387 autem
3075 1332 3234 1387 simul

1675 1428 1731 1474 et
1766 1430 1977 1475 creator
2021 1420 2163 1476 Deus
2192 1430 2278 1477 est
2324 1420 2559 1491 illorum,
2613 1422 2704 1493 qui
2755 1437 2945 1479 manus
3001 1437 3129 1479 suas
3165 1423 3234 1477 ad

1673 1510 1906 1565 alienum
1949 1511 2107 1566 deum
2156 1527 2262 1568 non
2299 1515 2616 1582 extendunt,
2667 1529 2843 1585 neque
2883 1516 2983 1572 sub
3021 1515 3234 1586 peccati

1673 1599 1913 1656 dominio
1934 1610 2084 1656 ειιιιι.

1750 1691 1913 1749 Vens.
1946 1694 2002 1747 ι.
2055 1694 2483 1764 Contemplativa
2524 1697 2735 1751 ratione
2790 1704 3005 1763 autem,
3050 1697 3097 1753 is
3148 1697 3237 1752 cui

1671 1780 1893 1849 iustitia:
1923 1783 2003 1838 sol
2027 1785 2290 1849 exoritur,
2314 1784 2467 1838 initio
2514 1786 2773 1854 spiritalis
2798 1788 2903 1843 diei
2949 1802 3235 1857 apparens,

1675 1874 1883 1929 laudem
1911 1875 2047 1943 grati
2068 1876 2232 1930 animi
2264 1890 2425 1931 causa
2467 1878 2704 1931 recitans
2738 1878 2953 1934 luminis
2993 1880 3235 1935 auctori:

1679 1982 1699 2017 ι
1722 1965 2148 2036 Μειιθ,›-ἰιι‹ιιιίι,
2180 1986 2202 2019 ι
2224 1969 2481 2023 exandies
2504 1983 2687 2022 vocem
2715 1984 2910 2024 meam.
2936 1969 3096 2024 rNam
3121 1972 3237 2024 cui-

1675 2074 1798 2113 nam
1826 2059 2054 2129 gratiam
2100 2057 2298 2116 habere
2335 2060 2470 2114 tanti
2500 2061 2623 2115 boni
2647 2070 2941 2129 oporteret,
2976 2062 3085 2116 nisi
3119 2064 3237 2127 tibi,
3272 2058 3275 2061 ’

1679 2150 1930 2216 Domine,
1957 2150 2047 2219 qui
2087 2149 2267 2205 lumen
2294 2152 2425 2205 mihi
2448 2152 2710 2217 extulisti,
2743 2153 2883 2221 quod
2908 2152 3038 2207 mihi
3064 2154 3234 2207 mari.

1676 2257 1777 2297 ma:
1813 2242 2225 2298 illu‘minationis
2255 2258 2418 2299 causa
2452 2245 2569 2299 est?
2609 2244 2833 2314 Semper
2873 2246 3053 2314 itaque
3080 2244 3236 2313 praeit

1677 2349 1832 2389 amor
1864 2335 2372 2401 illuminationibus,
2402 2346 2455 2391 et
2486 2337 2722 2405 pulchrae
2758 2338 3003 2394 veritatis
3037 2353 3239 2407 cogno-

1678 2424 1891 2479 scenda!
1933 2424 2201 2480 voluntas.
2252 2424 2365 2479 Hoc
2396 2426 2731 2481 demonstrat
2779 2427 2939 2480 etiam
2978 2428 3243 2481 vocabulo

1677 2514 1859 2571 videbo
1890 2530 1910 2569 :
1953 2530 2079 2570 nam
2140 2516 2281 2569 sicut
2336 2517 2552 2569 advenio
2615 2530 2899 2585 personam
2944 2517 3239 2586 inquietam

1681 2607 1937 2673 ostendit,
1988 2608 2060 2661 ita
2107 2609 2291 2663 videbo
2315 2617 2575 2677 perpetuo
2616 2609 2878 2663 intentam
2910 2614 3240 2680 contempla-

1690 2700 1890 2755 tionem
1918 2699 2177 2754 ostendit.
2230 2698 2422 2766 Quidni
2476 2701 2615 2755 eaim
2668 2715 2880 2770 semper
2932 2702 3097 2767 videt,
3150 2702 3265 2772 qui»

1679 2792 2090 2863 promissionem
2116 2794 2345 2848 meruit:
2372 2811 2391 2857 ς
2420 2792 2537 2848 Erit
2560 2793 2652 2847 tibi
2688 2793 2829 2849 Deus
2875 2793 3053 2848 lumen
3079 2805 3240 2850 aeter-
3288 2862 3291 2863 ν

1681 2900 1831 2951 num,
1864 2894 1917 2940 et
1942 2884 2033 2940 lux
2054 2884 2218 2954 justis
2257 2885 2311 2940 in
2357 2885 2712 2954 perpetuum?
2740 2905 2760 2939 ι
2791 2885 3036 2956 Namque
3061 2897 3115 2941 et
3139 2887 3245 2942 alia

1683 2976 1957 3046 Scriptura
1981 2977 2254 3033 occurrit:
2280 2994 2300 3028 ι
2321 2975 2599 3033 Exhibebo
2634 2991 2719 3034 me
2738 2979 3048 3049 conspectui
3079 2987 3190 3033 t‘uo.
3220 2998 3253 3030 »μ

1682 3070 1835 3137 Quod
1861 3084 1966 3125 non
2003 3071 2226 3125 cuilibet
2264 3070 2389 3126 licet
2416 3071 2619 3137 dicere,
2653 3071 2747 3128 sed
2782 3073 2961 3142 magni
3003 3070 3132 3127 Elia:
3174 3072 3249 3126 si-

34 3156 207 3245 τῳτὸς
242 3158 446 3229 λέγειν,
479 3162 622 3216 ἀλλά
646 3162 753 3217 τῶν
782 3163 924 3217 κατά
948 3163 1039 3217 τὸν
1071 3163 1240 3234 μέγαν
1280 3164 1466 3219 Ἠλίαν
1493 3164 1579 3219 διά

1686 3161 1925 3227 milibus,
1954 3162 2047 3230 qui
2082 3162 2151 3215 ob
2185 3162 2309 3216 vitae
2352 3176 2464 3217 suae
2506 3171 2641 3217 acta:
2671 3161 2918 3217 ﬁduciam
2940 3164 3135 3218 audent
3168 3164 3248 3216 di-

34 3243 113 3313 τὴν
134 3246 232 3302 ἀπὸ
252 3252 349 3323 τῆς
374 3254 657 3318 πολιτείας
680 3255 994 3327 παρρησίαν
1016 3255 1192 3323 λέγειν
1216 3255 1581 3327 θαρῤούπωνο

46 3351 61 3383 ι
99 3340 162 3410 Ζῇ
189 3342 384 3415 Κύριος
410 3341 457 3415 ᾧ
492 3347 773 3418 παρέστην
805 3344 1033 3401 ἐνώπιον
1063 3346 1227 3401 αὐτοῦ
1264 3349 1522 3419 σήμερον.
1559 3369 1580 3401 ι

97 3432 174 3485 Στ.
202 3442 271 3499 ς’.
298 3438 506 3491 Τούτου
532 3437 764 3508 ἀληθοῦς
788 3437 961 3502 ὄντος,
988 3437 1088 3491 οὐκ
1108 3437 1254 3491 ἔστιν
1275 3440 1340 3492 ἐκ
1362 3438 1497 3492 Θεοῦ
1524 3439 1591 3493 τὸ

48 3529 184 3580 κακὸν
234 3530 370 3583 κατὰ
418 3532 552 3594 τοὺς
603 3530 858 3599 λέγοντας
913 3531 1276 3585 ἐνυπόστατον
1332 3531 1431 3603 τὴν
1487 3550 1586 3585 κα-

49 3620 279 3690 κξινῌί).
308 3624 400 3676 Ἐκ
423 3624 694 3693 στόματος
715 3621 824 3693 γὰρ
854 3622 1105 3693 Ὑψίστου
1127 3623 1227 3676 οὐκ
1248 3624 1587 3690 ἐξελεύσεται

53 3709 101 3761 τὺ
124 3714 269 3766 κακὸν
307 3717 401 3769 καὶ
432 3716 496 3769 τὸ
535 3714 759 3784 ἀγαθὸν,
800 3715 1121 3786 βουλομένου
1163 3716 1323 3785 μόνον
1356 3711 1495 3769 εῖναι
1524 3716 1585 3769 τὸ

56 3797 239 3863 ἀγαθόν.
289 3798 361 3858 υἷι
408 3804 599 3867 ὄντος,
633 3804 735 3857 ούκ
778 3802 844 3857 ἂν
884 3803 941 3856 ἕν
974 3820 1080 3857 τινι
1122 3803 1351 3874 συσταίη
1394 3804 1585 3861 κακόν.

71 3889 314 3947 ’Ᾱπῶλυσι
341 3897 396 3949 δὲ
422 3899 551 3960 τοὺς
584 3895 842 3965 ψεύστας,
880 3894 1001 3947 καθ’
1030 3895 1059 3947 ὃ
1080 3893 1328 3963 ψεῦσται,
1360 3897 1439 3958 είς
1467 3896 1587 3948 ὲπί-

63 3993 223 4043 γιωσιν
245 3986 510 4055 ἀληθείας.
552 3986 773 4039 Πάντων
799 3986 856 4039 δὲ
891 3986 1000 4038 τῶν
1028 3985 1333 4039 λαλούντων
1364 3987 1425 4039 τὸ
1451 3986 1585 4056 ψεῦ-

64 4065 131 4129 δος
151 4072 239 4125 ὑπὸ
260 4076 387 4129 Θεοῦ
410 4077 821 4149 ἀπολλυμένων,
852 4064 1152 4131 ἀπόλλυταί
1173 4079 1425 4142 κάκεῖνος
1456 4081 1586 4150 περὶ

69 4152 114 4211 οὗ
143 4163 354 4236 εἴρηται·
388 4188 408 4222 ι
444 4171 615 4224 Ὅταν
659 4168 793 4240 λαλῇ
833 4169 895 4222 τὸ
934 4168 1153 4239 ψεῦδος,
1190 4171 1257 4223 ὲκ
1296 4170 1404 4223 τῶν
1440 4170 1585 4225 ἰδίων

69 4246 211 4303 λαλεῖ·
240 4275 257 4307 ι
292 4261 407 4313 εἰδὲ
426 4262 609 4325 τοῦτο,
639 4262 739 4314 οὐκ
767 4260 913 4313 ἔστιν
933 4261 1051 4314 κατ’
1080 4260 1269 4314 οὐσίαν
1300 4262 1498 4325 κακός·
1521 4262 1584 4315 οὐ

75 4339 157 4410 γὰρ
182 4343 280 4413 ἅμα
301 4350 356 4402 τὸ
382 4352 635 4420 γενέσθαι
668 4351 762 4405 καὶ
791 4352 871 4414 είς
900 4351 1195 4405 ὑπόστασιν
1222 4352 1392 4405 ἐλθεῖν
1412 4366 1425 4380 ’
1450 4352 1587 4408 ἀλλὰ

78 4432 186 4495 μετὰ
222 4439 376 4493 ταῦτα
420 4443 675 4514 τραπεὶς,
718 4443 891 4513 ἀρχὴν
929 4441 1026 4495 τοῦ
1064 4443 1246 4498 λαλεῖν
1289 4444 1351 4497 τὸ
1390 4440 1586 4514 ψεῦδος

1683 3266 1847 3309 cere:
1886 3272 1904 3305 ι
1936 3252 2079 3308 Vivit
2109 3254 2388 3320 Dominus,
2435 3255 2490 3309 in
2529 3253 2684 3326 cujus
2742 3264 3035 3325 conspectu
3086 3256 3252 3311 hodie

1683 3356 1767 3399 sto
1783 3345 1849 3398 ‘9.
1880 3362 1900 3397 ι

1755 3433 1918 3491 Vens.
1966 3435 2021 3491 6.
2060 3435 2211 3503 Quod
2255 3449 2443 3491 verum
2497 3450 2617 3491 cum
2668 3436 2759 3504 sit,
2795 3450 2901 3492 non
2948 3447 3035 3493 est
3077 3451 3106 3490 a
3142 3436 3253 3492 Deo

1687 3526 1887 3581 malum
1916 3537 1976 3581 ut
1999 3527 2215 3582 illorum
2244 3526 2430 3595 opinio
2466 3538 2567 3592 est,
2592 3528 2680 3596 qui
2727 3527 3111 3583 substantivam
3136 3543 3249 3583 ma-

1686 3618 1858 3673 litiam
1882 3633 2003 3673 esse
2025 3619 2233 3672 dicunt.
2262 3617 2396 3672 Nam
2427 3633 2492 3673 ex
2526 3633 2621 3673 ore
2653 3618 2914 3672 Altissiml
2945 3624 3059 3673 non
3082 3620 3252 3675 exibit

1686 3710 1885 3764 malum
1908 3720 1963 3764 et
1988 3710 2208 3772 bonum,
2234 3708 2463 3764 volentis
2488 3710 2857 3765 tantummodo
2881 3726 2999 3767 esse
3028 3712 3246 3768 bonum.

1688 3800 1841 3866 Quod
1868 3815 1989 3855 cum
2013 3802 2085 3856 ita
2114 3815 2174 3856 se
2206 3802 2420 3864 habeat,
2448 3802 2648 3856 nemini
2680 3804 3024 3873 congenitum
3050 3804 3249 3857 malum

1686 3900 1791 3945 est.
1820 3890 2003 3946 Perdit
2049 3900 2227 3947 autem
2287 3894 2596 3958 mendaces,
2638 3902 2904 3961 quatenus
2963 3896 3250 3948 mendaces

1689 3990 1837 4046 sunt,
1870 3990 1929 4035 ut
1974 3991 2332 4053 cognoscatur
2363 3982 2584 4039 veritas.
2628 3982 2746 4037 Jam
2778 3998 2898 4037 cum
2931 3999 3122 4039 omnes
3156 3985 3249 4053 qui

1685 4071 1977 4142 loquuntur
2014 4074 2373 4141 mendacium,
2408 4088 2439 4127 a
2467 4073 2575 4129 Deo
2601 4075 2921 4143 perdantur,
2964 4076 3010 4131 is
3037 4091 3253 4145 quoque

1687 4166 1905 4234 peribit,
1957 4167 2025 4221 de
2070 4181 2179 4238 quo
2213 4167 2417 4222 dictum
2443 4175 2527 4222 est
2562 4184 2576 4222 :
2610 4187 2629 4220 ι
2656 4168 2790 4222 Cum
2819 4168 3069 4237 loquetur
3102 4186 3253 4223 men-

1686 4263 1921 4325 dacium,
1953 4263 2019 4315 de
2059 4275 2157 4315 suo
2200 4259 2448 4330 loquetur
2467 4259 2514 4291 “
2548 4278 2563 4313 :
2603 4278 2631 4312 »ν
2656 4259 2799 4329 quod
2827 4259 2872 4315 si
2901 4260 2973 4314 ita
3001 4270 3103 4325 est,
3145 4277 3269 4316 non.

1685 4363 1768 4411 est
1805 4353 2237 4409 substantialiter
2284 4352 2479 4408 malus.
2520 4352 2579 4407 1d
2632 4353 3037 4408 demonstratur
3070 4369 3132 4408 ex
3169 4355 3254 4409 his

1688 4458 1807 4513 qua:
1829 4444 1898 4499 de
1926 4443 2017 4498 illo
2056 4451 2182 4499 sunt
2220 4436 2416 4513 seript'a
2445 4461 2458 4498 :
2486 4442 2596 4497 «ιη
2648 4446 2875 4499 veritate
2928 4462 3032 4500 non
3080 4448 3250 4509 stetit,

82 4518 220 4589 εσκεν,
246 4529 470 4603 ἐσχηκὼς
504 4536 636 4589 ποτὲ
674 4538 732 4588 ὲν
755 4535 984 4606 ἀληθείᾳ
1028 4531 1186 4590 εἶναι.
1226 4537 1490 4608 Δηλοῦται
1526 4538 1579 4591 δὲ

1688 4537 1813 4608 quia
1842 4538 2043 4590 veritas
2074 4536 2126 4589 in
2158 4550 2223 4591 eo
2265 4551 2370 4590 non
2401 4546 2484 4590 est
2503 4535 2571 4589 “.
2591 4553 2613 4587 ι
2646 4534 2777 4589 Nam
2814 4536 2905 4606 qui
2955 4538 3251 4605 reprelien-

80 4613 203 4669 τοῦτο
222 4621 275 4673 ὲκ
300 4625 411 4708 τῶνκ
423 4628 566 4681 οὕτω
610 4627 738 4698 περὶ
763 4628 928 4680 αὑτοῦ
960 4629 1361 4699 γεγραμμένων
1385 4646 1399 4660 ·
1434 4647 1453 4681 ι
1495 4630 1584 4684 Ἐν

171 4708 361 4803 ξληθείᾳ
392 4705 492 4791 ὀὐχ
534 4719 785 4790 ἕστηκεν,
814 4721 896 4773 ὅτι
943 4720 1171 4791 ἀλήθεια
1210 4720 1311 4774 οὐκ
1342 4721 1487 4775 ἔστιν
1526 4723 1584 4775 ὲν

89 4801 225 4883 ιυτῳο
251 4818 267 4849 ι
283 4802 309 4853 ὁ
326 4804 423 4876 γὰρ
446 4806 644 4877 ψεκτὸς
670 4807 745 4861 ὼν
762 4808 850 4862 διὰ
874 4809 935 4861 τὸ
961 4810 1041 4880 μὴ
1061 4809 1306 4876 ἑστάναι,
1334 4811 1583 4883 φανερῶς

92 4874 200 4974 fc?“
226 4874 474 4963 πειραθεὶς
510 4899 714 4953 τούτων
747 4901 856 4955 τῶν
902 4874 1213 4958 διαθέσεων.
1258 4874 1488 4974 Κριτέον

93 4964 139 5018 ἐκ
159 4978 415 5051 προθέσεως
439 4992 551 5045 ἀλλ’
576 4993 677 5046 οὒκ
708 4995 771 5045 ὲκ
803 4991 970 5063 μόνης
999 4994 1181 5064 φωνῆς
1206 4994 1297 5048 τὸν
1314 4964 1585 5065 ’ψευδόμε-

94 5065 274 5156 κννιῖνα
308 5076 373 5146 μὴ
408 5074 538 5135 ὦσιν
582 5082 686 5135 ὑπὸ
728 5082 826 5153 τὴν
863 5083 1093 5153 ἀπειλὴν
1133 5085 1182 5137 οἱ
1224 5086 1582 5156 οἰκονομικῶς

100 5149 194 5247 {me
215 5158 344 5216 τοῦτο
378 5172 749 5243 πεποιηκότες,
785 5149 865 5235 ’ὡς
911 5149 1099 5228 Ῥαάίὶ-
1142 5175 1288 5240 ἔδοξε
1315 5149 1423 5247 γάῥ
1450 5176 1582 5246 φεύ-

100 5230 237 5339 ξεξθαι
271 5256 387 5324 πρὸς
428 5267 548 5329 τοὺς
585 5265 984 5335 ἀναζητοῦντας
1025 5268 1116 5320 ἐπὶ
1157 5267 1232 5338 τῷ
1266 5270 1582 5325 ἀποκτεῖναι

210 5350 536 5433 “Summo;
566 5356 803 5425 ἀγαθοὺς
823 5355 1019 5428 ἄνδρας
1040 5336 1230 5420 ὄντας)
1255 5360 1360 5414 ὑπὸ
1407 5361 1580 5433 ’ῖησοὗ

107 5408 288 5522 ἷξρῆξοῦ
325 5432 450 5493 Navi
483 5408 1213 5507 ἀποσταλέντες,ιὲιταινετοὶ

113 5504 342 5583 ’ωθέσεως
378 5529 465 5599 τῆς
500 5534 785 5609 ἀνθρώπου
817 5504 953 5588 πολὺ
985 5537 1046 5589 τὸ
1095 5504 1380 5597 σπουδάῖον
1399 5504 1580 5615 νὲχούί

1688 4628 1860 4684 sibilis
1895 4636 1980 4682 est
2018 4626 2144 4695 quia
2188 4641 2293 4680 non
2329 4628 2501 4688 stetit,
2534 4625 2821 4680 manifeste
2852 4626 2936 4680 his
2985 4627 3255 4695 passioni-

1688 4723 1789 4775 bus
1818 4719 2085 4774 obnoxius
2112 4717 2231 4773 fuit.
2269 4715 2652 4771 Verumtamen
2685 4716 3022 4771 mendacium
3044 4733 3108 4771 ex
3138 4717 3255 4769 ani-

1691 4811 1764 4865 mi
1793 4810 2068 4879 proposito
2120 4822 2224 4861 non
2261 4822 2329 4860 ex
2362 4806 2474 4860 sola
2514 4821 2644 4861 voce
2667 4804 3016 4873 iudicandum
3041 4816 3155 4869 est;
3188 4819 3255 4857 ne

1689 4904 1789 4958 sub
1839 4904 1977 4955 hanc
2012 4900 2420 4969 imputationem
2452 4898 2648 4953 cadant
2678 4898 2714 4951 ii
2748 4897 2838 4966 qui
2873 4898 3133 4965 prudente
3166 4896 3254 4949 ali-

1690 5010 1799 5064 quo
1833 4994 2057 5049 consilio
2110 4993 2163 5047 id
2219 4991 2671 5061 egerunt:veluti
2730 4989 2939 5055 Rahab,
2986 5006 3105 5061 qum
3139 4991 3253 5044 visa

1691 5095 1775 5141 est
1792 5086 2008 5141 mentiri
2029 5084 2169 5154 apud
2195 5094 2497 5153 quaerentes
2525 5083 2831 5138 interficere
2859 5081 3251 5152 exploratores,

1692 5180 1861 5233 bonos
1898 5178 2132 5243 viros";
2170 5179 2261 5246 qui
2296 5193 2324 5230 a
2359 5174 2485 5230 Jesu
2532 5176 2663 5230 Navi
2716 5174 2826 5229 lilio
2857 5173 3031 5238 missi,
3066 5172 3251 5227 lauda-

1690 5271 1829 5327 biles
1852 5280 2031 5324 erant.
2086 5270 2218 5323 Cum
2255 5268 2413 5338 hujus
2466 5269 2681 5324 feminae
2728 5268 3061 5338 propositum
3103 5266 3255 5319 valde

1693 5372 1838 5416 esset
1888 5362 2196 5425 honestum,
2232 5376 2336 5414 non
2372 5369 2458 5415 est
2489 5367 2910 5416 consentaneum
2952 5368 3008 5413 ut
3047 5373 3109 5413 ea
3145 5357 3253 5411 cul-

1692 5454 1902 5509 locetur
1931 5456 2072 5509 inter
2098 5454 2354 5523 perditos,
2386 5453 2470 5509 vel
2494 5455 2634 5510 inter
2659 5468 2755 5508 eos
2789 5453 2881 5521 qui
2914 5450 3263 5507 mendacium

1691 5544 1999 5615 loquuntur.
2037 5544 2209 5599 Sicuti
2244 5559 2312 5600 ne
2356 5544 2475 5601 ideo
2505 5545 2719 5616 quidem
2756 5544 2880 5615 quia
2914 5542 3106 5613 aliquis
3152 5540 3266 5595 bo.
3314 5582 3317 5585 ς

163 5658 366 5734 “Matth.
391 5700 504 5759 xxv,
527 5692 617 5747 31.
696 5692 742 5726 "
775 5692 840 5748 ΙΙΙ
870 5694 1002 5767 Reg.
1028 5711 1160 5764 xvn,
1188 5699 1241 5752 1.
1318 5699 1364 5730 ⁸³
1396 5698 1549 5757 Joan.

1690 5745 1706 5772 ,
1739 5702 1829 5758 44.
1916 5701 2119 5757 “ibid.
2198 5702 2244 5734 “
2268 5700 2380 5758 Jos.
2408 5718 2470 5768 ιι,
2498 5703 2556 5757 5.

167 5790 251 5862 ml
272 5804 590 5884 Κεειπιξιιιιιιιιὶι
614 5824 953 5897 Μειιίειιωοε,
986 5831 1244 5888 adversus
1267 5847 1402 5904 quos
1422 5842 1600 5891 exstat
1639 5835 1906 5905 peculiare
1939 5834 2150 5908 Didymi
2175 5834 2340 5892 nostri
2374 5849 2537 5905 opus.
